unnamed_0,id,project_code,pq,po_so,asn_dn,country,managed_by,fulfill_via,vendor_inco_term,shipment_mode,pq_first_sent_to_client_date,po_sent_to_vendor_date,scheduled_delivery_date,delivered_to_client_date,delivery_recorded_date,product_group,sub_classification,vendor,item_description,molecule_test_type,brand,dosage,dosage_form,unit_of_measure_per_pack,line_item_quantity,line_item_value,pack_price,unit_price,manufacturing_site,first_line_designation,weight_kilograms,freight_cost_usd,line_item_insurance_usd
0,1,100-CI-T01,Pre-PQ Process,SCMS-4,ASN-8,Côte d'Ivoire,PMO - US,Direct Drop,EXW,Air,2005-06-02,2005-12-02,2006-06-02,2006-06-02,2006-06-02,HRDT,HIV test,RANBAXY Fine Chemicals LTD.,"HIV, Reveal G3 Rapid HIV-1 Antibody Test, 30 Tests","HIV, Reveal G3 Rapid HIV-1 Antibody Test",Reveal,no_dosage,Test kit,30,19,551.0,29.0,0.97,Ranbaxy Fine Chemicals LTD,True,13.0,780.34,0.0
1,3,108-VN-T01,Pre-PQ Process,SCMS-13,ASN-85,Vietnam,PMO - US,Direct Drop,EXW,Air,2005-11-14,2006-05-14,2006-11-14,2006-11-14,2006-11-14,ARV,Pediatric,Aurobindo Pharma Limited,"Nevirapine 10mg/ml, oral suspension, Bottle, 240 ml",Nevirapine,Generic,10mg/ml,Oral suspension,240,1000,6200.0,6.2,0.03,"Aurobindo Unit III, India",True,358.0,4521.5,0.0
2,4,100-CI-T01,Pre-PQ Process,SCMS-20,ASN-14,Côte d'Ivoire,PMO - US,Direct Drop,FCA,Air,2005-08-27,2006-02-27,2006-08-27,2006-08-27,2006-08-27,HRDT,HIV test,Abbott GmbH & Co. KG,"HIV 1/2, Determine Complete HIV Kit, 100 Tests","HIV 1/2, Determine Complete HIV Kit",Determine,no_dosage,Test kit,100,500,40000.0,80.0,0.8,ABBVIE GmbH & Co.KG Wiesbaden,True,171.0,1653.78,0.0
3,15,108-VN-T01,Pre-PQ Process,SCMS-78,ASN-50,Vietnam,PMO - US,Direct Drop,EXW,Air,2005-09-01,2006-03-01,2006-09-01,2006-09-01,2006-09-01,ARV,Adult,SUN PHARMACEUTICAL INDUSTRIES LTD (RANBAXY LABORATORIES LIMITED),"Lamivudine 150mg, tablets, 60 Tabs",Lamivudine,Generic,150mg,Tablet,60,31920,127360.8,3.99,0.07,"Ranbaxy, Paonta Shahib, India",True,1855.0,16007.06,0.0
4,16,108-VN-T01,Pre-PQ Process,SCMS-81,ASN-55,Vietnam,PMO - US,Direct Drop,EXW,Air,2005-08-11,2006-02-11,2006-08-11,2006-08-11,2006-08-11,ARV,Adult,Aurobindo Pharma Limited,"Stavudine 30mg, capsules, 60 Caps",Stavudine,Generic,30mg,Capsule,60,38000,121600.0,3.2,0.05,"Aurobindo Unit III, India",True,7590.0,45450.08,0.0
5,23,112-NG-T01,Pre-PQ Process,SCMS-87,ASN-57,Nigeria,PMO - US,Direct Drop,EXW,Air,2005-09-28,2006-03-28,2006-09-28,2006-09-28,2006-09-28,ARV,Pediatric,Aurobindo Pharma Limited,"Zidovudine 10mg/ml, oral solution, Bottle, 240 ml",Zidovudine,Generic,10mg/ml,Oral solution,240,416,2225.6,5.35,0.02,"Aurobindo Unit III, India",True,504.0,5920.42,0.0
6,44,110-ZM-T01,Pre-PQ Process,SCMS-139,ASN-130,Zambia,PMO - US,Direct Drop,DDU,Air,2006-01-08,2006-07-08,2007-01-08,2007-01-08,2007-01-08,ARV,Pediatric,MERCK SHARP & DOHME IDEA GMBH (FORMALLY MERCK SHARP & DOHME B.V.),"Efavirenz 200mg [Stocrin/Sustiva], capsule, 90 Caps",Efavirenz,Stocrin/Sustiva,200mg,Capsule,90,135,4374.0,32.4,0.36,MSD South Granville Australia,True,328.0,0.0,0.0
7,45,109-TZ-T01,Pre-PQ Process,SCMS-140,ASN-94,Tanzania,PMO - US,Direct Drop,EXW,Air,2005-11-24,2006-05-24,2006-11-24,2006-11-24,2006-11-24,ARV,Adult,Aurobindo Pharma Limited,"Nevirapine 200mg, tablets, 60 Tabs",Nevirapine,Generic,200mg,Tablet,60,16667,60834.55,3.65,0.06,"Aurobindo Unit III, India",True,1478.0,6212.41,0.0
8,46,112-NG-T01,Pre-PQ Process,SCMS-156,ASN-93,Nigeria,PMO - US,Direct Drop,EXW,Air,2005-12-07,2006-06-07,2006-12-07,2006-12-07,2006-12-07,ARV,Adult,Aurobindo Pharma Limited,"Stavudine 30mg, capsules, 60 Caps",Stavudine,Generic,30mg,Capsule,60,273,532.35,1.95,0.03,"Aurobindo Unit III, India",False,520.0,10144.765,0.0
9,47,110-ZM-T01,Pre-PQ Process,SCMS-165,ASN-199,Zambia,PMO - US,Direct Drop,CIP,Air,2006-05-13,2006-11-13,2007-01-30,2007-01-30,2007-01-30,ARV,Adult,ABBVIE LOGISTICS (FORMERLY ABBOTT LOGISTICS BV),"Lopinavir/Ritonavir 200/50mg [Aluvia], tablets, 120 Tabs",Lopinavir/Ritonavir,Aluvia,200/50mg,Tablet,120,2800,115080.0,41.1,0.34,ABBVIE (Abbott) St. P'burg USA,True,643.0,0.0,0.0
10,60,110-ZM-T01,Pre-PQ Process,SCMS-221,ASN-223,Zambia,PMO - US,Direct Drop,CIP,Air,2006-06-01,2006-12-01,2007-02-16,2007-02-16,2007-02-16,ARV,Adult,ABBVIE LOGISTICS (FORMERLY ABBOTT LOGISTICS BV),"Lopinavir/Ritonavir 200/50mg [Aluvia], tablets, 120 Tabs",Lopinavir/Ritonavir,Aluvia,200/50mg,Tablet,120,2800,115080.0,41.1,0.34,ABBVIE Ludwigshafen Germany,True,643.0,0.0,0.0
11,61,110-ZM-T01,Pre-PQ Process,SCMS-226,ASN-137,Zambia,PMO - US,Direct Drop,EXW,Air,2006-01-08,2006-07-08,2007-01-08,2007-01-08,2007-01-08,HRDT,HIV test,"Trinity Biotech, Plc","HIV 1/2, Uni-Gold HIV Kit, 20 Tests","HIV 1/2, Uni-Gold HIV Kit",Uni-Gold,no_dosage,Test kit,20,2500,100000.0,40.0,2.0,"Trinity Biotech, Plc",True,853.0,13569.49,0.0
12,62,102-NG-T01,Pre-PQ Process,SCMS-230,ASN-144,Nigeria,PMO - US,Direct Drop,EXW,Air,2006-01-10,2006-07-10,2007-01-10,2007-01-10,2007-01-10,HRDT,HIV test,EY Laboratories,"HIV 1/2, InstantChek HIV 1+2 Kit, 100 Tests","HIV 1/2, InstantChek HIV 1+2 Kit",InstantCHEK,no_dosage,Test kit,100,10,850.0,85.0,0.85,"EY Laboratories, USA",True,6.0,10144.765,0.0
13,64,107-RW-T01,Pre-PQ Process,SCMS-268,ASN-242,Rwanda,PMO - US,Direct Drop,EXW,Air,2006-06-22,2006-12-22,2007-02-27,2007-02-27,2007-02-27,ARV,Adult,CIPLA LIMITED,"Lamivudine/Zidovudine 150/300mg, tablets, 60 Tabs",Lamivudine/Zidovudine,Generic,150/300mg,Tablet - FDC,60,10000,99800.0,9.98,0.17,"Cipla, Goa, India",True,7416.0,64179.42,0.0
14,65,106-HT-T01,Pre-PQ Process,SCMS-274,ASN-162,Haiti,PMO - US,Direct Drop,EXW,Air,2006-01-18,2006-07-18,2007-01-18,2007-01-18,2007-01-18,HRDT,HIV test,Abbott GmbH & Co. KG,"HIV 1/2, Determine Complete HIV Kit, 100 Tests","HIV 1/2, Determine Complete HIV Kit",Determine,no_dosage,Test kit,100,750,60000.0,80.0,0.8,ABBVIE GmbH & Co.KG Wiesbaden,True,256.0,1760.32,0.0
15,68,113-ZW-T01,Pre-PQ Process,SCMS-308,ASN-285,Zimbabwe,PMO - US,Direct Drop,CIP,Air,2006-07-10,2007-01-10,2007-03-19,2007-03-19,2007-03-19,ARV,Pediatric,BRISTOL-MYERS SQUIBB,"#102198**Didanosine 200mg [Videx], tablets, 60 Tabs",Didanosine,Videx,200mg,Tablet,60,579,14764.5,25.5,0.42,"BMS Meymac, France",True,93.0,0.0,0.0
16,69,102-NG-T01,Pre-PQ Process,SCMS-354,ASN-608,Nigeria,PMO - US,Direct Drop,CIP,Air Charter,2006-05-07,2006-11-07,2007-05-07,2007-05-07,2007-05-07,HRDT,HIV test,ACCOUN NIGERIA LIMITED,"HIV 1/2, Determine Complete HIV Kit, 100 Tests","HIV 1/2, Determine Complete HIV Kit",Determine,no_dosage,Test kit,100,1500,120000.0,80.0,0.8,ABBVIE GmbH & Co.KG Wiesbaden,True,513.5,0.0,192.0
17,80,107-RW-T01,Pre-PQ Process,SCMS-488,ASN-299,Rwanda,PMO - US,Direct Drop,EXW,Air,2006-03-29,2006-09-29,2007-03-29,2007-03-29,2007-03-29,HRDT,HIV test,Premier Medical Corporation Ltd.,"HIV 1/2/O, First Response HIV 1-2.0, v.3.0 Cards Kit, 30 Tests","HIV 1/2/O, First Response HIV 1-2.0, v.3.0 Cards Kit",First Response,no_dosage,Test kit,30,2000,33000.0,16.5,0.55,Premier Med. Corp Ltd. India,True,710.0,3120.7,0.0
18,87,109-TZ-T01,Pre-PQ Process,SCMS-555,ASN-409,Tanzania,PMO - US,Direct Drop,CIP,Air,2006-10-12,2007-04-12,2007-06-06,2007-06-06,2007-06-06,ARV,Pediatric,BRISTOL-MYERS SQUIBB,"Didanosine 2g [Videx], powder for oral solution 10mg/ml, reconstitute to 200 ml",Didanosine,Videx,2g,Powder for oral solution,200,712,8964.08,12.59,0.06,"BMS Meymac, France",True,162.0,912.96,0.0
19,92,102-NG-T01,Pre-PQ Process,SCMS-592,ASN-485,Nigeria,PMO - US,Direct Drop,EXW,Air,2006-11-13,2007-05-13,2007-06-19,2007-06-19,2007-06-19,HRDT,HIV test,Abbott GmbH & Co. KG,"HIV 1/2, Determine Complete HIV Kit, 100 Tests","HIV 1/2, Determine Complete HIV Kit",Determine,no_dosage,Test kit,100,1000,80000.0,80.0,0.8,ABBVIE GmbH & Co.KG Wiesbaden,True,341.0,2682.47,128.0
20,96,102-NG-T01,Pre-PQ Process,SCMS-570,ASN-451,Nigeria,PMO - US,Direct Drop,EXW,Air,2006-11-17,2007-05-17,2007-06-19,2007-06-19,2007-06-19,HRDT,HIV test,"CHEMBIO DIAGNOSTIC SYSTEMS, INC.","HIV 1/2, Stat-Pak HIV, Kit, 20 Tests","HIV 1/2, Stat-Pak HIV, Kit",Stat-Pak,no_dosage,Test kit,20,7500,202500.0,27.0,1.35,Chembio Diagnostics Sys. Inc.,True,2278.0,15893.71,0.0
21,108,104-CI-T01,Pre-PQ Process,SCMS-698,ASN-727,Côte d'Ivoire,PMO - US,Direct Drop,CIP,Air,2007-01-13,2007-07-13,2007-10-02,2007-10-02,2007-10-02,ARV,Pediatric,BRISTOL-MYERS SQUIBB,"#102198**Didanosine 200mg [Videx], tablets, 60 Tabs",Didanosine,Videx,200mg,Tablet,60,5513,140581.5,25.5,0.42,"BMS Meymac, France",True,2126.0,0.0,224.93
22,115,108-VN-T01,Pre-PQ Process,SCMS-753,ASN-781,Vietnam,PMO - US,Direct Drop,EXW,Air,2007-01-04,2007-07-04,2007-10-15,2007-10-15,2007-10-15,ARV,Pediatric,Aurobindo Pharma Limited,"Nevirapine 10mg/ml, oral suspension, Bottle, 240 ml",Nevirapine,Generic,10mg/ml,Oral suspension,240,1000,1920.0,1.92,0.01,"Aurobindo Unit III, India",True,941.0,4193.49,3.07
23,116,108-VN-T01,Pre-PQ Process,SCMS-759,ASN-632,Vietnam,PMO - US,Direct Drop,FCA,Air,2007-01-04,2007-07-04,2007-08-27,2007-08-27,2007-08-27,ARV,Adult,ABBVIE LOGISTICS (FORMERLY ABBOTT LOGISTICS BV),"Lopinavir/Ritonavir 200/50mg [Aluvia], tablets, 120 Tabs",Lopinavir/Ritonavir,Aluvia,200/50mg,Tablet,120,500,41095.0,82.19,0.68,ABBVIE Ludwigshafen Germany,True,117.0,1767.38,65.75
24,130,100-HT-T01,Pre-PQ Process,SCMS-10080,ASN-628,Haiti,PMO - US,Direct Drop,EXW,Air,2007-01-26,2007-07-26,2007-08-13,2007-08-21,2007-08-21,HRDT,HIV test,"Orgenics, Ltd","HIV 1/2, Determine HIV Kit, without Lancets, 100 Tests","HIV 1/2, Determine HIV Kit, without Lancets",Determine,no_dosage,Test kit,100,750,53992.5,71.99,0.72,Inverness Japan,True,171.0,3518.38,86.39
25,134,100-HT-T01,Pre-PQ Process,SCMS-10130,ASN-616,Haiti,PMO - US,Direct Drop,EXW,Air,2007-01-26,2007-07-26,2007-08-25,2007-08-25,2007-08-25,HRDT,HIV test,Orasure Technologies Inc.,"HIV 1/2, OraQuick Advance HIV Rapid Antibody Kit, 100 Tests","HIV 1/2, OraQuick Advance HIV Rapid Antibody Kit",OraQuick,no_dosage,Test kit,100,25,8750.0,350.0,3.5,"Pacific Biotech, Thailand",True,60.0,3097.85,14.0
26,138,109-TZ-T01,Pre-PQ Process,SCMS-10270,ASN-710,Tanzania,PMO - US,Direct Drop,EXW,Air,2006-10-16,2007-04-16,2007-10-16,2007-10-16,2007-10-16,HRDT,HIV test,"Standard Diagnostics, Inc.","HIV 1/2, Bioline 3.0 Kit, Lancets, Capillary pipets, Alcohol swabs included, 25 Tests","HIV 1/2, Bioline 3.0 Kit, Lancets, Capillary pipets, Alcohol swabs included",Bioline,no_dosage,Test kit,25,10000,200000.0,20.0,0.8,"Standard Diagnostics, Korea",True,3335.0,27869.74,320.0
27,139,109-TZ-T01,Pre-PQ Process,SCMS-10290,ASN-788,Tanzania,PMO - US,Direct Drop,EXW,Air,2006-11-22,2007-05-22,2007-11-22,2007-11-22,2007-11-22,HRDT,HIV test,"Standard Diagnostics, Inc.","HIV 1/2, Bioline 3.0 Kit, Lancets, Capillary pipets, Alcohol swabs included, 25 Tests","HIV 1/2, Bioline 3.0 Kit, Lancets, Capillary pipets, Alcohol swabs included",Bioline,no_dosage,Test kit,25,10000,200000.0,20.0,0.8,"Standard Diagnostics, Korea",True,3335.0,28461.1,320.0
28,140,109-TZ-T01,Pre-PQ Process,SCMS-10300,ASN-856,Tanzania,PMO - US,Direct Drop,EXW,Air,2006-11-22,2007-05-22,2007-11-22,2007-11-22,2007-11-22,HRDT,HIV test,"Standard Diagnostics, Inc.","HIV 1/2, Bioline 3.0 Kit, Lancets, Capillary pipets, Alcohol swabs included, 25 Tests","HIV 1/2, Bioline 3.0 Kit, Lancets, Capillary pipets, Alcohol swabs included",Bioline,no_dosage,Test kit,25,10000,200000.0,20.0,0.8,"Standard Diagnostics, Korea",True,3335.0,28359.8,320.0
29,161,117-ET-T01,Pre-PQ Process,SCMS-11070,ASN-916,Ethiopia,PMO - US,Direct Drop,EXW,Air,2007-04-03,2007-10-03,2007-11-20,2007-11-20,2007-11-20,ARV,Adult,Aurobindo Pharma Limited,"Stavudine 30mg, capsules, 60 Caps",Stavudine,Generic,30mg,Capsule,60,64000,99200.0,1.55,0.03,"Aurobindo Unit III, India",True,4228.0,12237.61,158.72
30,176,102-NG-T01,Pre-PQ Process,SCMS-11750,ASN-745,Nigeria,PMO - US,Direct Drop,EXW,Air,2007-02-28,2007-08-28,2007-10-03,2007-10-03,2007-10-03,HRDT,HIV test,"CHEMBIO DIAGNOSTIC SYSTEMS, INC.","HIV 1/2, Stat-Pak HIV, Kit, 20 Tests","HIV 1/2, Stat-Pak HIV, Kit",Stat-Pak,no_dosage,Test kit,20,10000,270000.0,27.0,1.35,Chembio Diagnostics Sys. Inc.,True,3263.0,20885.78,432.0
31,262,116-ZA-T01,Pre-PQ Process,SCMS-14050,ASN-1251,South Africa,PMO - US,Direct Drop,DDP,Truck,2007-05-12,2007-11-12,2008-01-29,2008-01-29,2008-01-29,ARV,Pediatric,"JSI R&T INSTITUTE, INC.","Zidovudine 10mg/ml [Retrovir], oral solution, Bottle, 200 ml",Zidovudine,Retrovir,10mg/ml,Oral solution,200,40,317.6,7.94,0.04,GSK Mississauga (Canada),True,56.5,0.0,0.51
32,269,108-VN-T01,Pre-PQ Process,SCMS-14190,ASN-1192,Vietnam,PMO - US,Direct Drop,EXW,Air,2007-05-19,2007-11-19,2008-01-21,2008-01-21,2008-01-21,ARV,Adult,"GILEAD SCIENCES IRELAND, INC.","Tenofovir Disoproxil Fumarate 300mg [Viread], tablets, 30 Tabs",Tenofovir Disoproxil Fumarate,Viread,300mg,Tablet,30,1000,17000.0,17.0,0.57,Gilead(Nycomed) Oranienburg DE,True,76.0,2282.57,27.2
33,270,108-VN-T01,Pre-PQ Process,SCMS-14200,ASN-1171,Vietnam,PMO - US,Direct Drop,EXW,Air,2007-05-21,2007-11-21,2008-01-21,2008-01-21,2008-01-21,ARV,Adult,SUN PHARMACEUTICAL INDUSTRIES LTD (RANBAXY LABORATORIES LIMITED),"Zidovudine 300mg, tablets, 60 Tabs",Zidovudine,Generic,300mg,Tablet,60,400,3352.0,8.38,0.14,"Ranbaxy, Paonta Shahib, India",True,23.0,2149.05,5.36
34,284,107-RW-T01,Pre-PQ Process,SCMS-14630,ASN-1253,Rwanda,PMO - US,Direct Drop,EXW,Air,2007-06-10,2007-12-10,2008-01-31,2008-01-31,2008-01-31,HRDT,HIV test - Ancillary,"Orgenics, Ltd","HIV, Lancet, Safety, for HIV Test kits, 100 Pcs","HIV, Lancet, Safety, for HIV Test kits, 100 Pcs",Generic,no_dosage,Test kit - Ancillary,100,1500,15.0,0.01,0.0,Inverness Japan,True,99.0,0.75,0.02
35,305,123-NG-T01,Pre-PQ Process,SCMS-15550,ASN-1269,Nigeria,PMO - US,Direct Drop,EXW,Air,2007-02-05,2007-08-05,2008-02-05,2008-02-05,2008-02-05,HRDT,HIV test - Ancillary,"Orgenics, Ltd","HIV, Lancet, Safety, for HIV Test kits, 100 Pcs","HIV, Lancet, Safety, for HIV Test kits, 100 Pcs",Generic,no_dosage,Test kit - Ancillary,100,650,6.5,0.01,0.0,Inverness Japan,True,220.0,10144.765,0.01
36,343,116-ZA-T01,Pre-PQ Process,SCMS-16600,ASN-1520,South Africa,PMO - US,Direct Drop,DDP,Truck,2007-07-04,2008-01-04,2008-01-21,2008-01-04,2008-01-04,ARV,Pediatric,"JSI R&T INSTITUTE, INC.","Stavudine 1mg/ml [Zerit], powder for oral solution, Bottle, 200 ml",Stavudine,Zerit,1mg/ml,Powder for oral solution,200,200,340.0,1.7,0.01,"BMS Meymac, France",True,22.0,0.0,0.54
37,361,125-HT-T01,Pre-PQ Process,SCMS-14080,ASN-1318,Haiti,PMO - US,Direct Drop,EXW,Air,2007-02-18,2007-08-18,2008-02-18,2008-02-18,2008-02-18,HRDT,HIV test,"Trinity Biotech, Plc","HIV 1/2, Capillus HIV Kit, 100 Tests","HIV 1/2, Capillus HIV Kit",Capillus,no_dosage,Test kit,100,2,278.0,139.0,1.39,"Trinity Biotech, Plc",True,2.0,2946.7200000000003,0.44
38,391,104-CI-T01,Pre-PQ Process,SCMS-18290,ASN-1879,Côte d'Ivoire,PMO - US,Direct Drop,EXW,Air,2007-08-27,2008-02-27,2008-06-17,2008-06-17,2008-06-17,HRDT,HIV test,BIO-RAD LABORATORIES (FRANCE),"#108853** HIV, Genie II HIV-1/HIV-2 Kit, 40 Tests","HIV, Genie II HIV-1/HIV-2 Kit",Genie,no_dosage,Test kit,40,476,36176.0,76.0,1.9,Bio-Rad Laboratories,True,509.0,5446.51,57.88
39,392,104-CI-T01,Pre-PQ Process,SCMS-18310,ASN-3435,Côte d'Ivoire,PMO - US,Direct Drop,EXW,Air,2007-09-03,2008-03-03,2009-03-19,2009-03-19,2009-03-19,HRDT,HIV test,"Standard Diagnostics, Inc.","HIV 1/2, Bioline 3.0 Kit, Lancets, Capillary pipets, Alcohol swabs included, 25 Tests","HIV 1/2, Bioline 3.0 Kit, Lancets, Capillary pipets, Alcohol swabs included",Bioline,no_dosage,Test kit,25,659,13180.0,20.0,0.8,"Standard Diagnostics, Korea",True,206.0,2656.12,25.83
40,398,102-GY-T01,Pre-PQ Process,SCMS-18480,ASN-1502,Guyana,PMO - US,Direct Drop,EXW,Air,2007-08-28,2008-02-28,2008-04-09,2008-04-01,2008-04-01,HRDT,HIV test - Ancillary,"Orgenics, Ltd","HIV, Lancet, Safety, for HIV Test kits, 100 Pcs","HIV, Lancet, Safety, for HIV Test kits, 100 Pcs",Generic,no_dosage,Test kit - Ancillary,100,240,2.4,0.01,0.0,Inverness Japan,True,83.0,1924.4650000000001,0.0
41,399,102-GY-T01,Pre-PQ Process,SCMS-18500,ASN-2117,Guyana,PMO - US,Direct Drop,EXW,Air,2007-08-28,2008-02-28,2008-07-28,2008-07-28,2008-07-28,HRDT,HIV test - Ancillary,"Orgenics, Ltd","HIV, Lancet, Safety, for HIV Test kits, 100 Pcs","HIV, Lancet, Safety, for HIV Test kits, 100 Pcs",Generic,no_dosage,Test kit - Ancillary,100,213,2.13,0.01,0.0,Inverness Japan,True,14.0,360.0,0.0
42,400,117-ET-T01,Pre-PQ Process,SCMS-18430,ASN-1465,Ethiopia,PMO - US,Direct Drop,DDP,Air,2007-08-29,2008-02-29,2008-03-11,2008-03-11,2008-03-11,HRDT,HIV test,TURE PHARMACEUTICALS & MEDICAL SUPPLIES P.L.C.,"HIV 1/2, Capillus HIV Kit, 100 Tests","HIV 1/2, Capillus HIV Kit",Capillus,no_dosage,Test kit,100,63,13399.25,212.69,2.13,"Trinity Biotech, Plc",True,394.0,0.0,21.44
43,410,113-ZW-T01,Pre-PQ Process,SCMS-18870,ASN-2434,Zimbabwe,PMO - US,Direct Drop,EXW,Air,2007-09-17,2008-03-17,2008-11-17,2008-11-17,2008-11-17,HRDT,HIV test,"Orgenics, Ltd","HIV 1/2, Determine HIV Kit, without Lancets, 100 Tests","HIV 1/2, Determine HIV Kit, without Lancets",Determine,no_dosage,Test kit,100,1634,117631.66,71.99,0.72,Inverness Japan,True,373.0,4112.46,188.21
44,411,123-NG-T01,Pre-PQ Process,SCMS-18940,ASN-1467,Nigeria,PMO - US,Direct Drop,EXW,Air,2007-09-13,2008-03-13,2008-04-17,2008-04-17,2008-04-17,HRDT,HIV test,"CHEMBIO DIAGNOSTIC SYSTEMS, INC.","HIV 1/2, Stat-Pak HIV, Kit, 20 Tests","HIV 1/2, Stat-Pak HIV, Kit",Stat-Pak,no_dosage,Test kit,20,1425,38475.0,27.0,1.35,Chembio Diagnostics Sys. Inc.,True,483.0,5468.88,61.56
45,414,119-NA-T01,Pre-PQ Process,SCMS-19130,ASN-1798,Namibia,PMO - US,Direct Drop,EXW,Air,2007-09-18,2008-03-18,2008-06-04,2008-06-04,2008-06-04,HRDT,HIV test,"Orgenics, Ltd","HIV 1/2, Determine HIV Kit, without Lancets, 100 Tests","HIV 1/2, Determine HIV Kit, without Lancets",Determine,no_dosage,Test kit,100,142,10222.58,71.99,0.72,Inverness Japan,True,33.0,1715.17,16.36
46,420,108-VN-T01,Pre-PQ Process,SCMS-19490,ASN-1753,Vietnam,PMO - US,Direct Drop,EXW,Air,2007-09-30,2008-03-31,2008-06-03,2008-06-03,2008-06-03,ARV,Adult,MYLAN LABORATORIES LTD (FORMERLY MATRIX LABORATORIES),"Efavirenz 600mg, tablets, 30 Tabs",Efavirenz,Generic,600mg,Tablet,30,8400,96432.0,11.48,0.38,Mylan (formerly Matrix) Nashik,True,654.0,4051.34,154.29
47,422,116-ZA-T01,Pre-PQ Process,SCMS-19800,ASN-1665,South Africa,PMO - US,Direct Drop,DDP,Truck,2007-08-20,2008-02-20,2008-04-24,2008-04-24,2008-04-24,ARV,Adult,S. BUYS WHOLESALER,"Saquinavir 200mg [Invirase], capsules, 270 Caps",Saquinavir,Invirase,200mg,Capsule,270,6,405.06,67.51,0.25,Roche Basel,True,9.0,0.0,0.65
48,423,116-ZA-T01,Pre-PQ Process,SCMS-19800,ASN-1665,South Africa,PMO - US,Direct Drop,DDP,Truck,2007-08-20,2008-02-20,2008-04-24,2008-04-24,2008-04-24,ARV,Pediatric,S. BUYS WHOLESALER,"Stavudine 1mg/ml [Zerit], powder for oral solution, Bottle, 200 ml",Stavudine,Zerit,1mg/ml,Powder for oral solution,200,600,870.0,1.45,0.01,"BMS Meymac, France",False,231.5,0.0,1.39
49,438,108-VN-T01,Pre-PQ Process,SCMS-20310,ASN-1923,Vietnam,PMO - US,Direct Drop,CIP,Air,2007-09-30,2008-03-31,2008-07-12,2008-07-12,2008-07-12,ARV,Pediatric,BRISTOL-MYERS SQUIBB,"Didanosine 25mg [Videx], chewable tablets, 60 Tabs",Didanosine,Videx,25mg,Chewable/dispersible tablet,60,400,2800.0,7.0,0.12,"BMS Meymac, France",True,81.0,2211.05,4.48
50,459,116-ZA-T01,Pre-PQ Process,SCMS-21460,ASN-1667,South Africa,PMO - US,Direct Drop,DDP,Truck,2007-10-04,2008-04-04,2008-04-25,2008-04-07,2008-04-07,ARV,Pediatric,S. BUYS WHOLESALER,"Didanosine 25mg [Videx], chewable tablets, 60 Tabs",Didanosine,Videx,25mg,Chewable/dispersible tablet,60,6,77.1,12.85,0.21,"BMS Meymac, France",True,9.0,0.0,0.12
51,464,102-NG-T01,Pre-PQ Process,SCMS-21540,ASN-2008,Nigeria,PMO - US,Direct Drop,EXW,Air,2007-07-09,2008-01-09,2008-07-09,2008-07-09,2008-07-09,HRDT,HIV test,"Orgenics, Ltd","HIV 1/2, Determine HIV Kit, without Lancets, 100 Tests","HIV 1/2, Determine HIV Kit, without Lancets",Determine,no_dosage,Test kit,100,5498,439785.02,79.99,0.8,Inverness Japan,True,1251.0,16090.22,703.66
52,465,102-NG-T01,Pre-PQ Process,SCMS-21540,ASN-2011,Nigeria,PMO - US,Direct Drop,EXW,Air,2007-07-09,2008-01-09,2008-07-09,2008-07-04,2008-07-04,HRDT,HIV test - Ancillary,"Orgenics, Ltd","HIV, Lancet, Safety, for HIV Test kits, 100 Pcs","HIV, Lancet, Safety, for HIV Test kits, 100 Pcs",Generic,no_dosage,Test kit - Ancillary,100,5498,54.98,0.01,0.0,Inverness Japan,True,1251.0,10144.765,0.09
53,466,117-ET-T01,Pre-PQ Process,SCMS-21550,ASN-1741,Ethiopia,PMO - US,Direct Drop,DDP,Air,2007-05-09,2007-11-09,2008-05-09,2008-05-09,2008-05-09,HRDT,HIV test,TURE PHARMACEUTICALS & MEDICAL SUPPLIES P.L.C.,"HIV 1/2, Uni-Gold HIV Kit, 20 Tests","HIV 1/2, Uni-Gold HIV Kit",Uni-Gold,no_dosage,Test kit,20,15,691.42,46.09,2.3,"Trinity Biotech, Plc",True,5.0,0.0,1.11
54,530,108-VN-T01,Pre-PQ Process,SCMS-23450,ASN-2336,Vietnam,PMO - US,Direct Drop,EXW,Air,2007-11-14,2008-05-14,2008-09-19,2008-09-19,2008-09-19,ARV,Adult,MYLAN LABORATORIES LTD (FORMERLY MATRIX LABORATORIES),"Tenofovir Disoproxil Fumarate 300mg, tablets, 30 Tabs",Tenofovir Disoproxil Fumarate,Generic,300mg,Tablet,30,1344,18359.04,13.66,0.46,Mylan (formerly Matrix) Nashik,True,1537.0,13507.92,29.37
55,531,116-ZA-T01,Pre-PQ Process,SCMS-23500,ASN-2783,South Africa,PMO - US,Direct Drop,DDP,Truck,2007-08-20,2008-02-20,2008-08-20,2008-08-20,2008-08-20,ARV,Adult,S. BUYS WHOLESALER,"Stavudine 20mg [Zerit], capsules, 60 Caps",Stavudine,Zerit,20mg,Capsule,60,20,103.4,5.17,0.09,"BMS Meymac, France",True,35.5,0.0,0.2
56,532,116-ZA-T01,Pre-PQ Process,SCMS-23500,ASN-2293,South Africa,PMO - US,Direct Drop,DDP,Truck,2007-08-20,2008-02-20,2008-08-20,2008-05-08,2008-05-08,ARV,Adult,S. BUYS WHOLESALER,"Didanosine EC 250mg [Videx EC], delayed-release capsules, Blister 3 x 10 Caps",Didanosine EC,Videx EC,250mg,Delayed-release capsules - blister,30,100,1906.0,19.06,0.64,"BMS Meymac, France",True,36.0,0.0,3.05
57,533,116-ZA-T01,Pre-PQ Process,SCMS-23500,ASN-2293,South Africa,PMO - US,Direct Drop,DDP,Truck,2007-08-20,2008-02-20,2008-08-20,2008-05-08,2008-05-08,ARV,Pediatric,S. BUYS WHOLESALER,"Stavudine 1mg/ml [Zerit], powder for oral solution, Bottle, 200 ml",Stavudine,Zerit,1mg/ml,Powder for oral solution,200,670,1025.1,1.53,0.01,"BMS Meymac, France",False,76.0,0.0,1.64
58,535,109-TZ-T01,Pre-PQ Process,SCMS-23610,ASN-2167,Tanzania,PMO - US,Direct Drop,CIP,Air,2007-11-15,2008-05-15,2008-09-02,2008-09-02,2008-09-02,ARV,Adult,BRISTOL-MYERS SQUIBB,"Didanosine EC 400mg [Videx EC], delayed-release capsules, Blister 3 x 10 Caps",Didanosine EC,Videx EC,400mg,Delayed-release capsules - blister,30,2597,61470.99,23.67,0.79,"BMS Meymac, France",True,117.0,645.1,98.35
59,543,106-HT-T01,Pre-PQ Process,SCMS-23840,ASN-2504,Haiti,PMO - US,Direct Drop,EXW,Air,2007-11-20,2008-05-20,2008-09-30,2008-09-30,2008-09-30,HRDT,HIV test,Orasure Technologies Inc.,"HIV 1/2, OraQuick Advance HIV Rapid Antibody Kit, 100 Tests","HIV 1/2, OraQuick Advance HIV Rapid Antibody Kit",OraQuick,no_dosage,Test kit,100,28,9800.0,350.0,3.5,"Pacific Biotech, Thailand",True,109.0,782.13,15.68
60,551,106-HT-T01,Pre-PQ Process,SCMS-24020,ASN-2865,Haiti,PMO - US,Direct Drop,EXW,Air,2007-11-23,2008-05-23,2008-11-24,2008-11-24,2008-11-24,HRDT,HIV test,"Trinity Biotech, Plc","HIV 1/2, Capillus HIV Kit, 100 Tests","HIV 1/2, Capillus HIV Kit",Capillus,no_dosage,Test kit,100,84,11676.0,139.0,1.39,"Trinity Biotech, Plc",True,54.0,871.57,22.88
61,598,116-ZA-T01,Pre-PQ Process,SCMS-25540,ASN-2295,South Africa,PMO - US,Direct Drop,DDP,Truck,2007-06-12,2007-12-12,2008-06-12,2008-06-09,2008-06-09,ARV,Adult,S. BUYS WHOLESALER,"Abacavir 300mg [Ziagen], tablets, Blister 6 x 10 Tabs",Abacavir,Ziagen,300mg,Tablet - blister,60,30,1049.4,34.98,0.58,GSK Ware (UK),True,55.0,0.0,1.68
62,610,108-VN-T01,Pre-PQ Process,SCMS-26180,ASN-2274,Vietnam,PMO - US,Direct Drop,EXW,Air,2008-01-01,2008-07-01,2008-09-19,2008-09-19,2008-09-19,ARV,Adult,Aurobindo Pharma Limited,"Lamivudine 150mg, tablets, 60 Tabs",Lamivudine,Generic,150mg,Tablet,60,38640,92736.0,2.4,0.04,"Aurobindo Unit III, India",True,2719.0,18614.72,148.38
63,630,112-NG-T01,Pre-PQ Process,SCMS-26560,ASN-2366,Nigeria,PMO - US,Direct Drop,EXW,Air,2008-01-02,2008-07-02,2009-02-25,2008-09-09,2008-09-09,ACT,ACT,IDA FOUNDATION,"Artemether/Lumefantrine 20/120mg [Coartem], scored tablets, Blister 30 x 18 Tabs",Artemether/Lumefantrine,Coartem,20/120mg,Tablet - FDC + blister,540,34,1547.68,45.52,0.08,"Novartis Pharma AG, Switzerland",True,115.0,1755.87,2.48
64,637,108-VN-T01,Pre-PQ Process,SCMS-26200,ASN-2563,Vietnam,PMO - US,Direct Drop,EXW,Air,2008-01-03,2008-07-03,2008-10-08,2008-10-08,2008-10-08,ARV,Adult,Aurobindo Pharma Limited,"Stavudine 30mg, capsules, 60 Caps",Stavudine,Generic,30mg,Capsule,60,42000,60900.0,1.45,0.02,"Aurobindo Unit III, India",True,2600.0,10179.16,97.44
65,646,116-ZA-T01,Pre-PQ Process,SCMS-26820,ASN-2488,South Africa,PMO - US,Direct Drop,DDP,Truck,2007-07-10,2008-01-10,2008-07-10,2008-07-08,2008-07-08,ARV,Pediatric,S. BUYS WHOLESALER,"Nevirapine 10mg/ml [Viramune], oral suspension, Bottle, 240 ml",Nevirapine,Viramune,10mg/ml,Oral suspension,240,50,696.5,13.93,0.06,"BI, Ingelheim, Germany",True,35.0,0.0,1.11
66,660,108-VN-T01,Pre-PQ Process,SCMS-27360,ASN-2767,Vietnam,PMO - US,Direct Drop,EXW,Air,2008-01-24,2008-07-24,2008-11-27,2008-11-27,2008-11-27,ARV,Adult,MYLAN LABORATORIES LTD (FORMERLY MATRIX LABORATORIES),"Efavirenz 600mg, tablets, 30 Tabs",Efavirenz,Generic,600mg,Tablet,30,16800,171192.0,10.19,0.34,Mylan (formerly Matrix) Nashik,True,1224.0,4686.88,335.54
67,668,102-GY-T01,Pre-PQ Process,SCMS-27670,ASN-2255,Guyana,PMO - US,Direct Drop,CIP,Air,2008-01-25,2008-07-25,2008-08-15,2008-08-15,2008-08-15,MRDT,Malaria,ZEPHYR BIOMEDICALS,"Malaria Paramax-3 Kit, 25 Tests",Malaria Paramax-3 Kit,Paramax,no_dosage,Test kit,25,98,3675.0,37.5,1.5,Not Applicable,True,34.0,180.0,5.88
68,670,110-ZM-T01,Pre-PQ Process,SCMS-27790,ASN-2641,Zambia,PMO - US,Direct Drop,EXW,Air,2008-01-31,2008-07-31,2008-10-20,2008-10-20,2008-10-20,HRDT,HIV test,"Orgenics, Ltd","HIV 1/2, Determine HIV Kit, without Lancets, 100 Tests","HIV 1/2, Determine HIV Kit, without Lancets",Determine,no_dosage,Test kit,100,4500,323955.0,71.99,0.72,Inverness Japan,True,1053.0,11062.05,634.95
69,712,119-NA-T01,Pre-PQ Process,SCMS-28840,ASN-2450,Namibia,PMO - US,Direct Drop,EXW,Air,2008-02-26,2008-08-26,2008-09-18,2008-09-18,2008-09-18,HRDT,HIV test,"Trinity Biotech, Plc","HIV 1/2, Uni-Gold HIV Kit, 20 Tests","HIV 1/2, Uni-Gold HIV Kit",Uni-Gold,no_dosage,Test kit,20,10,320.0,32.0,1.6,"Trinity Biotech, Plc",True,6.0,2541.8,0.51
70,717,104-CI-T01,Pre-PQ Process,SCMS-29140,ASN-2472,Côte d'Ivoire,PMO - US,Direct Drop,EXW,Air,2008-02-27,2008-08-27,2008-10-02,2008-10-02,2008-10-02,HRDT,HIV test,BIO-RAD LABORATORIES (FRANCE),"#108853** HIV, Genie II HIV-1/HIV-2 Kit, 40 Tests","HIV, Genie II HIV-1/HIV-2 Kit",Genie,no_dosage,Test kit,40,500,38000.0,76.0,1.9,Bio-Rad Laboratories,True,562.0,11298.13,60.8
71,719,104-CI-T01,Pre-PQ Process,SCMS-29340,ASN-2921,Côte d'Ivoire,PMO - US,Direct Drop,EXW,Air,2008-03-03,2008-09-03,2009-01-23,2009-01-23,2009-01-23,ACT,ACT,IDA FOUNDATION,"Artesunate+Amodiaquine 50+153mg, tablets, co-blister 6+6 Tabs",Artesunate+Amodiaquine,Generic,50+153mg,Tablet - FDC + co-blister,12,25000,9750.0,0.39,0.03,Ipca Dadra/Nagar Haveli IN,True,1708.0,12830.91,19.11
72,772,131-NG-T01,Pre-PQ Process,SCMS-30502,ASN-3653,Nigeria,PMO - US,Direct Drop,CIP,Air,2008-09-06,2009-03-06,2009-03-10,2009-04-08,2009-04-08,ARV,Adult,MERCK SHARP & DOHME IDEA GMBH (FORMALLY MERCK SHARP & DOHME B.V.),"Efavirenz/Emtricitabine/Tenofovir Disoproxil Fumarate 600/200/300mg [Atripla], tablets, 30 Tabs",Efavirenz/Emtricitabine/Tenofovir Disoproxil Fumarate,Atripla,600/200/300mg,Tablet - FDC,30,9,453.6,50.4,1.68,"MSD, Haarlem, NL",True,1.0,0.0,0.89
73,791,119-NA-T01,Pre-PQ Process,SCMS-31180,ASN-2717,Namibia,PMO - US,Direct Drop,EXW,Air,2008-03-24,2008-09-24,2008-10-29,2008-10-29,2008-10-29,HRDT,HIV test,"Orgenics, Ltd","HIV 1/2, Determine HIV Kit, without Lancets, 100 Tests","HIV 1/2, Determine HIV Kit, without Lancets",Determine,no_dosage,Test kit,100,150,10798.5,71.99,0.72,Inverness Japan,True,46.0,2698.04,21.17
74,796,102-BW-T01,Pre-PQ Process,SCMS-31370,ASN-2796,Botswana,PMO - US,Direct Drop,EXW,Air,2008-04-02,2008-10-02,2008-11-28,2008-11-28,2008-11-28,HRDT,HIV test - Ancillary,"Trinity Biotech, Plc","#109436**HIV 1, Uni-Gold Recombigen HIV Control, Vial 2 x 0.5 ml","HIV 1, Uni-Gold Recombigen HIV Control, Vial 2 x 0.5 ml",Uni-Gold,no_dosage,Test kit - Ancillary,2,15,450.0,30.0,15.0,"Trinity Biotech, Plc",True,1.0,578.01,0.88
75,797,110-ZM-T01,Pre-PQ Process,SCMS-31380,ASN-3172,Zambia,PMO - US,Direct Drop,EXW,Air,2008-04-02,2008-10-02,2009-01-23,2009-01-23,2009-01-23,HRDT,HIV test,"Standard Diagnostics, Inc.","HIV 1/2, Bioline 3.0 Kit, Lancets, Capillary pipets, Alcohol swabs included, 25 Tests","HIV 1/2, Bioline 3.0 Kit, Lancets, Capillary pipets, Alcohol swabs included",Bioline,no_dosage,Test kit,25,319,6380.0,20.0,0.8,"Standard Diagnostics, Korea",True,100.0,1122.24,12.5
76,835,116-ZA-T01,Pre-PQ Process,SCMS-33320,ASN-3553,South Africa,PMO - US,Direct Drop,DDP,Truck,2008-05-17,2008-11-17,2009-05-17,2008-10-09,2008-10-09,ARV,Adult,S. BUYS WHOLESALER,"Tenofovir Disoproxil Fumarate 300mg [Viread], tablets, 30 Tabs",Tenofovir Disoproxil Fumarate,Viread,300mg,Tablet,30,80,1830.4,22.88,0.76,"Aspen-OSD, Port Elizabeth, SA",True,19.0,0.0,3.59
77,1971,102-GY-T01,Pre-PQ Process,SCMS-27680,ASN-2910,Guyana,PMO - US,Direct Drop,EXW,Air,2008-01-28,2008-07-28,2008-12-15,2008-12-15,2008-12-15,MRDT,Malaria,ZEPHYR BIOMEDICALS,"Malaria Paramax-3 Kit, 25 Tests",Malaria Paramax-3 Kit,Paramax,no_dosage,Test kit,25,108,4050.0,37.5,1.5,Not Applicable,True,34.0,648.27,7.94
78,836,116-ZA-T01,Pre-PQ Process,SCMS-33320,ASN-3892,South Africa,PMO - US,Direct Drop,DDP,Truck,2008-05-17,2008-11-17,2009-05-17,2009-05-17,2009-05-17,ARV,Adult,S. BUYS WHOLESALER,"Tenofovir Disoproxil Fumarate 300mg [Viread], tablets, 30 Tabs",Tenofovir Disoproxil Fumarate,Viread,300mg,Tablet,30,120,2745.6,22.88,0.76,"Aspen-OSD, Port Elizabeth, SA",True,22.0,0.0,5.38
79,837,116-ZA-T01,Pre-PQ Process,SCMS-33320,ASN-3553,South Africa,PMO - US,Direct Drop,DDP,Truck,2008-05-17,2008-11-17,2009-05-17,2008-10-09,2008-10-09,ARV,Pediatric,S. BUYS WHOLESALER,"Stavudine 1mg/ml [Zerit], powder for oral solution, Bottle, 200 ml",Stavudine,Zerit,1mg/ml,Powder for oral solution,200,600,858.0,1.43,0.01,"BMS Meymac, France",False,231.5,0.0,1.68
80,838,116-ZA-T01,Pre-PQ Process,SCMS-33320,ASN-3553,South Africa,PMO - US,Direct Drop,DDP,Truck,2008-05-17,2008-11-17,2009-05-17,2008-10-09,2008-10-09,ARV,Pediatric,S. BUYS WHOLESALER,"Didanosine 100mg [Videx],chewable tablets, 60 Tabs",Didanosine,Videx,100mg,Chewable/dispersible tablet,60,7,91.35,13.05,0.22,"BMS Meymac, France",False,668.5,0.0,0.18
81,839,116-ZA-T01,Pre-PQ Process,SCMS-33320,ASN-3553,South Africa,PMO - US,Direct Drop,DDP,Truck,2008-05-17,2008-11-17,2009-05-17,2008-10-09,2008-10-09,ARV,Pediatric,S. BUYS WHOLESALER,"Lopinavir/Ritonavir 80/20mg/ml [Kaletra], oral solution, cool, Bottle 5 x 60 ml",Lopinavir/Ritonavir,Kaletra,80/20mg/ml,Oral solution,300,40,1375.6,34.39,0.11,ABBVIE (Abbott) Logis. UK,False,56.5,0.0,2.7
82,849,102-GY-T01,Pre-PQ Process,SCMS-33930,ASN-3209,Guyana,PMO - US,Direct Drop,CIP,Air,2008-05-19,2008-11-19,2009-02-06,2009-02-06,2009-02-06,MRDT,Malaria,ZEPHYR BIOMEDICALS,"Malaria Paramax-3 Kit, 25 Tests",Malaria Paramax-3 Kit,Paramax,no_dosage,Test kit,25,108,4050.0,37.5,1.5,Not Applicable,True,34.0,0.0,7.94
83,858,109-TZ-T01,Pre-PQ Process,SCMS-34680,ASN-3332,Tanzania,PMO - US,Direct Drop,CIP,Air,2008-06-19,2008-12-19,2009-04-21,2009-04-21,2009-04-21,ARV,Adult,MERCK SHARP & DOHME IDEA GMBH (FORMALLY MERCK SHARP & DOHME B.V.),"Efavirenz/Emtricitabine/Tenofovir Disoproxil Fumarate 600/200/300mg [Atripla], tablets, 30 Tabs",Efavirenz/Emtricitabine/Tenofovir Disoproxil Fumarate,Atripla,600/200/300mg,Tablet - FDC,30,50000,2520000.0,50.4,1.68,"MSD, Haarlem, NL",True,4093.0,9339.0,4939.2
84,914,104-CI-T01,Pre-PQ Process,SCMS-35790,ASN-3242,Côte d'Ivoire,PMO - US,Direct Drop,EXW,Air,2008-06-19,2008-12-19,2009-03-02,2009-03-02,2009-03-02,ANTM,Malaria,IDA FOUNDATION,"Quinine 600mg/2ml (as dihydrochloride), injection, 2ml x 100 Ampules",Quinine (as dihydrochloride),Generic,600mg/2ml,Injection,100,140,2731.4,19.51,0.2,Gland Pharma Ltd Pally Factory,True,5209.0,25405.22,5.35
85,937,111-MZ-T01,Pre-PQ Process,SCMS-36660,ASN-3509,Mozambique,PMO - US,Direct Drop,EXW,Air,2008-07-05,2009-01-05,2009-03-23,2009-03-23,2009-03-23,HRDT,HIV test,"Trinity Biotech, Plc","HIV 1/2, Uni-Gold HIV Kit, 20 Tests","HIV 1/2, Uni-Gold HIV Kit",Uni-Gold,no_dosage,Test kit,20,5700,182400.0,32.0,1.6,"Trinity Biotech, Plc",True,1906.0,23914.8,357.5
86,960,108-VN-T01,Pre-PQ Process,SCMS-37170,ASN-3562,Vietnam,PMO - US,Direct Drop,EXW,Air,2008-07-16,2009-01-16,2009-04-10,2009-04-10,2009-04-10,ARV,Adult,Aurobindo Pharma Limited,"Lamivudine/Zidovudine 150/300mg, tablets, 60 Tabs",Lamivudine/Zidovudine,Generic,150/300mg,Tablet - FDC,60,5964,51350.04,8.61,0.14,"Aurobindo Unit III, India",True,3509.0,12835.2,100.65
87,961,108-VN-T01,Pre-PQ Process,SCMS-37170,ASN-3562,Vietnam,PMO - US,Direct Drop,EXW,Air,2008-07-16,2009-01-16,2009-04-10,2009-04-10,2009-04-10,ARV,Adult,Aurobindo Pharma Limited,"Lamivudine 150mg, tablets, 60 Tabs",Lamivudine,Generic,150mg,Tablet,60,21000,50400.0,2.4,0.04,"Aurobindo Unit III, India",False,2529.5,4400.805,98.78
88,962,108-VN-T01,Pre-PQ Process,SCMS-37180,ASN-3521,Vietnam,PMO - US,Direct Drop,EXW,Air,2008-07-16,2009-01-16,2009-03-23,2009-03-23,2009-03-23,ARV,Adult,CIPLA LIMITED,"Lamivudine/Nevirapine/Stavudine 150/200/30mg, tablets, 60 Tabs",Lamivudine/Nevirapine/Stavudine,Generic,150/200/30mg,Tablet - FDC,60,10560,72864.0,6.9,0.12,"Cipla, Goa, India",True,924.0,4225.93,142.81
89,979,108-VN-T01,Pre-PQ Process,SCMS-31721,ASN-3454,Vietnam,PMO - US,Direct Drop,EXW,Air,2008-04-21,2008-10-21,2009-03-16,2009-03-16,2009-03-16,ARV,Adult,Aurobindo Pharma Limited,"Lamivudine/Zidovudine 150/300mg, tablets, 60 Tabs",Lamivudine/Zidovudine,Generic,150/300mg,Tablet - FDC,60,2352,20250.72,8.61,0.14,"Aurobindo Unit III, India",True,211.0,892.5,39.69
90,985,109-TZ-T01,Pre-PQ Process,SCMS-38370,ASN-3751,Tanzania,PMO - US,Direct Drop,FCA,Air,2008-08-05,2009-02-05,2009-05-28,2009-05-28,2009-05-28,ARV,Pediatric,ABBVIE LOGISTICS (FORMERLY ABBOTT LOGISTICS BV),"Lopinavir/Ritonavir 80/20mg/ml [Kaletra], oral solution, cool, Bottle 5 x 60 ml",Lopinavir/Ritonavir,Kaletra,80/20mg/ml,Oral solution,300,524,21536.4,41.1,0.14,ABBVIE (Abbott) Logis. UK,True,644.0,6668.61,42.21
91,986,109-TZ-T01,Pre-PQ Process,SCMS-38380,ASN-3627,Tanzania,PMO - US,Direct Drop,FCA,Air,2008-08-05,2009-02-05,2009-05-04,2009-05-04,2009-05-04,ARV,Pediatric,ABBVIE LOGISTICS (FORMERLY ABBOTT LOGISTICS BV),"Lopinavir/Ritonavir 100/25mg [Aluvia], tablets, 60 Tabs",Lopinavir/Ritonavir,Generic,100/25mg,Tablet,60,2094,21526.32,10.28,0.17,ABBVIE Ludwigshafen Germany,True,237.0,0.0,42.19
92,993,107-RW-T01,Pre-PQ Process,SCMS-38660,ASN-3710,Rwanda,PMO - US,Direct Drop,EXW,Air,2008-08-18,2009-02-18,2009-04-28,2009-04-28,2009-04-28,HRDT,HIV test,Premier Medical Corporation Ltd.,"HIV 1/2/O, First Response HIV 1-2.0, v.3.0 Cards Kit, 30 Tests","HIV 1/2/O, First Response HIV 1-2.0, v.3.0 Cards Kit",First Response,no_dosage,Test kit,30,8249,185602.5,22.5,0.75,Premier Med. Corp Ltd. India,True,2800.0,12595.81,363.78
93,1037,123-NG-T01,Pre-PQ Process,SCMS-39640,ASN-4747,Nigeria,PMO - US,Direct Drop,CIP,Air,2008-09-04,2009-03-04,2009-09-30,2009-09-30,2009-09-30,ARV,Adult,BRISTOL-MYERS SQUIBB,"Didanosine EC 400mg [Videx EC], delayed-release capsules, Blister 3 x 10 Caps",Didanosine EC,Videx EC,400mg,Delayed-release capsules - blister,30,200,4734.0,23.67,0.79,"BMS Meymac, France",True,11.0,463.0,9.28
94,1046,106-HT-T01,Pre-PQ Process,SCMS-40000,ASN-3675,Haiti,PMO - US,Direct Drop,CIP,Air,2008-09-06,2009-03-06,2009-03-31,2009-03-31,2009-03-31,ARV,Pediatric,BRISTOL-MYERS SQUIBB,"Didanosine 50mg [Videx], chewable tablets, 60 Tabs",Didanosine,Videx,50mg,Chewable/dispersible tablet,60,80,760.0,9.5,0.16,"BMS Meymac, France",True,43.0,260.0,1.49
95,1047,106-HT-T01,Pre-PQ Process,SCMS-40000,ASN-3675,Haiti,PMO - US,Direct Drop,CIP,Air,2008-09-06,2009-03-06,2009-03-31,2009-03-31,2009-03-31,ARV,Pediatric,BRISTOL-MYERS SQUIBB,"Didanosine 2g [Videx], powder for oral solution 10mg/ml, reconstitute to 200 ml",Didanosine,Videx,2g,Powder for oral solution,200,32,402.88,12.59,0.06,"BMS Meymac, France",False,668.5,2946.7200000000003,0.79
96,1048,106-HT-T01,Pre-PQ Process,SCMS-40030,ASN-3750,Haiti,PMO - US,Direct Drop,FCA,Air,2008-09-06,2009-03-06,2009-04-15,2009-04-15,2009-04-15,ARV,Pediatric,ABBVIE LOGISTICS (FORMERLY ABBOTT LOGISTICS BV),"Lopinavir/Ritonavir 100/25mg [Aluvia], tablets, 60 Tabs",Lopinavir/Ritonavir,Generic,100/25mg,Tablet,60,46,472.88,10.28,0.17,ABBVIE Ludwigshafen Germany,True,10.0,893.22,0.93
97,1063,116-ZA-T01,Pre-PQ Process,SCMS-40810,ASN-3634,South Africa,PMO - US,Direct Drop,DDP,Air,2008-03-30,2008-09-30,2009-03-31,2008-12-02,2008-12-02,ARV,Adult,S. BUYS WHOLESALER,"Efavirenz 600mg, tablets, 30 Tabs",Efavirenz,Generic,600mg,Tablet,30,3025,47522.75,15.71,0.52,"Aurobindo Unit III, India",True,668.5,0.0,93.14
98,1065,116-ZA-T01,Pre-PQ Process,SCMS-41040,ASN-3623,South Africa,PMO - US,Direct Drop,DDP,Air,2008-04-07,2008-10-07,2009-04-07,2008-12-03,2008-12-03,ARV,Adult,S. BUYS WHOLESALER,"Efavirenz 600mg, tablets, 30 Tabs",Efavirenz,Generic,600mg,Tablet,30,3500,49840.0,14.24,0.47,"Cipla, Goa, India",True,1208.0,0.0,97.69
99,1066,116-ZA-T01,Pre-PQ Process,SCMS-41040,ASN-3623,South Africa,PMO - US,Direct Drop,DDP,Air,2008-04-07,2008-10-07,2009-04-07,2008-12-03,2008-12-03,ARV,Pediatric,S. BUYS WHOLESALER,"Zidovudine 10mg/ml, oral solution, Bottle, 240 ml",Zidovudine,Generic,10mg/ml,Oral solution,240,1008,3588.48,3.56,0.01,"Aurobindo Unit III, India",False,354.5,0.0,7.03
100,1067,116-ZA-T01,Pre-PQ Process,SCMS-41060,ASN-3624,South Africa,PMO - US,Direct Drop,DDP,Air,2008-05-05,2008-11-05,2009-05-05,2008-12-23,2008-12-23,ARV,Pediatric,S. BUYS WHOLESALER,"Stavudine 1mg/ml [Zerit], powder for oral solution, Bottle, 200 ml",Stavudine,Zerit,1mg/ml,Powder for oral solution,200,960,1152.0,1.2,0.01,"BMS Meymac, France",True,111.0,0.0,2.26
101,1068,116-ZA-T01,Pre-PQ Process,SCMS-41070,ASN-3625,South Africa,PMO - US,Direct Drop,DDP,Air,2008-05-12,2008-11-12,2009-05-12,2008-12-30,2008-12-30,ARV,Pediatric,S. BUYS WHOLESALER,"Lamivudine 10mg/ml [Epivir], oral solution, Bottle, 240 ml",Lamivudine,Epivir,10mg/ml,Oral solution,240,1800,10512.0,5.84,0.02,GSK Mississauga (Canada),True,199.5,0.0,20.6
102,1070,116-ZA-T01,Pre-PQ Process,SCMS-41140,ASN-3752,South Africa,PMO - US,Direct Drop,DDP,Air,2008-03-30,2008-09-30,2009-03-31,2008-11-21,2008-11-21,ARV,Adult,S. BUYS WHOLESALER,"Stavudine 30mg, capsules, 60 Caps",Stavudine,Generic,30mg,Capsule,60,1200,3384.0,2.82,0.05,"Aurobindo Unit III, India",True,128.0,0.0,6.63
103,1077,116-ZA-T01,Pre-PQ Process,SCMS-41462,ASN-4361,South Africa,PMO - US,Direct Drop,DDP,Air,2008-09-18,2009-03-18,2009-06-25,2009-04-21,2009-04-21,ARV,Pediatric,S. BUYS WHOLESALER,"Lamivudine 10mg/ml, oral solution, Bottle, 240 ml",Lamivudine,Generic,10mg/ml,Oral solution,240,346,1954.9,5.65,0.02,"Aurobindo Unit III, India",True,268.0,0.0,3.83
104,1078,116-ZA-T01,Pre-PQ Process,SCMS-41460,ASN-4502,South Africa,PMO - US,Direct Drop,DDP,Truck,2008-09-18,2009-03-18,2009-06-25,2009-06-05,2009-06-05,ARV,Pediatric,S. BUYS WHOLESALER,"Efavirenz 50mg, capsule, 30 Caps",Efavirenz,Generic,50mg,Capsule,30,5300,16642.0,3.14,0.1,"Aurobindo Unit III, India",True,2922.0,0.0,32.62
105,1079,116-ZA-T01,Pre-PQ Process,SCMS-41464,ASN-4634,South Africa,PMO - US,Direct Drop,DDP,Air,2008-09-18,2009-03-18,2009-06-25,2009-06-17,2009-06-17,ARV,Pediatric,S. BUYS WHOLESALER,"Lamivudine 10mg/ml, oral solution, Bottle, 240 ml",Lamivudine,Generic,10mg/ml,Oral solution,240,342,1932.3,5.65,0.02,"Aurobindo Unit III, India",True,63.0,0.0,3.79
106,1080,116-ZA-T01,Pre-PQ Process,SCMS-41480,ASN-5055,South Africa,PMO - US,Direct Drop,DDP,Truck,2008-12-15,2009-06-15,2009-08-19,2009-08-19,2009-08-19,ARV,Adult,S. BUYS WHOLESALER,"Stavudine 15mg [Zerit], capsules, 60 Caps",Stavudine,Zerit,15mg,Capsule,60,2700,10665.0,3.95,0.07,"BMS Meymac, France",True,216.5,0.0,20.9
107,1084,116-ZA-T01,Pre-PQ Process,SCMS-41581,ASN-4196,South Africa,PMO - US,Direct Drop,DDP,Air,2008-09-27,2009-03-27,2009-06-25,2009-04-14,2009-04-14,ARV,Adult,S. BUYS WHOLESALER,"Lopinavir/Ritonavir 200/50mg [Aluvia], tablets, 120 Tabs",Lopinavir/Ritonavir,Aluvia,200/50mg,Tablet,120,3735,134385.3,35.98,0.3,ABBVIE Ludwigshafen Germany,True,668.5,0.0,263.4
108,1085,116-ZA-T01,Pre-PQ Process,SCMS-41589,ASN-4358,South Africa,PMO - US,Direct Drop,DDP,Air,2008-09-27,2009-03-27,2009-06-25,2009-04-29,2009-04-29,ARV,Adult,S. BUYS WHOLESALER,"Zidovudine 300mg [Retrovir], tablets, 60 Tabs",Zidovudine,Retrovir,300mg,Tablet,60,6000,80640.0,13.44,0.22,GSK Aranda,True,581.0,0.0,158.05
109,1086,116-ZA-T01,Pre-PQ Process,SCMS-41584,ASN-4385,South Africa,PMO - US,Direct Drop,DDP,Air,2008-09-27,2009-03-27,2009-06-25,2009-04-20,2009-04-20,ARV,Adult,S. BUYS WHOLESALER,"Stavudine 30mg, capsules, 60 Caps",Stavudine,Generic,30mg,Capsule,60,11672,35016.0,3.0,0.05,"Aurobindo Unit III, India",True,668.5,0.0,68.63
110,1095,144-BW-T01,Pre-PQ Process,SCMS-41870,ASN-4896,Botswana,PMO - US,Direct Drop,EXW,Air,2008-09-25,2009-03-25,2009-11-13,2009-11-13,2009-11-13,HRDT,HIV test,Orasure Technologies Inc.,"HIV 1/2, OraQuick Advance HIV Rapid Antibody Kit, 100 Tests","HIV 1/2, OraQuick Advance HIV Rapid Antibody Kit",OraQuick,no_dosage,Test kit,100,20,7000.0,350.0,3.5,"Pacific Biotech, Thailand",True,48.0,1172.11,13.72
111,1109,104-CI-T01,Pre-PQ Process,SCMS-42210,ASN-4086,Côte d'Ivoire,PMO - US,Direct Drop,FCA,Air,2008-09-30,2009-03-30,2009-06-30,2009-06-30,2009-06-30,ARV,Adult,ABBVIE LOGISTICS (FORMERLY ABBOTT LOGISTICS BV),"Lopinavir/Ritonavir 200/50mg [Aluvia], tablets, 120 Tabs",Lopinavir/Ritonavir,Aluvia,200/50mg,Tablet,120,10240,420864.0,41.1,0.34,ABBVIE Ludwigshafen Germany,True,2523.0,14806.48,824.89
112,1110,104-CI-T01,Pre-PQ Process,SCMS-42230,ASN-4423,Côte d'Ivoire,PMO - US,Direct Drop,FCA,Air,2008-09-30,2009-03-30,2009-07-22,2009-07-22,2009-07-22,ARV,Adult,ABBVIE LOGISTICS (FORMERLY ABBOTT LOGISTICS BV),"Ritonavir 100mg [Norvir], capsules, cool, 4 x 84 Caps",Ritonavir,Norvir,100mg,Capsule,336,400,15344.0,38.36,0.11,ABBVIE (Abbott) Logis. UK,True,175.0,7642.97,30.07
113,1111,116-ZA-T01,Pre-PQ Process,SCMS-47390,ASN-4402,South Africa,PMO - US,Direct Drop,DDP,Truck,2008-10-02,2009-04-02,2009-07-31,2009-04-21,2009-04-21,ARV,Pediatric,S. BUYS WHOLESALER,"Lopinavir/Ritonavir 80/20mg/ml [Kaletra], oral solution, cool, Bottle 5 x 60 ml",Lopinavir/Ritonavir,Kaletra,80/20mg/ml,Oral solution,300,30,1080.0,36.0,0.12,ABBVIE (Abbott) Logis. UK,True,55.0,0.0,2.12
114,1114,116-ZA-T01,Pre-PQ Process,SCMS-47430,ASN-4244,South Africa,PMO - US,Direct Drop,DDP,Truck,2008-10-02,2009-04-02,2009-05-15,2009-04-17,2009-04-17,ARV,Adult,S. BUYS WHOLESALER,"Emtricitabine/Tenofovir Disoproxil Fumarate 200/300mg [Truvada], tablets, 30 Tabs",Emtricitabine/Tenofovir Disoproxil Fumarate,Truvada,300/200mg,Tablet - FDC,30,80,2816.0,35.2,1.17,"Aspen-OSD, Port Elizabeth, SA",True,19.0,0.0,5.52
115,1115,116-ZA-T01,Pre-PQ Process,SCMS-47500,ASN-4332,South Africa,PMO - US,Direct Drop,DDP,Truck,2008-10-02,2009-04-02,2009-05-15,2009-04-23,2009-04-23,ARV,Adult,S. BUYS WHOLESALER,"Zidovudine 300mg, tablets, 60 Tabs",Zidovudine,Generic,300mg,Tablet,60,1000,19770.0,19.77,0.33,"Aurobindo Unit III, India",True,132.0,3134.85,38.75
116,1122,106-HT-T01,Pre-PQ Process,SCMS-42720,ASN-4787,Haiti,PMO - US,Direct Drop,EXW,Air,2008-10-02,2009-04-02,2009-09-16,2009-09-16,2009-09-16,HRDT,HIV test,Orasure Technologies Inc.,"HIV 1/2, OraQuick Advance HIV Rapid Antibody Kit, 100 Tests","HIV 1/2, OraQuick Advance HIV Rapid Antibody Kit",OraQuick,no_dosage,Test kit,100,60,21000.0,350.0,3.5,"Pacific Biotech, Thailand",True,144.0,3128.19,41.16
117,1134,102-KE-T01,Pre-PQ Process,SCMS-42980,ASN-4343,Kenya,PMO - US,Direct Drop,EXW,Air,2008-10-04,2009-04-04,2009-07-10,2009-07-10,2009-07-10,HRDT,HIV test,"Orgenics, Ltd","HIV 1/2, Determine Complete HIV Kit, 100 Tests","HIV 1/2, Determine Complete HIV Kit",Determine,no_dosage,Test kit,100,7500,600000.0,80.0,0.8,Inverness Japan,True,2215.0,16835.31,1176.0
118,1140,133-NG-T01,Pre-PQ Process,SCMS-43330,ASN-4437,Nigeria,PMO - US,Direct Drop,EXW,Air,2008-10-09,2009-04-09,2009-08-18,2009-08-18,2009-08-18,HRDT,HIV test,"Orgenics, Ltd","HIV 1/2, Determine Complete HIV Kit, 100 Tests","HIV 1/2, Determine Complete HIV Kit",Determine,no_dosage,Test kit,100,6395,511600.0,80.0,0.8,Inverness Japan,True,1915.0,24514.33,1002.74
119,1156,107-RW-T01,Pre-PQ Process,SCMS-43890,ASN-4503,Rwanda,PMO - US,Direct Drop,CIP,Air,2008-10-15,2009-04-15,2009-07-25,2009-07-25,2009-07-25,ARV,Adult,HETERO LABS LIMITED,"Efavirenz 600mg, tablets, 30 Tabs",Efavirenz,Generic,600mg,Tablet,30,55356,386384.88,6.98,0.23,Hetero Unit III Hyderabad IN,True,4482.0,37404.74,757.31
120,1162,104-CI-T01,Pre-PQ Process,SCMS-44130,ASN-4791,Côte d'Ivoire,PMO - US,Direct Drop,EXW,Air,2008-10-15,2009-04-15,2009-09-15,2009-09-15,2009-09-15,HRDT,HIV test,BIO-RAD LABORATORIES (FRANCE),"#108853** HIV, Genie II HIV-1/HIV-2 Kit, 40 Tests","HIV, Genie II HIV-1/HIV-2 Kit",Genie,no_dosage,Test kit,40,1000,110000.0,110.0,2.75,Bio-Rad Laboratories,True,1101.0,8074.03,215.6
121,1179,108-VN-T01,Pre-PQ Process,SCMS-44990,ASN-4302,Vietnam,PMO - US,Direct Drop,FCA,Air,2008-10-29,2009-04-29,2009-07-17,2009-07-17,2009-07-17,ARV,Adult,ABBVIE LOGISTICS (FORMERLY ABBOTT LOGISTICS BV),"Ritonavir 100mg [Norvir], capsules, cool, 4 x 84 Caps",Ritonavir,Norvir,100mg,Capsule,336,8,613.76,76.72,0.23,ABBVIE (Abbott) France,True,48.0,3366.04,1.2
122,1183,108-VN-T01,Pre-PQ Process,SCMS-45080,ASN-4420,Vietnam,PMO - US,Direct Drop,EXW,Air,2008-10-29,2009-04-29,2009-07-10,2009-07-10,2009-07-10,ARV,Adult,Aurobindo Pharma Limited,"Lamivudine/Nevirapine/Zidovudine 150/200/300mg, tablets, 60 Tabs",Lamivudine/Nevirapine/Zidovudine,Generic,150/300/200mg,Tablet - FDC,60,3500,39025.0,11.15,0.19,"Aurobindo Unit III, India",True,1804.0,6341.88,76.49
123,1196,102-BW-T01,Pre-PQ Process,SCMS-46071,ASN-4324,Botswana,PMO - US,Direct Drop,EXW,Air,2008-11-27,2009-05-27,2009-06-12,2009-07-10,2009-07-10,HRDT,HIV test,Orasure Technologies Inc.,"HIV 1/2, OraQuick Advance HIV Rapid Antibody Kit, 100 Tests","HIV 1/2, OraQuick Advance HIV Rapid Antibody Kit",OraQuick,no_dosage,Test kit,100,5,1750.0,350.0,3.5,"Pacific Biotech, Thailand",True,12.0,684.42,3.43
124,1198,119-NA-T01,Pre-PQ Process,SCMS-46120,ASN-4659,Namibia,PMO - US,Direct Drop,EXW,Air,2008-11-18,2009-05-18,2009-09-01,2009-09-01,2009-09-01,HRDT,HIV test,"Orgenics, Ltd","HIV 1/2, Clearview Complete Kit, 25 Tests","HIV 1/2, Clearview Complete Kit",Clearview,no_dosage,Test kit,25,67,5025.0,75.0,3.0,Chembio Diagnostics Sys. Inc.,True,48.0,401.97,9.85
125,1213,108-VN-T01,Pre-PQ Process,SCMS-46550,ASN-4488,Vietnam,PMO - US,Direct Drop,CIP,Air,2008-11-27,2009-05-27,2009-07-28,2009-07-28,2009-07-28,ARV,Pediatric,BRISTOL-MYERS SQUIBB,"Didanosine 25mg [Videx], chewable tablets, 60 Tabs",Didanosine,Videx,25mg,Chewable/dispersible tablet,60,400,2800.0,7.0,0.12,"BMS Meymac, France",True,148.0,14.36,5.49
126,1215,119-NA-T01,Pre-PQ Process,SCMS-46820,ASN-4311,Namibia,PMO - US,Direct Drop,EXW,Air,2008-12-02,2009-06-02,2009-06-29,2009-06-29,2009-06-29,HRDT,HIV test,"Trinity Biotech, Plc","HIV 1/2, Uni-Gold HIV Kit, 20 Tests","HIV 1/2, Uni-Gold HIV Kit",Uni-Gold,no_dosage,Test kit,20,220,7040.0,32.0,1.6,"Trinity Biotech, Plc",True,79.0,1736.18,13.8
127,1221,116-ZA-T01,Pre-PQ Process,SCMS-46970,ASN-4821,South Africa,PMO - US,Direct Drop,DDP,Truck,2008-12-05,2009-06-05,2009-07-28,2009-07-28,2009-07-28,ARV,Adult,S. BUYS WHOLESALER,"Ritonavir 100mg [Norvir], capsules, cool, 84 Caps",Ritonavir,Norvir,100mg,Capsule,84,50,490.0,9.8,0.12,ABBVIE (Abbott) Logis. UK,True,35.0,0.0,0.96
128,1222,116-ZA-T01,Pre-PQ Process,SCMS-47051,ASN-4838,South Africa,PMO - US,Direct Drop,DDP,Truck,2008-12-05,2009-06-05,2009-10-12,2009-08-05,2009-08-05,ARV,Adult,S. BUYS WHOLESALER,"Lamivudine 150mg, tablets, 60 Tabs",Lamivudine,Generic,150mg,Tablet,60,5000,41300.0,8.26,0.14,"Aurobindo Unit III, India",True,452.0,0.0,80.95
129,1223,116-ZA-T01,Pre-PQ Process,SCMS-47051,ASN-4836,South Africa,PMO - US,Direct Drop,DDP,Truck,2008-12-05,2009-06-05,2009-10-12,2009-07-28,2009-07-28,ARV,Pediatric,S. BUYS WHOLESALER,"Lamivudine 10mg/ml [Epivir], oral solution, Bottle, 240 ml",Lamivudine,Epivir,10mg/ml,Oral solution,240,460,2838.2,6.17,0.03,GSK Mississauga (Canada),True,668.5,0.0,5.56
130,1245,100-CI-T01,Pre-PQ Process,SCMS-1,ASN-5,Côte d'Ivoire,PMO - US,Direct Drop,EXW,Air,2005-10-19,2006-04-19,2006-06-27,2006-06-27,2006-06-27,HRDT,HIV test,BIO-RAD LABORATORIES (FRANCE),"#108853** HIV, Genie II HIV-1/HIV-2 Kit, 40 Tests","HIV, Genie II HIV-1/HIV-2 Kit",Genie,no_dosage,Test kit,40,147,11076.45,75.35,1.88,Bio-Rad Laboratories,True,165.0,1816.57,0.0
131,1246,104-CI-T01,Pre-PQ Process,SCMS-5,ASN-7,Côte d'Ivoire,PMO - US,Direct Drop,EXW,Air,2005-07-14,2006-01-14,2006-07-14,2006-07-14,2006-07-14,HRDT,HIV test,Orasure Technologies Inc.,"HIV 1/2, OraQuick Advance HIV Rapid Antibody Kit, 100 Tests","HIV 1/2, OraQuick Advance HIV Rapid Antibody Kit",OraQuick,no_dosage,Test kit,100,6,2400.0,400.0,4.0,"Pacific Biotech, Thailand",True,15.0,1039.5,0.0
132,1251,108-VN-T01,Pre-PQ Process,SCMS-12,ASN-91,Vietnam,PMO - US,Direct Drop,CIP,Air,2005-11-16,2006-05-16,2006-11-16,2006-11-16,2006-11-16,ARV,Pediatric,BRISTOL-MYERS SQUIBB,"Didanosine 25mg [Videx], chewable tablets, 60 Tabs",Didanosine,Videx,25mg,Chewable/dispersible tablet,60,2800,19600.0,7.0,0.12,"BMS Meymac, France",True,555.0,3292.15,0.0
133,1262,106-HT-T01,Pre-PQ Process,SCMS-74,ASN-46,Haiti,PMO - US,Direct Drop,EXW,Air,2005-11-09,2006-05-09,2006-11-09,2006-11-09,2006-11-09,HRDT,HIV test,Orasure Technologies Inc.,"HIV 1/2, OraQuick Advance HIV Rapid Antibody Kit, 100 Tests","HIV 1/2, OraQuick Advance HIV Rapid Antibody Kit",OraQuick,no_dosage,Test kit,100,15,6000.0,400.0,4.0,"Pacific Biotech, Thailand",True,36.0,1195.29,0.0
134,1279,113-ZW-T01,Pre-PQ Process,SCMS-135,ASN-79,Zimbabwe,PMO - US,Direct Drop,CIP,Air,2005-11-07,2006-05-07,2006-11-07,2006-11-07,2006-11-07,ARV,Adult,INTERNATIONAL HEALTHCARE DISTRIBUTORS,"Lopinavir/Ritonavir 133.3/33.3mg [Kaletra], capsules, cool, 2 x 90 Caps",Lopinavir/Ritonavir,Kaletra,133.3/33.3mg,Capsule,180,260,11096.8,42.68,0.24,ABBVIE (Abbott) St. P'burg USA,True,135.0,0.0,0.0
135,1281,112-NG-T01,Pre-PQ Process,SCMS-156,ASN-93,Nigeria,PMO - US,Direct Drop,EXW,Air,2005-12-07,2006-06-07,2006-12-07,2006-12-07,2006-12-07,ARV,Adult,Aurobindo Pharma Limited,"Lamivudine 150mg, tablets, 60 Tabs",Lamivudine,Generic,150mg,Tablet,60,894,2994.9,3.35,0.06,"Aurobindo Unit III, India",True,479.0,4861.14,0.0
136,1282,108-VN-T01,Pre-PQ Process,SCMS-169,ASN-272,Vietnam,PMO - US,Direct Drop,EXW,Air,2006-05-15,2006-11-15,2007-03-14,2007-03-14,2007-03-14,ARV,Adult,CIPLA LIMITED,"Lamivudine/Zidovudine 150/300mg, tablets, 60 Tabs",Lamivudine/Zidovudine,Generic,150/300mg,Tablet - FDC,60,25100,276100.0,11.0,0.18,"Cipla, Goa, India",True,2575.0,18772.94,0.0
137,1283,108-VN-T01,Pre-PQ Process,SCMS-170,ASN-273,Vietnam,PMO - US,Direct Drop,EXW,Air,2006-05-15,2006-11-15,2007-03-14,2007-03-14,2007-03-14,ARV,Adult,STRIDES ARCOLAB LIMITED,"Stavudine 30mg, capsules, 60 Caps",Stavudine,Generic,30mg,Capsule,60,95500,144205.0,1.51,0.03,"Strides, Bangalore, India.",True,9170.0,42453.21,0.0
138,1285,102-GY-T01,Pre-PQ Process,SCMS-177,ASN-136,Guyana,PMO - US,Direct Drop,EXW,Air,2005-12-29,2006-06-29,2006-12-29,2006-12-29,2006-12-29,HRDT,HIV test,"Trinity Biotech, Plc","HIV 1/2, Uni-Gold HIV Kit, 20 Tests","HIV 1/2, Uni-Gold HIV Kit",Uni-Gold,no_dosage,Test kit,20,900,36000.0,40.0,2.0,"Trinity Biotech, Plc",True,316.0,4989.87,0.0
139,1295,111-MZ-T01,Pre-PQ Process,SCMS-211,ASN-229,Mozambique,PMO - US,Direct Drop,CIP,Air,2006-05-17,2006-11-17,2007-02-15,2007-02-15,2007-02-15,ARV,Adult,ABBVIE LOGISTICS (FORMERLY ABBOTT LOGISTICS BV),"Lopinavir/Ritonavir 200/50mg [Aluvia], tablets, 120 Tabs",Lopinavir/Ritonavir,Aluvia,200/50mg,Tablet,120,80,3288.0,41.1,0.34,ABBSP,True,25.0,0.0,0.0
140,1298,108-VN-T01,Pre-PQ Process,SCMS-262,ASN-386,Vietnam,PMO - US,Direct Drop,EXW,Air,2006-07-09,2007-01-09,2007-05-12,2007-05-12,2007-05-12,ARV,Adult,CIPLA LIMITED,"Lamivudine/Nevirapine/Stavudine 150/200/30mg, tablets, 60 Tabs",Lamivudine/Nevirapine/Stavudine,Generic,150/200/30mg,Tablet - FDC,60,70000,525000.0,7.5,0.12,"Cipla, Goa, India",True,6813.0,31858.09,0.0
141,1299,107-RW-T01,Pre-PQ Process,SCMS-268,ASN-242,Rwanda,PMO - US,Direct Drop,EXW,Air,2006-06-22,2006-12-22,2007-02-27,2007-02-27,2007-02-27,ARV,Adult,CIPLA LIMITED,"Efavirenz 600mg, tablets, 30 Tabs",Efavirenz,Generic,600mg,Tablet,30,71577,1087970.4,15.2,0.51,"Cipla, Goa, India",False,668.5,5865.805,0.0
142,1300,107-RW-T01,Pre-PQ Process,SCMS-268,ASN-242,Rwanda,PMO - US,Direct Drop,EXW,Air,2006-06-22,2006-12-22,2007-02-27,2007-02-27,2007-02-27,ARV,Adult,CIPLA LIMITED,"Abacavir 300mg, tablets, 60 Tabs",Abacavir,Generic,300mg,Tablet,60,5605,202340.5,36.1,0.6,"Cipla, Patalganga, India",False,668.5,5865.805,0.0
143,1303,117-ET-T01,Pre-PQ Process,SCMS-284,ASN-168,Ethiopia,PMO - US,Direct Drop,FCA,Air,2006-06-14,2006-12-14,2006-12-28,2006-12-28,2006-12-28,HRDT,HIV test,Abbott GmbH & Co. KG,"HIV 1/2, Determine Complete HIV Kit, 100 Tests","HIV 1/2, Determine Complete HIV Kit",Determine,no_dosage,Test kit,100,200,16000.0,80.0,0.8,ABBVIE GmbH & Co.KG Wiesbaden,True,167.5,4672.77,0.0
144,1306,108-VN-T01,Pre-PQ Process,SCMS-314,ASN-624,Vietnam,PMO - US,Direct Drop,EXW,Air,2006-08-07,2007-02-07,2007-08-24,2007-08-24,2007-08-24,ARV,Adult,CIPLA LIMITED,"Lamivudine/Nevirapine/Stavudine 150/200/30mg, tablets, 60 Tabs",Lamivudine/Nevirapine/Stavudine,Generic,150/200/30mg,Tablet - FDC,60,25000,187500.0,7.5,0.12,"Cipla, Goa, India",True,2348.0,21439.59,300.0
145,1307,102-NG-T01,Pre-PQ Process,SCMS-343,ASN-259,Nigeria,PMO - US,Direct Drop,EXW,Air,2006-03-15,2006-09-15,2007-03-15,2007-03-30,2007-03-30,HRDT,HIV test,BIO-RAD LABORATORIES (FRANCE),"#108853** HIV, Genie II HIV-1/HIV-2 Kit, 40 Tests","HIV, Genie II HIV-1/HIV-2 Kit",Genie,no_dosage,Test kit,40,375,28500.0,76.0,1.9,Bio-Rad Laboratories,True,402.0,4445.75,0.0
146,1309,117-ET-T01,Pre-PQ Process,SCMS-360,ASN-201,Ethiopia,PMO - US,Direct Drop,EXW,Air,2006-06-14,2006-12-14,2007-01-15,2007-01-15,2007-01-15,HRDT,HIV test,Abbott GmbH & Co. KG,"HIV 1/2, Determine Complete HIV Kit, 100 Tests","HIV 1/2, Determine Complete HIV Kit",Determine,no_dosage,Test kit,100,4650,372000.0,80.0,0.8,ABBVIE GmbH & Co.KG Wiesbaden,True,1707.0,24859.45,0.0
147,1337,104-CI-T01,Pre-PQ Process,SCMS-610,ASN-813,Côte d'Ivoire,PMO - US,Direct Drop,CIP,Air,2006-11-09,2007-05-09,2007-10-23,2007-10-23,2007-10-23,ARV,Pediatric,BRISTOL-MYERS SQUIBB,"Didanosine 50mg [Videx], chewable tablets, 60 Tabs",Didanosine,Videx,50mg,Chewable/dispersible tablet,60,1577,14981.5,9.5,0.16,"BMS Meymac, France",True,306.0,0.0,23.97
148,1347,102-NG-T01,Pre-PQ Process,SCMS-695,ASN-622,Nigeria,PMO - US,Direct Drop,EXW,Air,2006-09-07,2007-03-07,2007-09-07,2007-09-07,2007-09-07,HRDT,HIV test,Abbott GmbH & Co. KG,"HIV 1/2, Determine Complete HIV Kit, 100 Tests","HIV 1/2, Determine Complete HIV Kit",Determine,no_dosage,Test kit,100,3500,280000.0,80.0,0.8,ABBVIE GmbH & Co.KG Wiesbaden,True,1194.0,5858.57,448.0
149,1350,104-CI-T01,Pre-PQ Process,SCMS-698,ASN-727,Côte d'Ivoire,PMO - US,Direct Drop,CIP,Air,2007-01-13,2007-07-13,2007-10-02,2007-10-02,2007-10-02,ARV,Pediatric,BRISTOL-MYERS SQUIBB,"Didanosine 50mg [Videx], chewable tablets, 60 Tabs",Didanosine,Videx,50mg,Chewable/dispersible tablet,60,4270,40565.0,9.5,0.16,"BMS Meymac, France",False,668.5,0.0,64.9
150,1356,108-VN-T01,Pre-PQ Process,SCMS-749,ASN-744,Vietnam,PMO - US,Direct Drop,EXW,Air,2007-01-03,2007-07-03,2007-10-02,2007-10-02,2007-10-02,ARV,Pediatric,Aurobindo Pharma Limited,"Nevirapine 10mg/ml, oral suspension, Bottle, 240 ml",Nevirapine,Generic,10mg/ml,Oral suspension,240,1000,1920.0,1.92,0.01,"Aurobindo Unit III, India",True,960.0,13762.41,3.07
151,1357,108-VN-T01,Pre-PQ Process,SCMS-749,ASN-744,Vietnam,PMO - US,Direct Drop,EXW,Air,2007-01-03,2007-07-03,2007-10-02,2007-10-02,2007-10-02,ARV,Pediatric,Aurobindo Pharma Limited,"Zidovudine 10mg/ml, oral solution, Bottle, 240 ml",Zidovudine,Generic,10mg/ml,Oral solution,240,1000,2100.0,2.1,0.01,"Aurobindo Unit III, India",False,132.0,4400.805,3.36
152,1358,108-VN-T01,Pre-PQ Process,SCMS-753,ASN-781,Vietnam,PMO - US,Direct Drop,EXW,Air,2007-01-04,2007-07-04,2007-10-15,2007-10-15,2007-10-15,ARV,Pediatric,Aurobindo Pharma Limited,"Zidovudine 10mg/ml, oral solution, Bottle, 240 ml",Zidovudine,Generic,10mg/ml,Oral solution,240,1000,2100.0,2.1,0.01,"Aurobindo Unit III, India",False,132.0,4400.805,3.36
153,1359,108-VN-T01,Pre-PQ Process,SCMS-753,ASN-782,Vietnam,PMO - US,Direct Drop,EXW,Air,2007-01-04,2007-07-04,2007-10-15,2007-10-15,2007-10-15,ARV,Adult,Aurobindo Pharma Limited,"Lamivudine/Nevirapine/Zidovudine 150/200/300mg, tablets, 60 Tabs",Lamivudine/Nevirapine/Zidovudine,Generic,150/300/200mg,Tablet - FDC,60,3000,40500.0,13.5,0.22,"Aurobindo Unit III, India",True,332.0,4454.62,64.8
154,1360,108-VN-T01,Pre-PQ Process,SCMS-754,ASN-926,Vietnam,PMO - US,Direct Drop,EXW,Air,2007-01-04,2007-07-04,2007-11-23,2007-11-23,2007-11-23,ARV,Adult,Aurobindo Pharma Limited,"Efavirenz 600mg, tablets, 30 Tabs",Efavirenz,Generic,600mg,Tablet,30,22500,277425.0,12.33,0.41,"Aurobindo Unit III, India",True,1955.0,16095.39,443.88
155,1361,108-VN-T01,Pre-PQ Process,SCMS-757,ASN-631,Vietnam,PMO - US,Direct Drop,FCA,Air,2007-01-03,2007-07-03,2007-08-27,2007-08-27,2007-08-27,ARV,Adult,ABBVIE LOGISTICS (FORMERLY ABBOTT LOGISTICS BV),"Lopinavir/Ritonavir 200/50mg [Aluvia], tablets, 120 Tabs",Lopinavir/Ritonavir,Aluvia,200/50mg,Tablet,120,500,41095.0,82.19,0.68,ABBVIE Ludwigshafen Germany,True,117.0,1767.38,65.75
156,6884,106-HT-T01,Pre-PQ Process,SCMS-15590,ASN-1328,Haiti,PMO - US,Direct Drop,EXW,Air,2007-08-04,2008-02-04,2008-02-18,2008-02-18,2008-02-18,HRDT,HIV test,"Trinity Biotech, Plc","HIV 1/2, Capillus HIV Kit, 100 Tests","HIV 1/2, Capillus HIV Kit",Capillus,no_dosage,Test kit,100,8,1112.0,139.0,1.39,"Trinity Biotech, Plc",True,6.0,3238.79,1.78
157,1383,109-TZ-T01,Pre-PQ Process,SCMS-10240,ASN-649,Tanzania,PMO - US,Direct Drop,EXW,Air,2006-09-19,2007-03-19,2007-09-19,2007-09-19,2007-09-19,HRDT,HIV test,"Standard Diagnostics, Inc.","HIV 1/2, Bioline 3.0 Kit, Lancets, Capillary pipets, Alcohol swabs included, 25 Tests","HIV 1/2, Bioline 3.0 Kit, Lancets, Capillary pipets, Alcohol swabs included",Bioline,no_dosage,Test kit,25,10000,200000.0,20.0,0.8,"Standard Diagnostics, Korea",True,3336.0,25165.3,320.0
158,1502,107-RW-T01,Pre-PQ Process,SCMS-13900,ASN-990,Rwanda,PMO - US,Direct Drop,EXW,Air,2007-05-12,2007-11-12,2008-01-28,2008-01-28,2008-01-28,ARV,Adult,ASPEN PHARMACARE,"Tenofovir Disoproxil Fumarate 300mg [Viread], tablets, 30 Tabs",Tenofovir Disoproxil Fumarate,Viread,300mg,Tablet,30,1609,27353.0,17.0,0.57,"Aspen-OSD, Port Elizabeth, SA",True,157.0,7922.24,43.76
159,1512,116-ZA-T01,Pre-PQ Process,SCMS-14050,ASN-1251,South Africa,PMO - US,Direct Drop,DDP,Truck,2007-05-12,2007-11-12,2008-01-29,2008-01-29,2008-01-29,ARV,Pediatric,"JSI R&T INSTITUTE, INC.","Lopinavir/Ritonavir 80/20mg/ml [Kaletra], oral solution, cool, Bottle 5 x 60 ml",Lopinavir/Ritonavir,Kaletra,80/20mg/ml,Oral solution,300,30,1447.8,48.26,0.16,ABBVIE (Abbott) Logis. UK,False,55.0,0.0,2.32
160,1513,116-ZA-T01,Pre-PQ Process,SCMS-14050,ASN-1251,South Africa,PMO - US,Direct Drop,DDP,Truck,2007-05-12,2007-11-12,2008-01-29,2008-01-29,2008-01-29,ARV,Adult,"JSI R&T INSTITUTE, INC.","Didanosine EC 400mg [Videx EC], delayed-release capsules, Blister 3 x 10 Caps",Didanosine EC,Videx EC,400mg,Delayed-release capsules - blister,30,100,2850.0,28.5,0.95,"BMS Meymac, France",False,36.0,0.0,4.56
161,1519,108-VN-T01,Pre-PQ Process,SCMS-14170,ASN-1439,Vietnam,PMO - US,Direct Drop,FCA,Air,2007-05-21,2007-11-21,2008-03-28,2008-03-28,2008-03-28,ARV,Adult,ABBVIE LOGISTICS (FORMERLY ABBOTT LOGISTICS BV),"Ritonavir 100mg [Norvir], capsules, cool, 4 x 84 Caps",Ritonavir,Norvir,100mg,Capsule,336,100,18333.0,183.33,0.55,ABBVIE (Abbott) Logis. UK,True,337.0,2535.4,29.33
162,1527,102-NG-T01,Pre-PQ Process,SCMS-14640,ASN-1167,Nigeria,PMO - US,Direct Drop,EXW,Air,2007-05-30,2007-11-30,2008-01-21,2008-01-21,2008-01-21,HRDT,HIV test,"CHEMBIO DIAGNOSTIC SYSTEMS, INC.","HIV 1/2, Stat-Pak HIV, Kit, 20 Tests","HIV 1/2, Stat-Pak HIV, Kit",Stat-Pak,no_dosage,Test kit,20,10000,270000.0,27.0,1.35,Chembio Diagnostics Sys. Inc.,True,3336.0,28002.75,432.0
163,1529,107-RW-T01,Pre-PQ Process,SCMS-14750,ASN-1194,Rwanda,PMO - US,Direct Drop,CIP,Air,2007-06-03,2007-12-03,2008-01-28,2008-01-28,2008-01-28,ARV,Adult,MYLAN LABORATORIES LTD (FORMERLY MATRIX LABORATORIES),"Abacavir 300mg, tablets, 60 Tabs",Abacavir,Generic,300mg,Tablet,60,1099,30222.5,27.5,0.46,Mylan (formerly Matrix) Nashik,True,113.0,1511.25,48.36
164,1530,108-VN-T01,Pre-PQ Process,SCMS-14760,ASN-1230,Vietnam,PMO - US,Direct Drop,EXW,Air,2007-06-05,2007-12-05,2008-02-01,2008-02-01,2008-02-01,ARV,Adult,Aurobindo Pharma Limited,"Stavudine 20mg, capsules, 60 Caps",Stavudine,Generic,20mg,Capsule,60,1200,2100.0,1.75,0.03,"Aurobindo Unit III, India",True,125.0,2429.85,3.36
165,1531,100-KZ-T01,Pre-PQ Process,SCMS-14770,ASN-1061,Kazakhstan,PMO - US,Direct Drop,DDP,Air,2007-05-30,2007-11-30,2007-12-27,2007-12-27,2007-12-27,HRDT,HIV test,Orasure Technologies Inc.,"HIV 1/2, OraQuick Advance HIV Rapid Antibody Kit, 100 Tests","HIV 1/2, OraQuick Advance HIV Rapid Antibody Kit",OraQuick,no_dosage,Test kit,100,50,17500.0,350.0,3.5,"Pacific Biotech, Thailand",True,18.0,0.0,28.0
166,1549,123-NG-T01,Pre-PQ Process,SCMS-15550,ASN-1197,Nigeria,PMO - US,Direct Drop,EXW,Air,2007-02-05,2007-08-05,2008-02-05,2008-02-05,2008-02-05,HRDT,HIV test,"Orgenics, Ltd","HIV 1/2, Determine HIV Kit, without Lancets, 100 Tests","HIV 1/2, Determine HIV Kit, without Lancets",Determine,no_dosage,Test kit,100,650,51993.5,79.99,0.8,Inverness Japan,True,148.0,2577.27,83.19
167,1587,116-ZA-T01,Pre-PQ Process,SCMS-16600,ASN-1520,South Africa,PMO - US,Direct Drop,DDP,Truck,2007-07-04,2008-01-04,2008-01-21,2008-01-04,2008-01-04,ARV,Adult,"JSI R&T INSTITUTE, INC.","Stavudine 20mg [Zerit], capsules, 60 Caps",Stavudine,Zerit,20mg,Capsule,60,100,573.0,5.73,0.1,"BMS Meymac, France",False,36.0,0.0,0.92
168,1593,102-BW-T01,Pre-PQ Process,SCMS-16730,ASN-1721,Botswana,PMO - US,Direct Drop,EXW,Air,2007-08-04,2008-02-04,2008-07-03,2008-07-03,2008-07-03,HRDT,HIV test,"Trinity Biotech, Plc","HIV 1/2, Uni-Gold HIV Kit, 20 Tests","HIV 1/2, Uni-Gold HIV Kit",Uni-Gold,no_dosage,Test kit,20,450,14400.0,32.0,1.6,"Trinity Biotech, Plc",True,154.0,2496.62,23.04
169,1594,102-NG-T01,Pre-PQ Process,SCMS-16890,ASN-2014,Nigeria,PMO - US,Direct Drop,EXW,Air,2007-07-29,2008-01-29,2008-09-19,2008-07-16,2008-07-16,HRDT,HIV test,"CHEMBIO DIAGNOSTIC SYSTEMS, INC.","HIV 1/2, Stat-Pak HIV, Kit, 20 Tests","HIV 1/2, Stat-Pak HIV, Kit",Stat-Pak,no_dosage,Test kit,20,10270,277290.0,27.0,1.35,Chembio Diagnostics Sys. Inc.,True,2907.0,18864.37,443.66
170,1618,111-MZ-T01,Pre-PQ Process,SCMS-17800,ASN-1368,Mozambique,PMO - US,Direct Drop,EXW,Air,2007-08-19,2008-02-19,2008-03-27,2008-03-27,2008-03-27,HRDT,HIV test,"Trinity Biotech, Plc","HIV 1/2, Uni-Gold HIV Kit, 20 Tests","HIV 1/2, Uni-Gold HIV Kit",Uni-Gold,no_dosage,Test kit,20,9000,288000.0,32.0,1.6,"Trinity Biotech, Plc",True,9000.0,55746.59,460.8
171,1628,110-ZM-T01,Pre-PQ Process,SCMS-18030,ASN-1619,Zambia,PMO - US,Direct Drop,EXW,Air,2007-08-25,2008-02-25,2008-05-14,2008-05-14,2008-05-14,HRDT,HIV test,"Trinity Biotech, Plc","HIV 1/2, Uni-Gold HIV Kit, 20 Tests","HIV 1/2, Uni-Gold HIV Kit",Uni-Gold,no_dosage,Test kit,20,6040,193280.0,32.0,1.6,"Trinity Biotech, Plc",True,2052.0,24689.0,309.25
172,1634,110-ZM-T01,Pre-PQ Process,SCMS-18240,ASN-1789,Zambia,PMO - US,Direct Drop,EXW,Air,2007-08-29,2008-02-29,2008-06-06,2008-05-30,2008-05-30,HRDT,HIV test - Ancillary,"Orgenics, Ltd","HIV, Lancet, Safety, for HIV Test kits, 100 Pcs","HIV, Lancet, Safety, for HIV Test kits, 100 Pcs",Generic,no_dosage,Test kit - Ancillary,100,4300,43.0,0.01,0.0,Inverness Japan,True,284.0,0.0,0.07
173,1637,104-CI-T01,Pre-PQ Process,SCMS-18320,ASN-3465,Côte d'Ivoire,PMO - US,Direct Drop,EXW,Air,2007-08-27,2008-02-27,2009-03-04,2009-03-04,2009-03-04,HRDT,HIV test,"CHEMBIO DIAGNOSTIC SYSTEMS, INC.","HIV 1/2, Stat-Pak HIV, Kit, 20 Tests","HIV 1/2, Stat-Pak HIV, Kit",Stat-Pak,no_dosage,Test kit,20,289,7803.0,27.0,1.35,Chembio Diagnostics Sys. Inc.,True,79.0,1104.69,15.29
174,1638,111-MZ-T01,Pre-PQ Process,SCMS-18340,ASN-1746,Mozambique,PMO - US,Direct Drop,EXW,Air,2007-08-27,2008-02-27,2008-07-09,2008-07-04,2008-07-04,HRDT,HIV test,"Orgenics, Ltd","HIV 1/2, Determine HIV Kit, without Lancets, 100 Tests","HIV 1/2, Determine HIV Kit, without Lancets",Determine,no_dosage,Test kit,100,3000,215970.0,71.99,0.72,Inverness Japan,True,682.0,5298.9,345.55
175,1643,104-CI-T01,Pre-PQ Process,SCMS-18420,ASN-1469,Côte d'Ivoire,PMO - US,Direct Drop,EXW,Air,2007-08-28,2008-02-28,2008-04-08,2008-04-04,2008-04-04,HRDT,HIV test - Ancillary,"Orgenics, Ltd","HIV, Lancet, Safety, for HIV Test kits, 100 Pcs","HIV, Lancet, Safety, for HIV Test kits, 100 Pcs",Generic,no_dosage,Test kit - Ancillary,100,70,0.7,0.01,0.0,Inverness Japan,True,33.0,4063.81,0.0
176,1644,104-CI-T01,Pre-PQ Process,SCMS-18450,ASN-1934,Côte d'Ivoire,PMO - US,Direct Drop,EXW,Air,2007-08-28,2008-02-28,2008-07-22,2008-07-22,2008-07-22,HRDT,HIV test,"Orgenics, Ltd","HIV 1/2, Determine HIV Kit, without Lancets, 100 Tests","HIV 1/2, Determine HIV Kit, without Lancets",Determine,no_dosage,Test kit,100,1116,78120.0,70.0,0.7,Inverness Japan,True,255.0,5175.72,124.99
177,1645,104-CI-T01,Pre-PQ Process,SCMS-18470,ASN-2887,Côte d'Ivoire,PMO - US,Direct Drop,EXW,Air,2007-08-29,2008-02-29,2008-12-19,2008-12-19,2008-12-19,HRDT,HIV test,"Orgenics, Ltd","HIV 1/2, Determine HIV Kit, without Lancets, 100 Tests","HIV 1/2, Determine HIV Kit, without Lancets",Determine,no_dosage,Test kit,100,1116,78120.0,70.0,0.7,Inverness Japan,True,256.0,7118.12,153.12
178,1646,102-GY-T01,Pre-PQ Process,SCMS-18490,ASN-1612,Guyana,PMO - US,Direct Drop,EXW,Air,2007-08-28,2008-02-28,2008-05-06,2008-05-06,2008-05-06,HRDT,HIV test,"Trinity Biotech, Plc","HIV 1/2, Uni-Gold HIV Kit, 20 Tests","HIV 1/2, Uni-Gold HIV Kit",Uni-Gold,no_dosage,Test kit,20,832,26624.0,32.0,1.6,"Trinity Biotech, Plc",True,832.0,3740.04,42.6
179,1647,102-GY-T01,Pre-PQ Process,SCMS-18500,ASN-2100,Guyana,PMO - US,Direct Drop,EXW,Air,2007-08-28,2008-02-28,2008-07-28,2008-07-28,2008-07-28,HRDT,HIV test,"Orgenics, Ltd","HIV 1/2, Determine HIV Kit, without Lancets, 100 Tests","HIV 1/2, Determine HIV Kit, without Lancets",Determine,no_dosage,Test kit,100,213,15333.87,71.99,0.72,Inverness Japan,True,49.0,959.46,24.53
180,1648,102-BW-T01,Pre-PQ Process,SCMS-18550,ASN-1448,Botswana,PMO - US,Direct Drop,EXW,Air,2007-04-11,2007-10-11,2008-04-11,2008-04-11,2008-04-11,HRDT,HIV test,Orasure Technologies Inc.,"HIV 1/2, OraQuick Advance HIV Rapid Antibody Kit, 100 Tests","HIV 1/2, OraQuick Advance HIV Rapid Antibody Kit",OraQuick,no_dosage,Test kit,100,10,3500.0,350.0,3.5,"Pacific Biotech, Thailand",True,39.0,604.0,5.6
181,1660,113-ZW-T01,Pre-PQ Process,SCMS-18870,ASN-2435,Zimbabwe,PMO - US,Direct Drop,EXW,Air,2007-09-17,2008-03-17,2008-11-17,2008-10-21,2008-10-21,HRDT,HIV test - Ancillary,"Orgenics, Ltd","HIV, Lancet, Safety, for HIV Test kits, 100 Pcs","HIV, Lancet, Safety, for HIV Test kits, 100 Pcs",Generic,no_dosage,Test kit - Ancillary,100,1634,16.34,0.01,0.0,Inverness Japan,True,373.0,12894.85,0.03
182,1673,116-ZA-T01,Pre-PQ Process,SCMS-19800,ASN-1665,South Africa,PMO - US,Direct Drop,DDP,Truck,2007-08-20,2008-02-20,2008-04-24,2008-04-24,2008-04-24,ARV,Adult,S. BUYS WHOLESALER,"Lopinavir/Ritonavir 133.3/33.3mg [Kaletra], capsules, cool, 2 x 90 Caps",Lopinavir/Ritonavir,Kaletra,133.3/33.3mg,Capsule,180,400,15760.0,39.4,0.22,ABBVIE (Abbott) Logis. UK,False,81.0,0.0,25.22
183,1674,116-ZA-T01,Pre-PQ Process,SCMS-19800,ASN-1665,South Africa,PMO - US,Direct Drop,DDP,Truck,2007-08-20,2008-02-20,2008-04-24,2008-04-24,2008-04-24,ARV,Pediatric,S. BUYS WHOLESALER,"Ritonavir 80mg/ml [Norvir], oral solution, cool, Bottle, 90 ml",Ritonavir,Norvir,80mg/ml,Oral solution,90,6,47.28,7.88,0.09,ABBVIE (Abbott) France,False,9.0,0.0,0.08
184,1675,116-ZA-T01,Pre-PQ Process,SCMS-19800,ASN-1665,South Africa,PMO - US,Direct Drop,DDP,Truck,2007-08-20,2008-02-20,2008-04-24,2008-04-24,2008-04-24,ARV,Adult,S. BUYS WHOLESALER,"Tenofovir Disoproxil Fumarate 300mg [Viread], tablets, 30 Tabs",Tenofovir Disoproxil Fumarate,Viread,300mg,Tablet,30,500,10925.0,21.85,0.73,"Aspen-OSD, Port Elizabeth, SA",False,83.0,0.0,17.48
185,1691,108-VN-T01,Pre-PQ Process,SCMS-20180,ASN-1860,Vietnam,PMO - US,Direct Drop,EXW,Air,2007-09-30,2008-03-31,2008-07-07,2008-06-20,2008-06-20,ARV,Adult,Aurobindo Pharma Limited,"Lamivudine 150mg, tablets, 60 Tabs",Lamivudine,Generic,150mg,Tablet,60,10080,29232.0,2.9,0.05,"Aurobindo Unit III, India",True,507.0,4159.45,46.77
186,1693,108-VN-T01,Pre-PQ Process,SCMS-20340,ASN-1754,Vietnam,PMO - US,Direct Drop,EXW,Air,2007-09-30,2008-03-31,2008-06-01,2008-06-01,2008-06-01,ARV,Adult,MYLAN LABORATORIES LTD (FORMERLY MATRIX LABORATORIES),"Efavirenz 600mg, tablets, 30 Tabs",Efavirenz,Generic,600mg,Tablet,30,6720,77145.6,11.48,0.38,Mylan (formerly Matrix) Nashik,True,522.0,3796.05,123.43
187,1719,104-CI-T01,Pre-PQ Process,SCMS-21270,ASN-1668,Côte d'Ivoire,PMO - US,Direct Drop,EXW,Air,2007-10-07,2008-04-07,2008-05-09,2008-05-09,2008-05-09,HRDT,HIV test - Ancillary,"Orgenics, Ltd","HIV, Lancet, Safety, for HIV Test kits, 100 Pcs","HIV, Lancet, Safety, for HIV Test kits, 100 Pcs",Generic,no_dosage,Test kit - Ancillary,100,250,2.5,0.01,0.0,Inverness Japan,True,17.0,0.0,0.0
188,1722,116-ZA-T01,Pre-PQ Process,SCMS-21460,ASN-1667,South Africa,PMO - US,Direct Drop,DDP,Truck,2007-10-04,2008-04-04,2008-04-25,2008-04-07,2008-04-07,ARV,Adult,S. BUYS WHOLESALER,"Efavirenz 600mg, tablets, 30 Tabs",Efavirenz,Generic,600mg,Tablet,30,300,4614.0,15.38,0.51,"Cipla, Goa, India",False,42.0,0.0,7.38
189,1723,116-ZA-T01,Pre-PQ Process,SCMS-21460,ASN-2291,South Africa,PMO - US,Direct Drop,DDP,Truck,2007-10-04,2008-04-04,2008-04-25,2008-04-25,2008-04-25,ARV,Adult,S. BUYS WHOLESALER,"Zidovudine 300mg [Retrovir], tablets, 60 Tabs",Zidovudine,Retrovir,300mg,Tablet,60,300,4155.0,13.85,0.23,GSK Aranda,True,42.0,0.0,6.65
190,1724,116-ZA-T01,Pre-PQ Process,SCMS-21460,ASN-1667,South Africa,PMO - US,Direct Drop,DDP,Truck,2007-10-04,2008-04-04,2008-04-25,2008-04-07,2008-04-07,ARV,Adult,S. BUYS WHOLESALER,"Didanosine EC 250mg [Videx EC], delayed-release capsules, Blister 3 x 10 Caps",Didanosine EC,Videx EC,250mg,Delayed-release capsules - blister,30,100,1849.0,18.49,0.62,"BMS Meymac, France",False,36.0,0.0,2.96
191,1730,102-NG-T01,Pre-PQ Process,SCMS-21580,ASN-1797,Nigeria,PMO - US,Direct Drop,EXW,Air,2007-05-28,2007-11-28,2008-05-28,2008-05-28,2008-05-28,HRDT,HIV test - Ancillary,"Orgenics, Ltd","HIV, Lancet, Safety, for HIV Test kits, 100 Pcs","HIV, Lancet, Safety, for HIV Test kits, 100 Pcs",Generic,no_dosage,Test kit - Ancillary,100,1130,11.3,0.01,0.0,Inverness Japan,True,397.5,10144.765,0.02
192,1797,108-VN-T01,Pre-PQ Process,SCMS-23370,ASN-2523,Vietnam,PMO - US,Direct Drop,CIP,Air,2007-11-13,2008-05-13,2008-10-03,2008-10-03,2008-10-03,ARV,Pediatric,BRISTOL-MYERS SQUIBB,"Didanosine 25mg [Videx], chewable tablets, 60 Tabs",Didanosine,Videx,25mg,Chewable/dispersible tablet,60,400,2800.0,7.0,0.12,"BMS Meymac, France",True,81.0,3013.09,4.48
193,1798,108-VN-T01,Pre-PQ Process,SCMS-23470,ASN-2244,Vietnam,PMO - US,Direct Drop,EXW,Air,2007-11-13,2008-05-13,2008-08-19,2008-08-19,2008-08-19,ARV,Adult,STRIDES ARCOLAB LIMITED,"Stavudine 30mg, capsules, 60 Caps",Stavudine,Generic,30mg,Capsule,60,10780,15631.0,1.45,0.02,"Strides, Bangalore, India.",True,502.0,7575.6,25.01
194,1801,116-ZA-T01,Pre-PQ Process,SCMS-23500,ASN-2293,South Africa,PMO - US,Direct Drop,DDP,Truck,2007-08-20,2008-02-20,2008-08-20,2008-05-08,2008-05-08,ARV,Adult,S. BUYS WHOLESALER,"Lopinavir/Ritonavir 133.3/33.3mg [Kaletra], capsules, cool, 2 x 90 Caps",Lopinavir/Ritonavir,Kaletra,133.3/33.3mg,Capsule,180,670,24783.3,36.99,0.21,ABBVIE (Abbott) Logis. UK,False,76.0,0.0,39.65
195,1802,116-ZA-T01,Pre-PQ Process,SCMS-23500,ASN-2296,South Africa,PMO - US,Direct Drop,DDP,Truck,2007-08-20,2008-02-20,2008-08-20,2008-05-21,2008-05-21,ARV,Adult,S. BUYS WHOLESALER,"Lamivudine 150mg [Epivir], tablets, 60 Tabs",Lamivudine,Epivir,150mg,Tablet,60,2000,11060.0,5.53,0.09,GSK Cape Town Factory (South Africa),True,274.0,0.0,17.7
196,7696,106-HT-T01,Pre-PQ Process,SCMS-40010,ASN-3629,Haiti,PMO - US,Direct Drop,EXW,Air,2008-09-06,2009-03-06,2009-04-07,2009-04-07,2009-04-07,ARV,Pediatric,Aurobindo Pharma Limited,"Efavirenz 50mg, capsule, 30 Caps",Efavirenz,Generic,50mg,Capsule,30,1242,2782.08,2.24,0.07,"Aurobindo Unit III, India",True,96.0,1448.55,5.45
197,1803,116-ZA-T01,Pre-PQ Process,SCMS-23500,ASN-2300,South Africa,PMO - US,Direct Drop,DDP,Truck,2007-08-20,2008-02-20,2008-08-20,2008-05-14,2008-05-14,ARV,Adult,S. BUYS WHOLESALER,"Zidovudine 300mg [Retrovir], tablets, 60 Tabs",Zidovudine,Retrovir,300mg,Tablet,60,1000,16630.0,16.63,0.28,GSK Aranda,True,132.0,0.0,26.61
198,1804,116-ZA-T01,Pre-PQ Process,SCMS-23500,ASN-2293,South Africa,PMO - US,Direct Drop,DDP,Truck,2007-08-20,2008-02-20,2008-08-20,2008-05-08,2008-05-08,ARV,Pediatric,S. BUYS WHOLESALER,"Nevirapine 10mg/ml [Viramune], oral suspension, Bottle, 240 ml",Nevirapine,Viramune,10mg/ml,Oral suspension,240,30,435.9,14.53,0.06,"BI, Ingelheim, Germany",False,55.0,0.0,0.7
199,1820,106-HT-T01,Pre-PQ Process,SCMS-23980,ASN-2640,Haiti,PMO - US,Direct Drop,EXW,Air,2007-11-23,2008-05-23,2008-10-27,2008-10-27,2008-10-27,HRDT,HIV test,"Orgenics, Ltd","HIV 1/2, Determine HIV Kit, without Lancets, 100 Tests","HIV 1/2, Determine HIV Kit, without Lancets",Determine,no_dosage,Test kit,100,1123,78610.0,70.0,0.7,Inverness Japan,True,257.0,2851.72,154.08
200,1861,107-RW-T01,Pre-PQ Process,SCMS-25090,ASN-2256,Rwanda,PMO - US,Direct Drop,EXW,Air,2007-12-12,2008-06-12,2008-08-16,2008-08-16,2008-08-16,HRDT,HIV test,"Trinity Biotech, Plc","HIV 1/2, Capillus HIV Kit, 100 Tests","HIV 1/2, Capillus HIV Kit",Capillus,no_dosage,Test kit,100,340,47260.0,139.0,1.39,"Trinity Biotech, Plc",True,234.0,5446.06,75.62
201,1888,107-RW-T01,Pre-PQ Process,SCMS-25520,ASN-2079,Rwanda,PMO - US,Direct Drop,CIP,Air,2007-12-13,2008-06-13,2008-07-23,2008-07-22,2008-07-22,ARV,Adult,Aurobindo Pharma Limited,"Lamivudine/Nevirapine/Zidovudine 150/200/300mg, tablets, 60 Tabs",Lamivudine/Nevirapine/Zidovudine,Generic,150/300/200mg,Tablet - FDC,60,47879,569281.31,11.89,0.2,"Aurobindo Unit III, India",True,5311.0,30408.04,910.85
202,1889,107-RW-T01,Pre-PQ Process,SCMS-25520,ASN-2080,Rwanda,PMO - US,Direct Drop,CIP,Air,2007-12-13,2008-06-13,2008-07-23,2008-07-23,2008-07-23,ARV,Adult,Aurobindo Pharma Limited,"Lamivudine/Nevirapine/Zidovudine 150/200/300mg, tablets, 60 Tabs",Lamivudine/Nevirapine/Zidovudine,Generic,150/300/200mg,Tablet - FDC,60,61021,725539.69,11.89,0.2,"Aurobindo Unit III, India",True,6768.0,38120.96,1160.86
203,1905,108-VN-T01,Pre-PQ Process,SCMS-26180,ASN-2274,Vietnam,PMO - US,Direct Drop,EXW,Air,2008-01-01,2008-07-01,2008-09-19,2008-09-19,2008-09-19,ARV,Adult,Aurobindo Pharma Limited,"Lamivudine/Zidovudine 150/300mg, tablets, 60 Tabs",Lamivudine/Zidovudine,Generic,150/300mg,Tablet - FDC,60,4300,37023.0,8.61,0.14,"Aurobindo Unit III, India",False,220.0,4400.805,59.24
204,1919,108-VN-T01,Pre-PQ Process,SCMS-26190,ASN-2562,Vietnam,PMO - US,Direct Drop,EXW,Air,2008-01-03,2008-07-03,2008-10-03,2008-10-03,2008-10-03,ARV,Adult,Aurobindo Pharma Limited,"Stavudine 30mg, capsules, 60 Caps",Stavudine,Generic,30mg,Capsule,60,18030,26143.5,1.45,0.02,"Aurobindo Unit III, India",True,1114.0,5822.44,41.83
205,1926,116-ZA-T01,Pre-PQ Process,SCMS-26820,ASN-2487,South Africa,PMO - US,Direct Drop,DDP,Truck,2007-07-10,2008-01-10,2008-07-10,2008-07-14,2008-07-14,ARV,Adult,S. BUYS WHOLESALER,"Zidovudine 300mg [Retrovir], tablets, 60 Tabs",Zidovudine,Retrovir,300mg,Tablet,60,50,663.5,13.27,0.22,GSK Aranda,True,35.0,0.0,1.06
206,1927,116-ZA-T01,Pre-PQ Process,SCMS-26820,ASN-2488,South Africa,PMO - US,Direct Drop,DDP,Truck,2007-07-10,2008-01-10,2008-07-10,2008-07-08,2008-07-08,ARV,Pediatric,S. BUYS WHOLESALER,"Efavirenz 50mg [Stocrin/Sustiva], capsule, 30 Caps",Efavirenz,Stocrin/Sustiva,50mg,Capsule,30,250,715.0,2.86,0.1,"MSD Midrand, J'burg, SA",False,73.5,0.0,1.14
207,1928,116-ZA-T01,Pre-PQ Process,SCMS-26820,ASN-2488,South Africa,PMO - US,Direct Drop,DDP,Truck,2007-07-10,2008-01-10,2008-07-10,2008-07-08,2008-07-08,ARV,Adult,S. BUYS WHOLESALER,"Didanosine EC 250mg [Videx EC], delayed-release capsules, Blister 3 x 10 Caps",Didanosine EC,Videx EC,250mg,Delayed-release capsules - blister,30,60,1096.2,18.27,0.61,"BMS Meymac, France",False,108.0,0.0,1.75
208,1929,116-ZA-T01,Pre-PQ Process,SCMS-26820,ASN-2488,South Africa,PMO - US,Direct Drop,DDP,Truck,2007-07-10,2008-01-10,2008-07-10,2008-07-08,2008-07-08,ARV,Pediatric,S. BUYS WHOLESALER,"Didanosine 2g [Videx], powder for oral solution 10mg/ml, reconstitute to 200 ml",Didanosine,Videx,2g,Powder for oral solution,200,12,150.48,12.54,0.06,"BMS Meymac, France",False,48.0,0.0,0.24
209,1939,110-ZM-T01,Pre-PQ Process,SCMS-27010,ASN-2448,Zambia,PMO - US,Direct Drop,EXW,Air,2008-02-21,2008-08-21,2008-09-22,2008-09-22,2008-09-22,HRDT,HIV test - Ancillary,"Orgenics, Ltd","HIV, Lancet, Safety, for HIV Test kits, 100 Pcs","HIV, Lancet, Safety, for HIV Test kits, 100 Pcs",Generic,no_dosage,Test kit - Ancillary,100,3000,30.0,0.01,0.0,Inverness Japan,True,889.0,7303.52,0.05
210,1940,102-GY-T01,Pre-PQ Process,SCMS-27030,ASN-2638,Guyana,PMO - US,Direct Drop,EXW,Air,2008-02-21,2008-08-21,2008-10-29,2008-10-29,2008-10-29,HRDT,HIV test,"Orgenics, Ltd","HIV 1/2, Determine HIV Kit, without Lancets, 100 Tests","HIV 1/2, Determine HIV Kit, without Lancets",Determine,no_dosage,Test kit,100,213,15333.87,71.99,0.72,Inverness Japan,True,49.0,1047.39,30.05
211,1941,133-NG-T01,Pre-PQ Process,SCMS-27060,ASN-2438,Nigeria,PMO - US,Direct Drop,EXW,Air,2008-01-18,2008-07-18,2008-10-15,2008-10-15,2008-10-15,HRDT,HIV test - Ancillary,"Orgenics, Ltd","HIV, Lancet, Safety, for HIV Test kits, 100 Pcs","HIV, Lancet, Safety, for HIV Test kits, 100 Pcs",Generic,no_dosage,Test kit - Ancillary,100,6502,65.02,0.01,0.0,Inverness Japan,True,1927.0,24870.05,0.1
212,1942,133-NG-T01,Pre-PQ Process,SCMS-27070,ASN-2352,Nigeria,PMO - US,Direct Drop,EXW,Air,2008-02-21,2008-08-21,2008-09-12,2008-09-12,2008-09-12,HRDT,HIV test,"Orgenics, Ltd","HIV 1/2, Determine HIV Kit, without Lancets, 100 Tests","HIV 1/2, Determine HIV Kit, without Lancets",Determine,no_dosage,Test kit,100,6875,549931.25,79.99,0.8,Inverness Japan,True,1566.0,19992.75,879.89
213,1954,108-VN-T01,Pre-PQ Process,SCMS-27290,ASN-2854,Vietnam,PMO - US,Direct Drop,FCA,Air,2008-01-24,2008-07-24,2008-12-02,2008-12-02,2008-12-02,ARV,Adult,ABBVIE LOGISTICS (FORMERLY ABBOTT LOGISTICS BV),"Lopinavir/Ritonavir 200/50mg [Aluvia], tablets, 120 Tabs",Lopinavir/Ritonavir,Aluvia,200/50mg,Tablet,120,434,35674.8,82.2,0.68,ABBVIE Ludwigshafen Germany,True,113.0,2709.98,69.92
214,1955,108-VN-T01,Pre-PQ Process,SCMS-27310,ASN-2809,Vietnam,PMO - US,Direct Drop,EXW,Air,2008-01-24,2008-07-24,2008-11-24,2008-11-24,2008-11-24,ARV,Adult,Aurobindo Pharma Limited,"Lamivudine/Nevirapine/Zidovudine 150/200/300mg, tablets, 60 Tabs",Lamivudine/Nevirapine/Zidovudine,Generic,150/300/200mg,Tablet - FDC,60,1100,12540.0,11.4,0.19,"Aurobindo Unit III, India",True,159.0,2568.6,24.58
215,1956,108-VN-T01,Pre-PQ Process,SCMS-27350,ASN-2766,Vietnam,PMO - US,Direct Drop,EXW,Air,2008-01-24,2008-07-24,2008-11-25,2008-11-25,2008-11-25,ARV,Adult,MYLAN LABORATORIES LTD (FORMERLY MATRIX LABORATORIES),"Efavirenz 600mg, tablets, 30 Tabs",Efavirenz,Generic,600mg,Tablet,30,8400,85596.0,10.19,0.34,Mylan (formerly Matrix) Nashik,True,613.0,3247.73,167.77
216,1957,108-VN-T01,Pre-PQ Process,SCMS-27380,ASN-2873,Vietnam,PMO - US,Direct Drop,EXW,Air,2008-01-24,2008-07-24,2008-12-03,2008-12-03,2008-12-03,ARV,Adult,CIPLA LIMITED,"Lamivudine/Nevirapine/Stavudine 150/200/30mg, tablets, 60 Tabs",Lamivudine/Nevirapine/Stavudine,Generic,150/200/30mg,Tablet - FDC,60,3648,26448.0,7.25,0.12,"Cipla, Goa, India",True,323.0,2335.19,51.84
217,1972,117-ET-T01,Pre-PQ Process,SCMS-27800,ASN-2592,Ethiopia,PMO - US,Direct Drop,EXW,Air,2008-01-30,2008-07-30,2008-11-03,2008-10-13,2008-10-13,HRDT,HIV test,"CHEMBIO DIAGNOSTIC SYSTEMS, INC.","HIV 1/2, Stat-Pak HIV, Kit, 20 Tests","HIV 1/2, Stat-Pak HIV, Kit",Stat-Pak,no_dosage,Test kit,20,5958,160866.0,27.0,1.35,Chembio Diagnostics Sys. Inc.,True,2147.0,11066.17,257.39
218,1973,117-ET-T01,Pre-PQ Process,SCMS-27800,ASN-2747,Ethiopia,PMO - US,Direct Drop,EXW,Air,2008-01-30,2008-07-30,2008-11-03,2008-11-03,2008-11-03,HRDT,HIV test,"CHEMBIO DIAGNOSTIC SYSTEMS, INC.","HIV 1/2, Stat-Pak HIV, Kit, 20 Tests","HIV 1/2, Stat-Pak HIV, Kit",Stat-Pak,no_dosage,Test kit,20,3982,107514.0,27.0,1.35,Chembio Diagnostics Sys. Inc.,True,1445.0,7303.25,210.73
219,2008,117-ET-T01,Pre-PQ Process,SCMS-28710,ASN-2576,Ethiopia,PMO - US,Direct Drop,EXW,Air,2008-02-22,2008-08-22,2008-10-07,2008-10-07,2008-10-07,HRDT,HIV test,"SHANGHAI KEHUA BIOENGINEERING CO.,LTD.  (KHB)","HIV 1/2, SKB Colloidal Gold, Diagnostic Kit, Antibody, 50 Tests","HIV 1/2, Colloidal Gold, Diagnostic Kit, Antibody",Colloidal Gold,no_dosage,Test kit,1,6998,160954.0,23.0,23.0,"KHB Test Kit Facility, Shanghai China",True,5057.0,44347.71,257.53
220,2014,116-ZA-T01,Pre-PQ Process,SCMS-28830,ASN-2503,South Africa,PMO - US,Direct Drop,DDP,Truck,2007-08-25,2008-02-25,2008-08-25,2008-08-14,2008-08-14,ARV,Adult,S. BUYS WHOLESALER,"Tenofovir Disoproxil Fumarate 300mg [Viread], tablets, 30 Tabs",Tenofovir Disoproxil Fumarate,Viread,300mg,Tablet,30,300,7080.0,23.6,0.79,"Aspen-OSD, Port Elizabeth, SA",True,42.0,0.0,11.33
221,2015,116-ZA-T01,Pre-PQ Process,SCMS-28830,ASN-2503,South Africa,PMO - US,Direct Drop,DDP,Truck,2007-08-25,2008-02-25,2008-08-25,2008-08-14,2008-08-14,ARV,Pediatric,S. BUYS WHOLESALER,"Nevirapine 10mg/ml [Viramune], oral suspension, Bottle, 240 ml",Nevirapine,Viramune,10mg/ml,Oral suspension,240,40,557.6,13.94,0.06,"BI, Ingelheim, Germany",False,56.5,0.0,0.89
222,2146,117-ET-T01,Pre-PQ Process,SCMS-32630,ASN-3155,Ethiopia,PMO - US,Direct Drop,EXW,Air,2008-04-27,2008-10-27,2009-01-26,2009-01-20,2009-01-20,HRDT,HIV test,"SHANGHAI KEHUA BIOENGINEERING CO.,LTD.  (KHB)","HIV 1/2, SKB Colloidal Gold, Diagnostic Kit, Antibody, 50 Tests","HIV 1/2, Colloidal Gold, Diagnostic Kit, Antibody",Colloidal Gold,no_dosage,Test kit,1,3470,79810.0,23.0,23.0,"KHB Test Kit Facility, Shanghai China",True,2509.0,19882.25,156.43
223,2147,117-ET-T01,Pre-PQ Process,SCMS-32640,ASN-2935,Ethiopia,PMO - US,Direct Drop,EXW,Air,2008-04-27,2008-10-27,2008-12-03,2008-12-03,2008-12-03,HRDT,HIV test,"SHANGHAI KEHUA BIOENGINEERING CO.,LTD.  (KHB)","HIV 1/2, SKB Colloidal Gold, Diagnostic Kit, Antibody, 50 Tests","HIV 1/2, Colloidal Gold, Diagnostic Kit, Antibody",Colloidal Gold,no_dosage,Test kit,1,3510,80730.0,23.0,23.0,"KHB Test Kit Facility, Shanghai China",True,2535.0,22433.91,158.23
224,2148,113-ZW-T01,Pre-PQ Process,SCMS-32660,ASN-3228,Zimbabwe,PMO - US,Direct Drop,CIP,Air,2008-04-28,2008-10-28,2009-02-03,2009-02-03,2009-02-03,HRDT,HIV test,BIOLYTICAL LABORATORIES INC.,"#109440**HIV 1/2, INSTI HIV Antibody Individual POC, 1 Test","HIV 1/2, INSTI HIV Antibody Individual POC, 1 Test",INSTi,no_dosage,Test kit,1,5000,12706.65,2.54,2.54,bioLytical Laboratories,True,1558.0,0.0,24.91
225,2153,108-VN-T01,Pre-PQ Process,SCMS-33070,ASN-2888,Vietnam,PMO - US,Direct Drop,EXW,Air,2008-05-03,2008-11-03,2008-11-27,2008-11-27,2008-11-27,ARV,Adult,Aurobindo Pharma Limited,"Nevirapine 200mg, tablets, 60 Tabs",Nevirapine,Generic,200mg,Tablet,60,6000,17400.0,2.9,0.05,"Aurobindo Unit III, India",True,581.0,2653.27,34.1
226,2156,116-ZA-T01,Pre-PQ Process,SCMS-33320,ASN-3553,South Africa,PMO - US,Direct Drop,DDP,Truck,2008-05-17,2008-11-17,2009-05-17,2008-10-09,2008-10-09,ARV,Adult,S. BUYS WHOLESALER,"Efavirenz 600mg, tablets, 30 Tabs",Efavirenz,Generic,600mg,Tablet,30,1300,20410.0,15.7,0.52,"Cipla, Goa, India",False,115.0,0.0,40.0
227,2157,116-ZA-T01,Pre-PQ Process,SCMS-33320,ASN-3553,South Africa,PMO - US,Direct Drop,DDP,Truck,2008-05-17,2008-11-17,2009-05-17,2008-10-09,2008-10-09,ARV,Pediatric,S. BUYS WHOLESALER,"Zidovudine 10mg/ml [Retrovir], oral solution, Bottle, 200 ml",Zidovudine,Retrovir,10mg/ml,Oral solution,200,120,733.2,6.11,0.03,GSK Mississauga (Canada),False,22.0,0.0,1.44
228,2158,116-ZA-T01,Pre-PQ Process,SCMS-33320,ASN-3553,South Africa,PMO - US,Direct Drop,DDP,Truck,2008-05-17,2008-11-17,2009-05-17,2008-10-09,2008-10-09,ARV,Adult,S. BUYS WHOLESALER,"Saquinavir 200mg [Invirase], capsules, 270 Caps",Saquinavir,Invirase,200mg,Capsule,270,6,424.08,70.68,0.26,Roche Basel,False,9.0,0.0,0.83
229,2159,116-ZA-T01,Pre-PQ Process,SCMS-33320,ASN-3553,South Africa,PMO - US,Direct Drop,DDP,Truck,2008-05-17,2008-11-17,2009-05-17,2008-10-09,2008-10-09,ARV,Pediatric,S. BUYS WHOLESALER,"Nevirapine 10mg/ml [Viramune], oral suspension, Bottle, 240 ml",Nevirapine,Viramune,10mg/ml,Oral suspension,240,40,540.4,13.51,0.06,"BI, Ingelheim, Germany",False,56.5,0.0,1.06
230,2171,133-NG-T01,Pre-PQ Process,SCMS-33820,ASN-3665,Nigeria,PMO - US,Direct Drop,EXW,Air,2008-05-20,2008-11-20,2009-04-08,2009-04-08,2009-04-08,HRDT,HIV test,"Orgenics, Ltd","HIV 1/2, Determine Complete HIV Kit, 100 Tests","HIV 1/2, Determine Complete HIV Kit",Determine,no_dosage,Test kit,100,5751,460080.0,80.0,0.8,Inverness Japan,True,1723.0,22451.67,901.76
231,2173,141-NA-T01,Pre-PQ Process,SCMS-33850,ASN-3110,Namibia,PMO - US,Direct Drop,EXW,Air,2008-05-20,2008-11-20,2009-01-27,2009-01-27,2009-01-27,HRDT,HIV test,INVERNESS MEDICAL INNOVATIONS SOUTH AFRICA (PTY) LTD,"HIV 1/2, Clearview Complete Kit, 25 Tests","HIV 1/2, Clearview Complete Kit",Clearview,no_dosage,Test kit,25,3,225.0,75.0,3.0,Inverness USA,True,3.0,963.34,0.44
232,2257,102-GY-T01,Pre-PQ Process,SCMS-36540,ASN-3166,Guyana,PMO - US,Direct Drop,EXW,Air,2008-06-23,2008-12-23,2009-02-25,2009-01-27,2009-01-27,HRDT,HIV test,"CHEMBIO DIAGNOSTIC SYSTEMS, INC.","HIV 1/2, Stat-Pak HIV, Kit, 20 Tests","HIV 1/2, Stat-Pak HIV, Kit",Stat-Pak,no_dosage,Test kit,20,100,2700.0,27.0,1.35,Chembio Diagnostics Sys. Inc.,True,28.0,692.38,5.29
233,2295,119-NA-T01,Pre-PQ Process,SCMS-37060,ASN-3303,Namibia,PMO - US,Direct Drop,EXW,Air,2008-07-13,2009-01-13,2009-03-02,2009-03-02,2009-03-02,HRDT,HIV test,"Trinity Biotech, Plc","HIV 1/2, Uni-Gold HIV Kit, 20 Tests","HIV 1/2, Uni-Gold HIV Kit",Uni-Gold,no_dosage,Test kit,20,68,2176.0,32.0,1.6,"Trinity Biotech, Plc",True,22.0,1003.52,4.26
234,2297,108-VN-T01,Pre-PQ Process,SCMS-37160,ASN-3561,Vietnam,PMO - US,Direct Drop,EXW,Air,2008-07-16,2009-01-16,2009-04-07,2009-04-07,2009-04-07,ARV,Adult,Aurobindo Pharma Limited,"Lamivudine 150mg, tablets, 60 Tabs",Lamivudine,Generic,150mg,Tablet,60,9000,21600.0,2.4,0.04,"Aurobindo Unit III, India",True,2228.0,9809.7,42.34
235,2298,108-VN-T01,Pre-PQ Process,SCMS-37170,ASN-3562,Vietnam,PMO - US,Direct Drop,EXW,Air,2008-07-16,2009-01-16,2009-04-10,2009-04-10,2009-04-10,ARV,Adult,Aurobindo Pharma Limited,"Lamivudine/Nevirapine/Zidovudine 150/200/300mg, tablets, 60 Tabs",Lamivudine/Nevirapine/Zidovudine,Generic,150/300/200mg,Tablet - FDC,60,700,7805.0,11.15,0.19,"Aurobindo Unit III, India",False,548.0,4400.805,15.3
236,2305,131-NG-T01,Pre-PQ Process,SCMS-37370,ASN-3497,Nigeria,PMO - US,Direct Drop,CIP,Air,2008-08-03,2009-02-03,2009-04-08,2009-04-08,2009-04-08,ARV,Adult,MERCK SHARP & DOHME IDEA GMBH (FORMALLY MERCK SHARP & DOHME B.V.),"Efavirenz/Emtricitabine/Tenofovir Disoproxil Fumarate 600/200/300mg [Atripla], tablets, 30 Tabs",Efavirenz/Emtricitabine/Tenofovir Disoproxil Fumarate,Atripla,600/200/300mg,Tablet - FDC,30,25000,1260000.0,50.4,1.68,"MSD, Haarlem, NL",True,2067.0,7933.38,2469.6
237,2328,106-HT-T01,Pre-PQ Process,SCMS-38160,ASN-3457,Haiti,PMO - US,Direct Drop,EXW,Air,2008-08-03,2009-02-03,2009-03-16,2009-03-16,2009-03-16,HRDT,HIV test,"Orgenics, Ltd","HIV 1/2, Determine HIV Kit, without Lancets, 100 Tests","HIV 1/2, Determine HIV Kit, without Lancets",Determine,no_dosage,Test kit,100,1680,117600.0,70.0,0.7,Inverness Japan,True,382.0,3241.06,230.5
238,2399,106-HT-T01,Pre-PQ Process,SCMS-39970,ASN-3628,Haiti,PMO - US,Direct Drop,EXW,Air,2008-09-06,2009-03-06,2009-04-02,2009-04-02,2009-04-02,ARV,Pediatric,Aurobindo Pharma Limited,"Zidovudine 100mg, capsules, 100 Caps",Zidovudine,Generic,100mg,Capsule,100,2100,10500.0,5.0,0.05,"Aurobindo Unit III, India",True,187.0,1903.54,20.58
239,2417,111-MZ-T01,Pre-PQ Process,SCMS-40370,ASN-3857,Mozambique,PMO - US,Direct Drop,EXW,Air,2008-09-11,2009-03-11,2009-05-26,2009-05-26,2009-05-26,HRDT,HIV test,"Orgenics, Ltd","HIV 1/2, Determine Complete HIV Kit, 100 Tests","HIV 1/2, Determine Complete HIV Kit",Determine,no_dosage,Test kit,100,9000,648000.0,72.0,0.72,Inverness Japan,True,2655.0,25052.69,1270.08
240,2429,116-ZA-T01,Pre-PQ Process,SCMS-40780,ASN-3607,South Africa,PMO - US,Direct Drop,DDP,Air,2008-03-17,2008-09-17,2009-03-17,2008-11-28,2008-11-28,ARV,Pediatric,S. BUYS WHOLESALER,"Efavirenz 200mg, capsule, 90 Caps",Efavirenz,Generic,200mg,Capsule,90,176,3359.84,19.09,0.21,"Aurobindo Unit III, India",True,668.5,0.0,6.59
241,2430,116-ZA-T01,Pre-PQ Process,SCMS-40790,ASN-3575,South Africa,PMO - US,Direct Drop,DDP,Air,2008-03-24,2008-09-24,2009-03-24,2008-12-01,2008-12-01,ARV,Adult,S. BUYS WHOLESALER,"Nevirapine 200mg, tablets, 60 Tabs",Nevirapine,Generic,200mg,Tablet,60,5017,24583.3,4.9,0.08,"Aurobindo Unit III, India",True,668.5,0.0,48.18
242,2431,116-ZA-T01,Pre-PQ Process,SCMS-40810,ASN-3634,South Africa,PMO - US,Direct Drop,DDP,Air,2008-03-30,2008-09-30,2009-03-31,2008-12-02,2008-12-02,ARV,Pediatric,S. BUYS WHOLESALER,"Zidovudine 10mg/ml, oral solution, Bottle, 240 ml",Zidovudine,Generic,10mg/ml,Oral solution,240,929,3390.85,3.65,0.02,"Aurobindo Unit III, India",False,668.5,0.0,6.65
243,2432,116-ZA-T01,Pre-PQ Process,SCMS-40860,ASN-3581,South Africa,PMO - US,Direct Drop,DDP,Air,2008-06-23,2008-12-23,2009-06-23,2009-01-29,2009-01-29,ARV,Adult,S. BUYS WHOLESALER,"Lamivudine 150mg, tablets, 60 Tabs",Lamivudine,Generic,150mg,Tablet,60,6700,36582.0,5.46,0.09,"Aurobindo Unit III, India",True,426.0,0.0,71.7
244,2436,116-ZA-T01,Pre-PQ Process,SCMS-41070,ASN-3625,South Africa,PMO - US,Direct Drop,DDP,Air,2008-05-12,2008-11-12,2009-05-12,2008-12-30,2008-12-30,ARV,Adult,S. BUYS WHOLESALER,"Zidovudine 300mg [Retrovir], tablets, 60 Tabs",Zidovudine,Retrovir,300mg,Tablet,60,1350,19062.0,14.12,0.24,GSK Aranda,False,159.5,0.0,37.36
245,2437,116-ZA-T01,Pre-PQ Process,SCMS-41080,ASN-3638,South Africa,PMO - US,Direct Drop,DDP,Air,2008-05-26,2008-11-26,2009-05-26,2009-01-22,2009-01-22,ARV,Adult,S. BUYS WHOLESALER,"Efavirenz 600mg, tablets, 30 Tabs",Efavirenz,Generic,600mg,Tablet,30,1120,16307.2,14.56,0.49,"Cipla, Goa, India",True,668.5,0.0,31.96
246,2438,116-ZA-T01,Pre-PQ Process,SCMS-41140,ASN-3752,South Africa,PMO - US,Direct Drop,DDP,Air,2008-03-30,2008-09-30,2009-03-31,2008-11-21,2008-11-21,ARV,Adult,S. BUYS WHOLESALER,"Stavudine 20mg [Zerit], capsules, 60 Caps",Stavudine,Zerit,20mg,Capsule,60,100,371.0,3.71,0.06,"BMS Meymac, France",False,36.0,0.0,0.73
247,2439,116-ZA-T01,Pre-PQ Process,SCMS-41190,ASN-3732,South Africa,PMO - US,Direct Drop,DDP,Air,2008-03-30,2008-09-30,2009-03-30,2009-01-21,2009-01-21,ARV,Adult,S. BUYS WHOLESALER,"Stavudine 30mg, capsules, 60 Caps",Stavudine,Generic,30mg,Capsule,60,1000,2920.0,2.92,0.05,"Aurobindo Unit III, India",True,132.0,0.0,5.72
248,2440,116-ZA-T01,Pre-PQ Process,SCMS-41190,ASN-3732,South Africa,PMO - US,Direct Drop,DDP,Air,2008-03-30,2008-09-30,2009-03-30,2009-01-21,2009-01-21,ARV,Adult,S. BUYS WHOLESALER,"Nevirapine 200mg [Viramune], tablets, 60 Tabs",Nevirapine,Viramune,200mg,Tablet,60,260,4035.2,15.52,0.26,"Boehringer Ing., Koropi, GR",False,55.0,0.0,7.91
249,2441,114-UG-T01,Pre-PQ Process,SCMS-41240,ASN-3904,Uganda,PMO - US,Direct Drop,CIP,Air,2008-09-19,2009-03-19,2009-05-04,2009-05-04,2009-05-04,ARV,Adult,BRISTOL-MYERS SQUIBB,"Didanosine EC 250mg [Videx EC], delayed-release capsules, Blister 3 x 10 Caps",Didanosine EC,Videx EC,250mg,Delayed-release capsules - blister,30,60,1100.4,18.34,0.61,"BMS Meymac, France",True,3000.0,428.91,2.16
250,2447,116-ZA-T01,Pre-PQ Process,SCMS-41450,ASN-4362,South Africa,PMO - US,Direct Drop,DDP,Truck,2008-09-18,2009-03-18,2009-04-17,2009-04-17,2009-04-17,ARV,Pediatric,S. BUYS WHOLESALER,"Efavirenz 200mg [Stocrin/Sustiva], capsule, 90 Caps",Efavirenz,Stocrin/Sustiva,200mg,Capsule,90,5000,160900.0,32.18,0.36,"MSD Midrand, J'burg, SA",True,452.0,0.0,315.36
251,2450,116-ZA-T01,Pre-PQ Process,SCMS-41584,ASN-4385,South Africa,PMO - US,Direct Drop,DDP,Air,2008-09-27,2009-03-27,2009-06-25,2009-04-20,2009-04-20,ARV,Pediatric,S. BUYS WHOLESALER,"Zidovudine 10mg/ml [Retrovir], solution for IV infusion injection, Vial 5 x 20 ml",Zidovudine,Retrovir,10mg/ml,Injection,5,166,2265.9,13.65,2.73,GSK Ware (UK),False,668.5,0.0,4.44
252,2451,116-ZA-T01,Pre-PQ Process,SCMS-41584,ASN-4385,South Africa,PMO - US,Direct Drop,DDP,Air,2008-09-27,2009-03-27,2009-06-25,2009-04-20,2009-04-20,ARV,Pediatric,S. BUYS WHOLESALER,"Didanosine 50mg [Videx], chewable tablets, 60 Tabs",Didanosine,Videx,50mg,Chewable/dispersible tablet,60,1500,15150.0,10.1,0.17,"BMS Meymac, France",False,575.0,0.0,29.69
253,2463,107-RW-T01,Pre-PQ Process,SCMS-30312,ASN-3851,Rwanda,PMO - US,Direct Drop,CIP,Air,2008-04-21,2008-10-21,2009-04-20,2009-04-20,2009-04-20,ARV,Adult,CIPLA LIMITED,"Lamivudine/Zidovudine 150/300mg, tablets, 60 Tabs",Lamivudine/Zidovudine,Generic,150/300mg,Tablet - FDC,60,7840,71344.0,9.1,0.15,"Cipla, Goa, India",True,719.0,853.88,139.83
254,2474,116-ZA-T01,Pre-PQ Process,SCMS-47420,ASN-4280,South Africa,PMO - US,Direct Drop,DDP,Air,2008-10-02,2009-04-02,2009-07-31,2009-04-20,2009-04-20,ARV,Pediatric,S. BUYS WHOLESALER,"Lopinavir/Ritonavir 80/20mg/ml [Kaletra], oral solution, cool, Bottle 5 x 60 ml",Lopinavir/Ritonavir,Kaletra,80/20mg/ml,Oral solution,300,40,1440.0,36.0,0.12,ABBVIE (Abbott) Logis. UK,True,56.5,0.0,2.82
255,2475,116-ZA-T01,Pre-PQ Process,SCMS-47360,ASN-4286,South Africa,PMO - US,Direct Drop,DDP,Truck,2008-10-02,2009-04-02,2009-07-31,2009-05-04,2009-05-04,ARV,Pediatric,S. BUYS WHOLESALER,"Ritonavir 80mg/ml [Norvir], oral solution, cool, Bottle, 90 ml",Ritonavir,Norvir,80mg/ml,Oral solution,90,6,43.2,7.2,0.08,ABBVIE (Abbott) France,True,9.0,0.0,0.08
256,2476,116-ZA-T01,Pre-PQ Process,SCMS-42250,ASN-4612,South Africa,PMO - US,Direct Drop,DDP,Truck,2008-10-02,2009-04-02,2009-07-31,2009-06-08,2009-06-08,ARV,Pediatric,S. BUYS WHOLESALER,"Ritonavir 80mg/ml [Norvir], oral solution, cool, Bottle, 90 ml",Ritonavir,Norvir,80mg/ml,Oral solution,90,6,43.2,7.2,0.08,ABBVIE (Abbott) France,True,9.0,0.0,0.08
257,2477,102-GY-T01,Pre-PQ Process,SCMS-42290,ASN-3987,Guyana,PMO - US,Direct Drop,EXW,Air,2008-09-30,2009-03-31,2009-06-05,2009-06-05,2009-06-05,HRDT,HIV test,"Orgenics, Ltd","HIV 1/2, Determine Complete HIV Kit, 100 Tests","HIV 1/2, Determine Complete HIV Kit",Determine,no_dosage,Test kit,100,425,38250.0,90.0,0.9,Inverness Japan,True,130.0,1859.79,74.97
258,2478,102-GY-T01,Pre-PQ Process,SCMS-42320,ASN-4291,Guyana,PMO - US,Direct Drop,EXW,Air,2008-09-30,2009-03-30,2009-07-01,2009-07-01,2009-07-01,HRDT,HIV test,"Orgenics, Ltd","HIV 1/2, Determine Complete HIV Kit, 100 Tests","HIV 1/2, Determine Complete HIV Kit",Determine,no_dosage,Test kit,100,276,24840.0,90.0,0.9,Inverness Japan,True,87.0,1205.7,48.69
259,2481,116-ZA-T01,Pre-PQ Process,SCMS-47500,ASN-4332,South Africa,PMO - US,Direct Drop,DDP,Truck,2008-10-02,2009-04-02,2009-05-15,2009-04-23,2009-04-23,ARV,Adult,S. BUYS WHOLESALER,"Stavudine 20mg [Zerit], capsules, 60 Caps",Stavudine,Zerit,20mg,Capsule,60,76,300.2,3.95,0.07,"BMS Meymac, France",False,127.5,0.0,0.59
260,2499,112-NG-T01,Pre-PQ Process,SCMS-42830,ASN-3984,Nigeria,PMO - US,Direct Drop,FCA,Air,2008-10-01,2009-04-01,2009-05-20,2009-05-20,2009-05-20,ARV,Adult,ABBVIE LOGISTICS (FORMERLY ABBOTT LOGISTICS BV),"Lopinavir/Ritonavir 200/50mg [Aluvia], tablets, 120 Tabs",Lopinavir/Ritonavir,Aluvia,200/50mg,Tablet,120,73,3000.3,41.1,0.34,ABBVIE Ludwigshafen Germany,True,69.0,1332.43,5.88
261,2502,102-KE-T01,Pre-PQ Process,SCMS-42970,ASN-4098,Kenya,PMO - US,Direct Drop,EXW,Air,2008-10-04,2009-04-04,2009-06-18,2009-06-18,2009-06-18,HRDT,HIV test,"Trinity Biotech, Plc","HIV 1/2, Uni-Gold HIV Kit, 20 Tests","HIV 1/2, Uni-Gold HIV Kit",Uni-Gold,no_dosage,Test kit,20,5,160.0,32.0,1.6,"Trinity Biotech, Plc",True,2.0,12561.4,0.31
262,2503,102-KE-T01,Pre-PQ Process,SCMS-42970,ASN-4099,Kenya,PMO - US,Direct Drop,EXW,Air,2008-10-04,2009-04-04,2009-06-18,2009-06-18,2009-06-18,HRDT,HIV test,"Trinity Biotech, Plc","HIV 1/2, Uni-Gold HIV Kit, 20 Tests","HIV 1/2, Uni-Gold HIV Kit",Uni-Gold,no_dosage,Test kit,20,4995,159840.0,32.0,1.6,"Trinity Biotech, Plc",True,4995.0,275.0,313.29
263,2506,123-NG-T01,Pre-PQ Process,SCMS-36892,ASN-4206,Nigeria,PMO - US,Direct Drop,FCA,Air,2008-10-07,2009-04-07,2009-07-14,2009-07-14,2009-07-14,ARV,Adult,ABBVIE LOGISTICS (FORMERLY ABBOTT LOGISTICS BV),"Lopinavir/Ritonavir 200/50mg [Aluvia], tablets, 120 Tabs",Lopinavir/Ritonavir,Aluvia,200/50mg,Tablet,120,2040,83844.0,41.1,0.34,ABBVIE Ludwigshafen Germany,True,309.0,3777.93,164.33
264,2536,107-RW-T01,Pre-PQ Process,SCMS-43880,ASN-4462,Rwanda,PMO - US,Direct Drop,CIP,Air,2008-10-15,2009-04-15,2009-07-20,2009-07-20,2009-07-20,ARV,Adult,MYLAN LABORATORIES LTD (FORMERLY MATRIX LABORATORIES),"Lamivudine/Nevirapine/Zidovudine 150/200/300mg, tablets, 60 Tabs",Lamivudine/Nevirapine/Zidovudine,Generic,150/300/200mg,Tablet - FDC,60,26932,317528.28,11.79,0.2,Mylan (formerly Matrix) Nashik,True,3393.0,30661.5,622.36
265,2539,104-CI-T01,Pre-PQ Process,SCMS-44120,ASN-4289,Côte d'Ivoire,PMO - US,Direct Drop,EXW,Air,2008-10-15,2009-04-15,2009-06-10,2009-07-15,2009-07-15,HRDT,HIV test,BIO-RAD LABORATORIES (FRANCE),"#108853** HIV, Genie II HIV-1/HIV-2 Kit, 40 Tests","HIV, Genie II HIV-1/HIV-2 Kit",Genie,no_dosage,Test kit,40,1000,110000.0,110.0,2.75,Bio-Rad Laboratories,True,1073.0,8114.11,215.6
266,2558,119-NA-T01,Pre-PQ Process,SCMS-44960,ASN-4186,Namibia,PMO - US,Direct Drop,EXW,Air,2008-10-27,2009-04-27,2009-06-15,2009-06-15,2009-06-15,HRDT,HIV test,"Orgenics, Ltd","HIV 1/2, Determine HIV Kit, without Lancets, 100 Tests","HIV 1/2, Determine HIV Kit, without Lancets",Determine,no_dosage,Test kit,100,800,56000.0,70.0,0.7,Inverness Japan,True,195.0,2008.54,109.76
267,2559,108-VN-T01,Pre-PQ Process,SCMS-44980,ASN-4094,Vietnam,PMO - US,Direct Drop,EXW,Air,2008-10-29,2009-04-29,2009-06-08,2009-06-08,2009-06-08,ARV,Adult,Aurobindo Pharma Limited,"Didanosine 250mg, delayed-release capsules, 30 Caps",Didanosine,Generic,250mg,Delayed-release capsules,30,150,1950.0,13.0,0.43,"Aurobindo Unit III, India",True,30.0,4111.71,3.82
268,2562,104-CI-T01,Pre-PQ Process,SCMS-45110,ASN-4046,Côte d'Ivoire,PMO - US,Direct Drop,EXW,Air,2008-10-29,2009-04-29,2009-06-09,2009-06-09,2009-06-09,HRDT,HIV test,BIO-RAD LABORATORIES (FRANCE),"#108853** HIV, Genie II HIV-1/HIV-2 Kit, 40 Tests","HIV, Genie II HIV-1/HIV-2 Kit",Genie,no_dosage,Test kit,40,140,15400.0,110.0,2.75,Bio-Rad Laboratories,True,158.0,4318.21,30.18
269,2571,119-NA-T01,Pre-PQ Process,SCMS-45620,ASN-4511,Namibia,PMO - US,Direct Drop,EXW,Air,2008-11-08,2009-05-08,2009-08-18,2009-08-18,2009-08-18,ARV,Pediatric,CIPLA LIMITED,"Lamivudine/Stavudine 30/6mg, dispersible tablets, 60 Tabs",Lamivudine/Stavudine,Generic,30/6mg,Chewable/dispersible tablet - FDC,60,2000,3800.0,1.9,0.03,"Cipla, Goa, India",True,251.0,1484.75,7.45
270,2588,108-VN-T01,Pre-PQ Process,SCMS-46560,ASN-4709,Vietnam,PMO - US,Direct Drop,CIP,Air,2008-11-27,2009-05-27,2009-08-19,2009-08-19,2009-08-19,ARV,Pediatric,BRISTOL-MYERS SQUIBB,"Didanosine 25mg [Videx], chewable tablets, 60 Tabs",Didanosine,Videx,25mg,Chewable/dispersible tablet,60,120,840.0,7.0,0.12,"BMS Meymac, France",True,22.0,0.0,1.65
271,2601,116-ZA-T01,Pre-PQ Process,SCMS-47051,ASN-4837,South Africa,PMO - US,Direct Drop,DDP,Truck,2008-12-05,2009-06-05,2009-10-12,2009-08-03,2009-08-03,ARV,Adult,S. BUYS WHOLESALER,"Didanosine EC 400mg [Videx EC], delayed-release capsules, Blister 3 x 10 Caps",Didanosine EC,Videx EC,400mg,Delayed-release capsules - blister,30,20,438.0,21.9,0.73,"BMS Meymac, France",True,35.5,0.0,0.86
272,2602,116-ZA-T01,Pre-PQ Process,SCMS-47090,ASN-4820,South Africa,PMO - US,Direct Drop,DDP,Truck,2008-12-05,2009-06-05,2009-07-21,2009-07-21,2009-07-21,ARV,Adult,S. BUYS WHOLESALER,"Stavudine 20mg [Zerit], capsules, 60 Caps",Stavudine,Zerit,20mg,Capsule,60,320,1475.2,4.61,0.08,"BMS Meymac, France",True,122.0,0.0,2.89
273,2603,110-ZM-T01,Pre-PQ Process,SCMS-42641,ASN-5221,Zambia,PMO - US,Direct Drop,EXW,Air,2008-12-06,2009-06-06,2009-11-11,2009-10-29,2009-10-29,HRDT,HIV test,"Orgenics, Ltd","HIV 1/2, Determine Complete HIV Kit, 100 Tests","HIV 1/2, Determine Complete HIV Kit",Determine,no_dosage,Test kit,100,2000,144000.0,72.0,0.72,Inverness Japan,True,590.0,5962.58,310.46
274,2632,105-GY-T01,Pre-PQ Process,SCMS-48690,ASN-4600,Guyana,PMO - US,Direct Drop,CIP,Air,2009-01-15,2009-07-15,2009-08-07,2009-08-07,2009-08-07,ARV,Adult,ABBOTT LABORATORIES (PUERTO RICO),"Lopinavir/Ritonavir 200/50mg [Aluvia], tablets, 120 Tabs",Lopinavir/Ritonavir,Aluvia,200/50mg,Tablet,120,2733,224625.27,82.19,0.68,ABBVIE Ludwigshafen Germany,True,589.0,314.0,440.27
275,2647,104-CI-T01,Pre-PQ Process,SCMS-28,ASN-16,Côte d'Ivoire,PMO - US,Direct Drop,EXW,Air,2005-09-06,2006-03-06,2006-09-06,2006-09-06,2006-09-06,HRDT,HIV test,BIO-RAD LABORATORIES (FRANCE),"#108853** HIV, Genie II HIV-1/HIV-2 Kit, 40 Tests","HIV, Genie II HIV-1/HIV-2 Kit",Genie,no_dosage,Test kit,40,100,7535.0,75.35,1.88,Bio-Rad Laboratories,True,107.0,1845.74,0.0
276,2654,106-HT-T01,Pre-PQ Process,SCMS-73,ASN-59,Haiti,PMO - US,Direct Drop,EXW,Air,2005-10-09,2006-04-09,2006-10-09,2006-10-09,2006-10-09,HRDT,HIV test,"Trinity Biotech, Plc","HIV 1/2, Capillus HIV Kit, 100 Tests","HIV 1/2, Capillus HIV Kit",Capillus,no_dosage,Test kit,100,45,7875.0,175.0,1.75,Not Applicable,True,29.0,854.34,0.0
277,2655,108-VN-T01,Pre-PQ Process,SCMS-80,ASN-49,Vietnam,PMO - US,Direct Drop,EXW,Air,2005-09-01,2006-03-01,2006-09-01,2006-09-01,2006-09-01,ARV,Adult,"GILEAD SCIENCES IRELAND, INC.","Tenofovir Disoproxil Fumarate 300mg [Viread], tablets, 30 Tabs",Tenofovir Disoproxil Fumarate,Viread,300mg,Tablet,30,1000,17000.0,17.0,0.57,Gilead(Nycomed) Oranienburg DE,True,61.0,7682.69,0.0
278,2656,108-VN-T01,Pre-PQ Process,SCMS-81,ASN-55,Vietnam,PMO - US,Direct Drop,EXW,Air,2005-08-11,2006-02-11,2006-08-11,2006-08-11,2006-08-11,ARV,Adult,Aurobindo Pharma Limited,"Nevirapine 200mg, tablets, 60 Tabs",Nevirapine,Generic,200mg,Tablet,60,35000,152250.0,4.35,0.07,"Aurobindo Unit III, India",False,2657.0,4400.805,0.0
279,2657,108-VN-T01,Pre-PQ Process,SCMS-81,ASN-55,Vietnam,PMO - US,Direct Drop,EXW,Air,2005-08-11,2006-02-11,2006-08-11,2006-08-11,2006-08-11,ARV,Adult,Aurobindo Pharma Limited,"Lamivudine/Zidovudine 150/300mg, tablets, 60 Tabs",Lamivudine/Zidovudine,Generic,150/300mg,Tablet - FDC,60,20000,338000.0,16.9,0.28,"Aurobindo Unit III, India",False,2292.5,4400.805,0.0
280,2661,112-NG-T01,Pre-PQ Process,SCMS-87,ASN-57,Nigeria,PMO - US,Direct Drop,EXW,Air,2005-09-28,2006-03-28,2006-09-28,2006-09-28,2006-09-28,ARV,Pediatric,Aurobindo Pharma Limited,"Lamivudine 10mg/ml, oral solution, Bottle, 240 ml",Lamivudine,Generic,10mg/ml,Oral solution,240,416,1809.6,4.35,0.02,"Aurobindo Unit III, India",False,276.5,10144.765,0.0
281,2662,112-NG-T01,Pre-PQ Process,SCMS-87,ASN-57,Nigeria,PMO - US,Direct Drop,EXW,Air,2005-09-28,2006-03-28,2006-09-28,2006-09-28,2006-09-28,ARV,Adult,Aurobindo Pharma Limited,"Lamivudine 150mg, tablets, 60 Tabs",Lamivudine,Generic,150mg,Tablet,60,486,2041.2,4.2,0.07,"Aurobindo Unit III, India",False,23.0,10144.765,0.0
282,2680,110-ZM-T01,Pre-PQ Process,SCMS-137,ASN-95,Zambia,PMO - US,Direct Drop,EXW,Air,2006-01-29,2006-07-29,2007-01-29,2007-01-29,2007-01-29,ARV,Pediatric,Aurobindo Pharma Limited,"Abacavir 20mg/ml, oral solution, Bottle, 240 ml",Abacavir,Generic,20mg/ml,Oral solution,240,906,19071.3,21.05,0.09,"Aurobindo Unit III, India",True,316.0,3850.8,0.0
283,2681,110-ZM-T01,Pre-PQ Process,SCMS-138,ASN-86,Zambia,PMO - US,Direct Drop,EXW,Air,2005-11-13,2006-05-13,2006-11-13,2006-11-13,2006-11-13,ARV,Adult,Aurobindo Pharma Limited,"Lamivudine/Zidovudine 150/300mg, tablets, 60 Tabs",Lamivudine/Zidovudine,Generic,150/300mg,Tablet - FDC,60,38780,432009.2,11.14,0.19,"Aurobindo Unit III, India",True,3217.0,14364.29,0.0
284,2683,112-NG-T01,Pre-PQ Process,SCMS-156,ASN-93,Nigeria,PMO - US,Direct Drop,EXW,Air,2005-12-07,2006-06-07,2006-12-07,2006-12-07,2006-12-07,ARV,Adult,Aurobindo Pharma Limited,"Nevirapine 200mg, tablets, 60 Tabs",Nevirapine,Generic,200mg,Tablet,60,4632,16906.8,3.65,0.06,"Aurobindo Unit III, India",False,668.5,10144.765,0.0
285,2684,112-NG-T01,Pre-PQ Process,SCMS-156,ASN-93,Nigeria,PMO - US,Direct Drop,EXW,Air,2005-12-07,2006-06-07,2006-12-07,2006-12-07,2006-12-07,ARV,Adult,Aurobindo Pharma Limited,"Stavudine 40mg, capsules, 60 Caps",Stavudine,Generic,40mg,Capsule,60,166,356.9,2.15,0.04,"Aurobindo Unit III, India",False,668.5,10144.765,0.0
286,2685,110-ZM-T01,Pre-PQ Process,SCMS-163,ASN-123,Zambia,PMO - US,Direct Drop,EXW,Air,2005-12-20,2006-06-20,2006-12-20,2006-12-20,2006-12-20,ARV,Adult,Aurobindo Pharma Limited,"Efavirenz 600mg, tablets, 30 Tabs",Efavirenz,Generic,600mg,Tablet,30,60784,1018132.0,16.75,0.56,"Aurobindo Unit III, India",True,11179.0,49824.57,0.0
287,2686,108-VN-T01,Pre-PQ Process,SCMS-168,ASN-276,Vietnam,PMO - US,Direct Drop,EXW,Air,2006-05-14,2006-11-14,2007-03-14,2007-03-14,2007-03-14,ARV,Pediatric,Aurobindo Pharma Limited,"Zidovudine 10mg/ml, oral solution, Bottle, 240 ml",Zidovudine,Generic,10mg/ml,Oral solution,240,1000,5050.0,5.05,0.02,"Aurobindo Unit III, India",True,3822.0,25124.12,0.0
288,2687,108-VN-T01,Pre-PQ Process,SCMS-169,ASN-272,Vietnam,PMO - US,Direct Drop,EXW,Air,2006-05-15,2006-11-15,2007-03-14,2007-03-14,2007-03-14,ARV,Pediatric,CIPLA LIMITED,"Lamivudine 10mg/ml, oral solution, Bottle, 240 ml",Lamivudine,Generic,10mg/ml,Oral solution,240,1000,2440.0,2.44,0.01,"Cipla, Goa, India",False,132.0,4400.805,0.0
289,2705,106-HT-T01,Pre-PQ Process,SCMS-276,ASN-194,Haiti,PMO - US,Direct Drop,EXW,Air,2006-02-07,2006-08-07,2007-02-07,2007-02-07,2007-02-07,HRDT,HIV test,Orasure Technologies Inc.,"HIV 1/2, OraQuick Advance HIV Rapid Antibody Kit, 100 Tests","HIV 1/2, OraQuick Advance HIV Rapid Antibody Kit",OraQuick,no_dosage,Test kit,100,25,10000.0,400.0,4.0,"Pacific Biotech, Thailand",True,60.0,1498.02,0.0
290,2708,108-VN-T01,Pre-PQ Process,SCMS-313,ASN-542,Vietnam,PMO - US,Direct Drop,EXW,Air,2006-08-07,2007-02-07,2007-07-09,2007-07-09,2007-07-09,ARV,Adult,CIPLA LIMITED,"Lamivudine/Nevirapine/Stavudine 150/200/30mg, tablets, 60 Tabs",Lamivudine/Nevirapine/Stavudine,Generic,150/200/30mg,Tablet - FDC,60,25000,187500.0,7.5,0.12,"Cipla, Goa, India",True,2336.0,21150.56,300.0
291,2721,110-ZM-T01,Pre-PQ Process,SCMS-416,ASN-465,Zambia,PMO - US,Direct Drop,CIP,Air,2006-09-08,2007-03-08,2007-06-06,2007-06-06,2007-06-06,ARV,Pediatric,BRISTOL-MYERS SQUIBB,"Didanosine 100mg [Videx],chewable tablets, 60 Tabs",Didanosine,Videx,100mg,Chewable/dispersible tablet,60,5408,68952.0,12.75,0.21,"BMS Meymac, France",True,1072.0,0.0,0.0
292,2733,104-CI-T01,Pre-PQ Process,SCMS-593,ASN-452,Côte d'Ivoire,PMO - US,Direct Drop,EXW,Air,2006-11-01,2007-05-01,2007-06-28,2007-06-28,2007-06-28,HRDT,HIV test,Orasure Technologies Inc.,"HIV 1/2, OraQuick Advance HIV Rapid Antibody Kit, 100 Tests","HIV 1/2, OraQuick Advance HIV Rapid Antibody Kit",OraQuick,no_dosage,Test kit,100,50,20000.0,400.0,4.0,"Pacific Biotech, Thailand",True,120.0,3004.62,0.0
293,2740,102-NG-T01,Pre-PQ Process,SCMS-687,ASN-544,Nigeria,PMO - US,Direct Drop,EXW,Air,2006-12-08,2007-06-08,2007-07-10,2007-07-10,2007-07-10,HRDT,HIV test,"CHEMBIO DIAGNOSTIC SYSTEMS, INC.","HIV 1/2, Stat-Pak HIV, Kit, 20 Tests","HIV 1/2, Stat-Pak HIV, Kit",Stat-Pak,no_dosage,Test kit,20,10000,270000.0,27.0,1.35,Chembio Diagnostics Sys. Inc.,True,3045.0,28118.58,432.0
294,2741,102-NG-T01,Pre-PQ Process,SCMS-687,ASN-587,Nigeria,PMO - US,Direct Drop,EXW,Air,2006-12-08,2007-06-08,2007-07-10,2007-08-03,2007-08-03,HRDT,HIV test,"CHEMBIO DIAGNOSTIC SYSTEMS, INC.","HIV 1/2, Stat-Pak HIV, Kit, 20 Tests","HIV 1/2, Stat-Pak HIV, Kit",Stat-Pak,no_dosage,Test kit,20,11500,310500.0,27.0,1.35,Chembio Diagnostics Sys. Inc.,True,3276.0,43664.71,496.8
295,9499,107-RW-T01,Pre-PQ Process,SCMS-14730,ASN-1067,Rwanda,PMO - US,Direct Drop,CIP,Air,2007-06-03,2007-12-03,2008-01-03,2008-01-03,2008-01-03,ARV,Adult,Aurobindo Pharma Limited,"Efavirenz 600mg, tablets, 30 Tabs",Efavirenz,Generic,600mg,Tablet,30,48259,567043.25,11.75,0.39,"Aurobindo Unit III, India",True,4143.0,19088.86,907.27
296,2756,102-NG-T01,Pre-PQ Process,SCMS-599,ASN-522,Nigeria,PMO - US,Direct Drop,EXW,Air,2006-12-21,2007-06-21,2007-07-04,2007-07-04,2007-07-04,HRDT,HIV test,"CHEMBIO DIAGNOSTIC SYSTEMS, INC.","HIV 1/2, Stat-Pak HIV, Kit, 20 Tests","HIV 1/2, Stat-Pak HIV, Kit",Stat-Pak,no_dosage,Test kit,20,8000,216000.0,27.0,1.35,Chembio Diagnostics Sys. Inc.,True,2603.0,22838.29,345.6
297,2765,108-VN-T01,Pre-PQ Process,SCMS-749,ASN-737,Vietnam,PMO - US,Direct Drop,EXW,Air,2007-01-03,2007-07-03,2007-10-02,2007-10-02,2007-10-02,ARV,Adult,Aurobindo Pharma Limited,"Efavirenz 600mg, tablets, 30 Tabs",Efavirenz,Generic,600mg,Tablet,30,22500,277425.0,12.33,0.41,"Aurobindo Unit III, India",True,2895.0,18045.24,443.88
298,2766,108-VN-T01,Pre-PQ Process,SCMS-749,ASN-744,Vietnam,PMO - US,Direct Drop,EXW,Air,2007-01-03,2007-07-03,2007-10-02,2007-10-02,2007-10-02,ARV,Pediatric,Aurobindo Pharma Limited,"Lamivudine 10mg/ml, oral solution, Bottle, 240 ml",Lamivudine,Generic,10mg/ml,Oral solution,240,500,950.0,1.9,0.01,"Aurobindo Unit III, India",False,83.0,4400.805,1.52
299,2767,108-VN-T01,Pre-PQ Process,SCMS-752,ASN-884,Vietnam,PMO - US,Direct Drop,CIP,Air,2007-01-03,2007-07-03,2007-11-08,2007-11-08,2007-11-08,ARV,Pediatric,BRISTOL-MYERS SQUIBB,"Didanosine 25mg [Videx], chewable tablets, 60 Tabs",Didanosine,Videx,25mg,Chewable/dispersible tablet,60,800,5600.0,7.0,0.12,"BMS Meymac, France",True,161.0,2514.05,8.96
300,2785,108-VN-T01,Pre-PQ Process,SCMS-10060,ASN-639,Vietnam,PMO - US,Direct Drop,FCA,Air,2007-01-20,2007-07-20,2007-09-10,2007-09-10,2007-09-10,ARV,Pediatric,ABBVIE LOGISTICS (FORMERLY ABBOTT LOGISTICS BV),"Lopinavir/Ritonavir 80/20mg/ml [Kaletra], oral solution, cool, Bottle 5 x 60 ml",Lopinavir/Ritonavir,Kaletra,80/20mg/ml,Oral solution,300,200,16440.0,82.2,0.27,ABBVIE (Abbott) Logis. UK,True,340.0,2326.1,26.3
301,2794,109-TZ-T01,Pre-PQ Process,SCMS-10310,ASN-893,Tanzania,PMO - US,Direct Drop,EXW,Air,2006-12-19,2007-06-19,2007-12-19,2007-12-19,2007-12-19,HRDT,HIV test,"Standard Diagnostics, Inc.","HIV 1/2, Bioline 3.0 Kit, Lancets, Capillary pipets, Alcohol swabs included, 25 Tests","HIV 1/2, Bioline 3.0 Kit, Lancets, Capillary pipets, Alcohol swabs included",Bioline,no_dosage,Test kit,25,10000,200000.0,20.0,0.8,"Standard Diagnostics, Korea",True,3336.0,27791.62,320.0
302,2795,109-TZ-T01,Pre-PQ Process,SCMS-10320,ASN-1114,Tanzania,PMO - US,Direct Drop,EXW,Air,2007-02-15,2007-08-15,2008-01-22,2008-01-22,2008-01-22,HRDT,HIV test,"Standard Diagnostics, Inc.","HIV 1/2, Bioline 3.0 Kit, Lancets, Capillary pipets, Alcohol swabs included, 25 Tests","HIV 1/2, Bioline 3.0 Kit, Lancets, Capillary pipets, Alcohol swabs included",Bioline,no_dosage,Test kit,25,5000,100000.0,20.0,0.8,"Standard Diagnostics, Korea",True,1456.0,14505.37,160.0
303,2796,119-NA-T01,Pre-PQ Process,SCMS-10360,ASN-658,Namibia,PMO - US,Direct Drop,EXW,Air,2007-01-31,2007-07-31,2007-08-29,2007-08-29,2007-08-29,HRDT,HIV test,"Orgenics, Ltd","HIV 1/2, Clearview Complete Kit, 25 Tests","HIV 1/2, Clearview Complete Kit",Clearview,no_dosage,Test kit,25,150,11250.0,75.0,3.0,Not Applicable,True,49.0,2541.8,18.0
304,2808,117-ET-T01,Pre-PQ Process,SCMS-11071,ASN-1039,Ethiopia,PMO - US,Direct Drop,EXW,Air,2007-04-03,2007-10-03,2007-11-20,2007-12-24,2007-12-24,ARV,Adult,Aurobindo Pharma Limited,"Stavudine 30mg, capsules, 60 Caps",Stavudine,Generic,30mg,Capsule,60,35065,54350.75,1.55,0.03,"Aurobindo Unit III, India",True,2318.0,6755.81,86.96
305,2823,102-GY-T01,Pre-PQ Process,SCMS-11670,ASN-967,Guyana,PMO - US,Direct Drop,EXW,Air,2007-02-28,2007-08-28,2007-12-03,2007-12-03,2007-12-03,HRDT,HIV test,"Trinity Biotech, Plc","HIV 1/2, Uni-Gold HIV Kit, 20 Tests","HIV 1/2, Uni-Gold HIV Kit",Uni-Gold,no_dosage,Test kit,20,2220,71040.0,32.0,1.6,"Trinity Biotech, Plc",True,732.0,6524.19,113.66
306,2892,114-UG-T01,Pre-PQ Process,SCMS-13510,ASN-1483,Uganda,PMO - US,Direct Drop,CIP,Air,2007-04-03,2007-10-03,2008-03-31,2008-03-31,2008-03-31,ARV,Adult,BRISTOL-MYERS SQUIBB,"Didanosine EC 400mg [Videx EC], delayed-release capsules, Blister 3 x 10 Caps",Didanosine EC,Videx EC,400mg,Delayed-release capsules - blister,30,140,3313.8,23.67,0.79,"BMS Meymac, France",True,6.0,0.0,5.3
307,2921,116-ZA-T01,Pre-PQ Process,SCMS-14050,ASN-1251,South Africa,PMO - US,Direct Drop,DDP,Truck,2007-05-12,2007-11-12,2008-01-29,2008-01-29,2008-01-29,ARV,Pediatric,"JSI R&T INSTITUTE, INC.","Lamivudine 10mg/ml [Epivir], oral solution, Bottle, 240 ml",Lamivudine,Epivir,10mg/ml,Oral solution,240,500,3630.0,7.26,0.03,GSK Mississauga (Canada),False,83.0,0.0,5.81
308,2922,116-ZA-T01,Pre-PQ Process,SCMS-14050,ASN-1251,South Africa,PMO - US,Direct Drop,DDP,Truck,2007-05-12,2007-11-12,2008-01-29,2008-01-29,2008-01-29,ARV,Adult,"JSI R&T INSTITUTE, INC.","Tenofovir Disoproxil Fumarate 300mg [Viread], tablets, 30 Tabs",Tenofovir Disoproxil Fumarate,Viread,300mg,Tablet,30,20,535.2,26.76,0.89,"Aspen-OSD, Port Elizabeth, SA",False,35.5,0.0,0.86
309,2923,116-ZA-T01,Pre-PQ Process,SCMS-14050,ASN-1251,South Africa,PMO - US,Direct Drop,DDP,Truck,2007-05-12,2007-11-12,2008-01-29,2008-01-29,2008-01-29,ARV,Adult,"JSI R&T INSTITUTE, INC.","Emtricitabine/Tenofovir Disoproxil Fumarate 200/300mg [Truvada], tablets, 30 Tabs",Emtricitabine/Tenofovir Disoproxil Fumarate,Truvada,300/200mg,Tablet - FDC,30,10,443.0,44.3,1.48,"Aspen-OSD, Port Elizabeth, SA",False,38.0,0.0,0.71
310,2927,107-RW-T01,Pre-PQ Process,SCMS-14140,ASN-1028,Rwanda,PMO - US,Direct Drop,EXW,Air,2007-05-16,2007-11-16,2008-01-10,2008-01-10,2008-01-10,HRDT,HIV test,"Trinity Biotech, Plc","HIV 1/2, Uni-Gold HIV Kit, 20 Tests","HIV 1/2, Uni-Gold HIV Kit",Uni-Gold,no_dosage,Test kit,20,4500,144000.0,32.0,1.6,"Trinity Biotech, Plc",True,2300.0,38425.29,230.4
311,2947,108-VN-T01,Pre-PQ Process,SCMS-14930,ASN-1231,Vietnam,PMO - US,Direct Drop,EXW,Air,2007-06-05,2007-12-05,2008-01-22,2008-01-22,2008-01-22,ARV,Adult,Aurobindo Pharma Limited,"Stavudine 15mg, capsules, 60 Caps",Stavudine,Generic,15mg,Capsule,60,400,600.0,1.5,0.02,"Aurobindo Unit III, India",True,83.0,2426.05,0.96
312,2960,100-HT-T01,Pre-PQ Process,SCMS-15460,ASN-2258,Haiti,PMO - US,Direct Drop,EXW,Air,2007-08-22,2008-02-22,2008-08-22,2008-08-22,2008-08-22,HRDT,HIV test,"Trinity Biotech, Plc","HIV 1/2, Capillus HIV Kit, 100 Tests","HIV 1/2, Capillus HIV Kit",Capillus,no_dosage,Test kit,100,2,278.0,139.0,1.39,"Trinity Biotech, Plc",True,2.0,2946.7200000000003,0.44
313,2965,100-HT-T01,Pre-PQ Process,SCMS-15880,ASN-1301,Haiti,PMO - US,Direct Drop,EXW,Air,2007-07-03,2008-01-03,2008-02-27,2008-02-18,2008-02-18,HRDT,HIV test,"Trinity Biotech, Plc","HIV 1/2, Capillus HIV Kit, 100 Tests","HIV 1/2, Capillus HIV Kit",Capillus,no_dosage,Test kit,100,4,556.0,139.0,1.39,"Trinity Biotech, Plc",True,3.5,2946.7200000000003,0.89
314,2993,116-ZA-T01,Pre-PQ Process,SCMS-16600,ASN-1520,South Africa,PMO - US,Direct Drop,DDP,Truck,2007-07-04,2008-01-04,2008-01-21,2008-01-04,2008-01-04,ARV,Pediatric,"JSI R&T INSTITUTE, INC.","Efavirenz 50mg [Stocrin/Sustiva], capsule, 30 Caps",Efavirenz,Stocrin/Sustiva,50mg,Capsule,30,200,696.0,3.48,0.12,"MSD Midrand, J'burg, SA",False,22.0,0.0,1.11
315,4100,104-CI-T01,Pre-PQ Process,SCMS-12370,ASN-823,Côte d'Ivoire,PMO - US,Direct Drop,EXW,Air,2007-03-18,2007-09-18,2007-10-25,2007-10-25,2007-10-25,HRDT,HIV test,"CHEMBIO DIAGNOSTIC SYSTEMS, INC.","HIV 1/2, Stat-Pak HIV, Kit, 20 Tests","HIV 1/2, Stat-Pak HIV, Kit",Stat-Pak,no_dosage,Test kit,20,250,6750.0,27.0,1.35,Chembio Diagnostics Sys. Inc.,True,68.0,1711.86,10.8
316,2994,116-ZA-T01,Pre-PQ Process,SCMS-16600,ASN-1520,South Africa,PMO - US,Direct Drop,DDP,Truck,2007-07-04,2008-01-04,2008-01-21,2008-01-04,2008-01-04,ARV,Adult,"JSI R&T INSTITUTE, INC.","Efavirenz 600mg [Stocrin/Sustiva], tablets, 30 Tabs",Efavirenz,Stocrin/Sustiva,600mg,Tablet,30,1200,23808.0,19.84,0.66,"MSD Midrand, J'burg, SA",False,128.0,0.0,38.09
317,2995,116-ZA-T01,Pre-PQ Process,SCMS-16600,ASN-1520,South Africa,PMO - US,Direct Drop,DDP,Truck,2007-07-04,2008-01-04,2008-01-21,2008-01-04,2008-01-04,ARV,Adult,"JSI R&T INSTITUTE, INC.","Emtricitabine/Tenofovir Disoproxil Fumarate 200/300mg [Truvada], tablets, 30 Tabs",Emtricitabine/Tenofovir Disoproxil Fumarate,Truvada,300/200mg,Tablet - FDC,30,30,1271.1,42.37,1.41,"Aspen-OSD, Port Elizabeth, SA",False,55.0,0.0,2.03
318,2996,116-ZA-T01,Pre-PQ Process,SCMS-16600,ASN-1520,South Africa,PMO - US,Direct Drop,DDP,Truck,2007-07-04,2008-01-04,2008-01-21,2008-01-04,2008-01-04,ARV,Adult,"JSI R&T INSTITUTE, INC.","Ritonavir 100mg [Norvir], capsules, cool, 84 Caps",Ritonavir,Norvir,100mg,Capsule,84,3,32.31,10.77,0.13,ABBVIE (Abbott) Logis. UK,False,1.0,0.0,0.05
319,3007,104-CI-T01,Pre-PQ Process,SCMS-16740,ASN-1492,Côte d'Ivoire,PMO - US,Direct Drop,CIP,Air,2007-07-24,2008-01-24,2008-04-08,2008-04-08,2008-04-08,ARV,Pediatric,BRISTOL-MYERS SQUIBB,"Didanosine 25mg [Videx], chewable tablets, 60 Tabs",Didanosine,Videx,25mg,Chewable/dispersible tablet,60,546,3822.0,7.0,0.12,"BMS Meymac, France",True,108.0,0.0,6.12
320,3008,102-NG-T01,Pre-PQ Process,SCMS-16890,ASN-2359,Nigeria,PMO - US,Direct Drop,EXW,Air,2007-07-29,2008-01-29,2008-09-19,2008-09-19,2008-09-19,HRDT,HIV test,"CHEMBIO DIAGNOSTIC SYSTEMS, INC.","HIV 1/2, Stat-Pak HIV, Kit, 20 Tests","HIV 1/2, Stat-Pak HIV, Kit",Stat-Pak,no_dosage,Test kit,20,9048,244296.0,27.0,1.35,Chembio Diagnostics Sys. Inc.,True,2985.0,20635.3,390.87
321,3009,102-NG-T01,Pre-PQ Process,SCMS-16900,ASN-1381,Nigeria,PMO - US,Direct Drop,EXW,Air,2007-07-29,2008-01-29,2008-03-12,2008-03-10,2008-03-10,HRDT,HIV test,"Orgenics, Ltd","HIV 1/2, Determine HIV Kit, without Lancets, 100 Tests","HIV 1/2, Determine HIV Kit, without Lancets",Determine,no_dosage,Test kit,100,3000,239970.0,79.99,0.8,Inverness Japan,True,861.0,12770.05,383.95
322,3010,102-NG-T01,Pre-PQ Process,SCMS-16900,ASN-1411,Nigeria,PMO - US,Direct Drop,EXW,Air,2007-07-29,2008-01-29,2008-03-12,2008-03-12,2008-03-12,HRDT,HIV test,"Orgenics, Ltd","HIV 1/2, Determine HIV Kit, without Lancets, 100 Tests","HIV 1/2, Determine HIV Kit, without Lancets",Determine,no_dosage,Test kit,100,3199,255888.01,79.99,0.8,Inverness Japan,True,550.0,8213.59,409.42
323,3026,116-ZA-T01,Pre-PQ Process,SCMS-17630,ASN-1532,South Africa,PMO - US,Direct Drop,DDP,Truck,2007-07-21,2008-01-21,2008-02-05,2008-01-21,2008-01-21,ARV,Adult,"JSI R&T INSTITUTE, INC.","Didanosine EC 250mg [Videx EC], delayed-release capsules, Blister 3 x 10 Caps",Didanosine EC,Videx EC,250mg,Delayed-release capsules - blister,30,400,8416.0,21.04,0.7,"BMS Meymac, France",True,81.0,0.0,13.47
324,3037,117-ET-T01,Pre-PQ Process,SCMS-17940,ASN-1405,Ethiopia,PMO - US,Direct Drop,CIP,Air,2007-08-20,2008-02-20,2008-02-27,2008-02-27,2008-02-27,HRDT,HIV test,SUB-SAHARAN BIOMEDICAL P.L.C.,"HIV 1/2, Determine Complete HIV Kit, 100 Tests","HIV 1/2, Determine Complete HIV Kit",Determine,no_dosage,Test kit,100,805,62967.1,78.22,0.78,Inverness Japan,True,394.0,0.0,100.75
325,3039,111-MZ-T01,Pre-PQ Process,SCMS-18060,ASN-1651,Mozambique,PMO - US,Direct Drop,EXW,Air,2007-08-25,2008-02-25,2008-06-13,2008-06-13,2008-06-13,HRDT,HIV test - Ancillary,"Orgenics, Ltd","HIV, Lancet, Safety, for HIV Test kits, 100 Pcs","HIV, Lancet, Safety, for HIV Test kits, 100 Pcs",Generic,no_dosage,Test kit - Ancillary,100,4200,42.0,0.01,0.0,Inverness Japan,True,1437.5,3247.5699999999997,0.07
326,3040,110-ZM-T01,Pre-PQ Process,SCMS-18070,ASN-1576,Zambia,PMO - US,Direct Drop,EXW,Air,2007-08-25,2008-02-25,2008-04-22,2008-05-05,2008-05-05,HRDT,HIV test,"Orgenics, Ltd","HIV 1/2, Determine HIV Kit, without Lancets, 100 Tests","HIV 1/2, Determine HIV Kit, without Lancets",Determine,no_dosage,Test kit,100,2000,143980.0,71.99,0.72,Inverness Japan,True,455.0,4113.16,230.37
327,3049,104-CI-T01,Pre-PQ Process,SCMS-18420,ASN-1468,Côte d'Ivoire,PMO - US,Direct Drop,EXW,Air,2007-08-28,2008-02-28,2008-04-08,2008-04-08,2008-04-08,HRDT,HIV test,"Orgenics, Ltd","HIV 1/2, Determine HIV Kit, without Lancets, 100 Tests","HIV 1/2, Determine HIV Kit, without Lancets",Determine,no_dosage,Test kit,100,70,5039.3,71.99,0.72,Inverness Japan,True,16.0,515.48,8.06
328,3050,104-CI-T01,Pre-PQ Process,SCMS-18440,ASN-1563,Côte d'Ivoire,PMO - US,Direct Drop,EXW,Air,2007-08-28,2008-02-28,2008-04-25,2008-04-25,2008-04-25,HRDT,HIV test,"Orgenics, Ltd","HIV 1/2, Determine HIV Kit, without Lancets, 100 Tests","HIV 1/2, Determine HIV Kit, without Lancets",Determine,no_dosage,Test kit,100,1116,78120.0,70.0,0.7,Inverness Japan,True,255.0,5303.05,124.99
329,3055,114-UG-T01,Pre-PQ Process,SCMS-18750,ASN-1611,Uganda,PMO - US,Direct Drop,EXW,Air,2007-09-11,2008-03-11,2008-05-22,2008-05-22,2008-05-22,HRDT,HIV test,"Orgenics, Ltd","HIV 1/2, Determine HIV Kit, without Lancets, 100 Tests","HIV 1/2, Determine HIV Kit, without Lancets",Determine,no_dosage,Test kit,100,850,61191.5,71.99,0.72,Inverness Japan,True,194.0,2642.45,97.91
330,3080,116-ZA-T01,Pre-PQ Process,SCMS-19800,ASN-1664,South Africa,PMO - US,Direct Drop,DDP,Truck,2007-08-20,2008-02-20,2008-04-24,2008-02-29,2008-02-29,ARV,Pediatric,S. BUYS WHOLESALER,"Efavirenz 200mg [Stocrin/Sustiva], capsule, 90 Caps",Efavirenz,Stocrin/Sustiva,200mg,Capsule,90,20,563.0,28.15,0.31,"MSD Midrand, J'burg, SA",True,35.5,0.0,0.9
331,3081,116-ZA-T01,Pre-PQ Process,SCMS-19800,ASN-1665,South Africa,PMO - US,Direct Drop,DDP,Truck,2007-08-20,2008-02-20,2008-04-24,2008-04-24,2008-04-24,ARV,Adult,S. BUYS WHOLESALER,"Efavirenz 600mg, tablets, 30 Tabs",Efavirenz,Generic,600mg,Tablet,30,2500,37500.0,15.0,0.5,"Cipla, Goa, India",False,284.0,0.0,60.0
332,3094,108-VN-T01,Pre-PQ Process,SCMS-20181,ASN-2023,Vietnam,PMO - US,Direct Drop,EXW,Air,2007-09-30,2008-03-31,2008-07-07,2008-07-07,2008-07-07,ARV,Adult,Aurobindo Pharma Limited,"Abacavir 300mg, tablets, 60 Tabs",Abacavir,Generic,300mg,Tablet,60,520,13000.0,25.0,0.42,"Aurobindo Unit III, India",True,137.0,5260.46,20.8
333,3096,108-VN-T01,Pre-PQ Process,SCMS-20430,ASN-1887,Vietnam,PMO - US,Direct Drop,EXW,Air,2007-09-30,2008-03-31,2008-06-17,2008-06-17,2008-06-17,ARV,Adult,STRIDES ARCOLAB LIMITED,"Stavudine 30mg, capsules, 60 Caps",Stavudine,Generic,30mg,Capsule,60,2576,3889.76,1.51,0.03,"Strides, Bangalore, India.",True,121.0,2789.74,6.22
334,3097,108-VN-T01,Pre-PQ Process,SCMS-20450,ASN-1888,Vietnam,PMO - US,Direct Drop,EXW,Air,2007-09-30,2008-03-31,2008-06-20,2008-06-20,2008-06-20,ARV,Adult,STRIDES ARCOLAB LIMITED,"Stavudine 30mg, capsules, 60 Caps",Stavudine,Generic,30mg,Capsule,60,2464,3720.64,1.51,0.03,"Strides, Bangalore, India.",True,114.0,2879.96,5.95
335,3152,102-BW-T01,Pre-PQ Process,SCMS-22730,ASN-1956,Botswana,PMO - US,Direct Drop,EXW,Air,2007-10-28,2008-04-28,2008-07-31,2008-07-31,2008-07-31,HRDT,HIV test,"Orgenics, Ltd","HIV 1/2, Determine HIV Kit, without Lancets, 100 Tests","HIV 1/2, Determine HIV Kit, without Lancets",Determine,no_dosage,Test kit,100,100,7199.0,71.99,0.72,Inverness Japan,True,25.0,641.04,11.52
336,3153,102-BW-T01,Pre-PQ Process,SCMS-22730,ASN-1939,Botswana,PMO - US,Direct Drop,EXW,Air,2007-10-28,2008-04-28,2008-07-31,2008-07-07,2008-07-07,HRDT,HIV test - Ancillary,"Orgenics, Ltd","HIV, Lancet, Safety, for HIV Test kits, 100 Pcs","HIV, Lancet, Safety, for HIV Test kits, 100 Pcs",Generic,no_dosage,Test kit - Ancillary,100,100,1.0,0.01,0.0,Inverness Japan,True,34.0,700.7049999999999,0.0
337,3154,102-BW-T01,Pre-PQ Process,SCMS-22770,ASN-2234,Botswana,PMO - US,Direct Drop,EXW,Air,2007-10-28,2008-04-28,2009-01-20,2008-09-03,2008-09-03,HRDT,HIV test,"Orgenics, Ltd","HIV 1/2, Determine HIV Kit, without Lancets, 100 Tests","HIV 1/2, Determine HIV Kit, without Lancets",Determine,no_dosage,Test kit,100,100,7199.0,71.99,0.72,Inverness Japan,True,25.0,1038.39,11.52
338,3159,117-ET-T01,Pre-PQ Process,SCMS-22810,ASN-2096,Ethiopia,PMO - US,Direct Drop,DDP,Air,2007-10-28,2008-04-28,2008-07-01,2008-07-01,2008-07-01,HRDT,HIV test,SETEMA LIMITED PLC,"HIV 1/2, Stat-Pak HIV, Kit, 20 Tests","HIV 1/2, Stat-Pak HIV, Kit",Stat-Pak,no_dosage,Test kit,20,81,3798.09,46.89,2.34,Chembio Diagnostics Sys. Inc.,True,26.5,0.0,6.08
339,3191,116-ZA-T01,Pre-PQ Process,SCMS-23500,ASN-2300,South Africa,PMO - US,Direct Drop,DDP,Truck,2007-08-20,2008-02-20,2008-08-20,2008-05-14,2008-05-14,ARV,Adult,S. BUYS WHOLESALER,"Ritonavir 100mg [Norvir], capsules, cool, 84 Caps",Ritonavir,Norvir,100mg,Capsule,84,4,38.88,9.72,0.12,ABBVIE (Abbott) Logis. UK,False,78.0,0.0,0.06
340,3192,116-ZA-T01,Pre-PQ Process,SCMS-23500,ASN-2293,South Africa,PMO - US,Direct Drop,DDP,Truck,2007-08-20,2008-02-20,2008-08-20,2008-05-08,2008-05-08,ARV,Adult,S. BUYS WHOLESALER,"Nevirapine 200mg, tablets, 60 Tabs",Nevirapine,Generic,200mg,Tablet,60,150,3166.5,21.11,0.35,"Cipla, Goa, India",False,53.5,0.0,5.07
341,3193,116-ZA-T01,Pre-PQ Process,SCMS-23500,ASN-2293,South Africa,PMO - US,Direct Drop,DDP,Truck,2007-08-20,2008-02-20,2008-08-20,2008-05-08,2008-05-08,ARV,Adult,S. BUYS WHOLESALER,"Stavudine 30mg [Zerit], capsules, 60 Caps",Stavudine,Zerit,30mg,Capsule,60,1350,6979.5,5.17,0.09,"BMS Meymac, France",False,159.5,0.0,11.17
342,3202,106-HT-T01,Pre-PQ Process,SCMS-24060,ASN-2800,Haiti,PMO - US,Direct Drop,EXW,Air,2007-11-23,2008-05-23,2008-11-17,2008-11-17,2008-11-17,HRDT,HIV test,"Orgenics, Ltd","HIV 1/2, Determine HIV Kit, without Lancets, 100 Tests","HIV 1/2, Determine HIV Kit, without Lancets",Determine,no_dosage,Test kit,100,1123,78610.0,70.0,0.7,Inverness Japan,True,257.0,2873.56,154.08
343,3245,110-ZM-T01,Pre-PQ Process,SCMS-25790,ASN-2399,Zambia,PMO - US,Direct Drop,EXW,Air,2007-12-20,2008-06-20,2008-09-26,2008-09-26,2008-09-26,HRDT,HIV test,"Trinity Biotech, Plc","HIV 1/2, Uni-Gold HIV Kit, 20 Tests","HIV 1/2, Uni-Gold HIV Kit",Uni-Gold,no_dosage,Test kit,20,9000,288000.0,32.0,1.6,"Trinity Biotech, Plc",True,3000.0,34902.96,460.8
344,3261,108-VN-T01,Pre-PQ Process,SCMS-26380,ASN-2338,Vietnam,PMO - US,Direct Drop,EXW,Air,2008-01-01,2008-07-01,2008-09-20,2008-09-20,2008-09-20,ARV,Adult,MYLAN LABORATORIES LTD (FORMERLY MATRIX LABORATORIES),"Tenofovir Disoproxil Fumarate 300mg, tablets, 30 Tabs",Tenofovir Disoproxil Fumarate,Generic,300mg,Tablet,30,2016,24917.76,12.36,0.41,Mylan (formerly Matrix) Nashik,True,120.0,5921.97,39.87
345,3282,116-ZA-T01,Pre-PQ Process,SCMS-26820,ASN-2488,South Africa,PMO - US,Direct Drop,DDP,Truck,2007-07-10,2008-01-10,2008-07-10,2008-07-08,2008-07-08,ARV,Adult,S. BUYS WHOLESALER,"Efavirenz 600mg, tablets, 30 Tabs",Efavirenz,Generic,600mg,Tablet,30,1000,16190.0,16.19,0.54,"Cipla, Goa, India",False,132.0,0.0,25.9
346,3292,133-NG-T01,Pre-PQ Process,SCMS-27050,ASN-2572,Nigeria,PMO - US,Direct Drop,EXW,Air,2008-01-18,2008-07-18,2008-11-07,2008-10-21,2008-10-21,HRDT,HIV test,"CHEMBIO DIAGNOSTIC SYSTEMS, INC.","HIV 1/2, Stat-Pak HIV, Kit, 20 Tests","HIV 1/2, Stat-Pak HIV, Kit",Stat-Pak,no_dosage,Test kit,20,12315,332505.0,27.0,1.35,Chembio Diagnostics Sys. Inc.,True,3508.0,29954.15,532.01
347,3294,114-UG-T01,Pre-PQ Process,SCMS-27190,ASN-2391,Uganda,PMO - US,Direct Drop,CIP,Air,2008-01-18,2008-07-18,2008-09-09,2008-09-09,2008-09-09,ARV,Adult,BRISTOL-MYERS SQUIBB,"Didanosine EC 400mg [Videx EC], delayed-release capsules, Blister 3 x 10 Caps",Didanosine EC,Videx EC,400mg,Delayed-release capsules - blister,30,50,1183.5,23.67,0.79,"BMS Meymac, France",True,2.0,330.0,1.89
348,3302,108-VN-T01,Pre-PQ Process,SCMS-27370,ASN-2806,Vietnam,PMO - US,Direct Drop,EXW,Air,2008-01-24,2008-07-24,2008-11-29,2008-11-29,2008-11-29,ARV,Adult,CIPLA LIMITED,"Lamivudine/Nevirapine/Stavudine 150/200/30mg, tablets, 60 Tabs",Lamivudine/Nevirapine/Stavudine,Generic,150/200/30mg,Tablet - FDC,60,1440,10440.0,7.25,0.12,"Cipla, Goa, India",True,128.0,2147.61,20.46
349,3313,110-ZM-T01,Pre-PQ Process,SCMS-27790,ASN-2641,Zambia,PMO - US,Direct Drop,EXW,Air,2008-01-31,2008-07-31,2008-10-20,2008-10-20,2008-10-20,HRDT,HIV test - Ancillary,"Orgenics, Ltd","HIV, Lancet, Safety, for HIV Test kits, 100 Pcs","HIV, Lancet, Safety, for HIV Test kits, 100 Pcs",Generic,no_dosage,Test kit - Ancillary,100,4500,45.0,0.01,0.0,Inverness Japan,False,1482.0,14019.38,0.09
350,3354,117-ET-T01,Pre-PQ Process,SCMS-28690,ASN-2840,Ethiopia,PMO - US,Direct Drop,EXW,Air,2008-02-22,2008-08-22,2008-11-17,2008-11-17,2008-11-17,HRDT,HIV test,"SHANGHAI KEHUA BIOENGINEERING CO.,LTD.  (KHB)","HIV 1/2, SKB Colloidal Gold, Diagnostic Kit, Antibody, 50 Tests","HIV 1/2, Colloidal Gold, Diagnostic Kit, Antibody",Colloidal Gold,no_dosage,Test kit,1,6998,160954.0,23.0,23.0,"KHB Test Kit Facility, Shanghai China",True,4913.0,46117.09,315.47
351,3357,116-ZA-T01,Pre-PQ Process,SCMS-28830,ASN-2502,South Africa,PMO - US,Direct Drop,DDP,Truck,2007-08-25,2008-02-25,2008-08-25,2008-08-18,2008-08-18,ARV,Pediatric,S. BUYS WHOLESALER,"Zidovudine 10mg/ml [Retrovir], oral solution, Bottle, 200 ml",Zidovudine,Retrovir,10mg/ml,Oral solution,200,60,360.6,6.01,0.03,GSK Mississauga (Canada),True,108.0,0.0,0.58
352,3358,116-ZA-T01,Pre-PQ Process,SCMS-28830,ASN-2503,South Africa,PMO - US,Direct Drop,DDP,Truck,2007-08-25,2008-02-25,2008-08-25,2008-08-14,2008-08-14,ARV,Adult,S. BUYS WHOLESALER,"Stavudine 40mg [Zerit], capsules, 60 Caps",Stavudine,Zerit,40mg,Capsule,60,130,644.8,4.96,0.08,"BMS Meymac, France",False,668.5,0.0,1.03
353,3359,116-ZA-T01,Pre-PQ Process,SCMS-28830,ASN-2502,South Africa,PMO - US,Direct Drop,DDP,Truck,2007-08-25,2008-02-25,2008-08-25,2008-08-18,2008-08-18,ARV,Adult,S. BUYS WHOLESALER,"Abacavir 300mg [Ziagen], tablets, Blister 6 x 10 Tabs",Abacavir,Ziagen,300mg,Tablet - blister,60,40,1337.2,33.43,0.56,GSK Ware (UK),False,56.5,0.0,2.14
354,3360,119-NA-T01,Pre-PQ Process,SCMS-28850,ASN-2513,Namibia,PMO - US,Direct Drop,EXW,Air,2008-02-26,2008-08-26,2008-09-25,2008-09-25,2008-09-25,HRDT,HIV test,"Orgenics, Ltd","HIV 1/2, Clearview Complete Kit, 25 Tests","HIV 1/2, Clearview Complete Kit",Clearview,no_dosage,Test kit,25,1,75.0,75.0,3.0,Inverness Japan,True,822.0,2541.8,0.12
355,4635,108-VN-T01,Pre-PQ Process,SCMS-26171,ASN-2515,Vietnam,PMO - US,Direct Drop,EXW,Air,2008-01-01,2008-07-01,2008-09-25,2008-09-25,2008-09-25,ARV,Adult,Aurobindo Pharma Limited,"Nevirapine 200mg, tablets, 60 Tabs",Nevirapine,Generic,200mg,Tablet,60,1848,5359.2,2.9,0.05,"Aurobindo Unit III, India",True,327.0,3171.36,8.57
356,3375,104-CI-T01,Pre-PQ Process,SCMS-29340,ASN-2921,Côte d'Ivoire,PMO - US,Direct Drop,EXW,Air,2008-03-03,2008-09-03,2009-01-23,2009-01-23,2009-01-23,ACT,ACT,IDA FOUNDATION,"Artesunate+Amodiaquine 50+153mg, tablets, co-blister 6+6 Tabs",Artesunate+Amodiaquine,Generic,50+153mg,Tablet - FDC + co-blister,12,50000,19500.0,0.39,0.03,Ipca Dadra/Nagar Haveli IN,False,785.0,4063.81,38.22
357,3378,111-MZ-T01,Pre-PQ Process,SCMS-29460,ASN-3047,Mozambique,PMO - US,Direct Drop,FCA,Air,2008-02-29,2008-08-29,2009-02-17,2009-02-17,2009-02-17,HRDT,HIV test,Abbott GmbH & Co. KG,"HIV 1/2, Determine Complete HIV Kit, 100 Tests","HIV 1/2, Determine Complete HIV Kit",Determine,no_dosage,Test kit,100,1000,80000.0,80.0,0.8,ABBVIE GmbH & Co.KG Wiesbaden,True,337.0,3499.18,156.8
358,3386,111-MZ-T01,Pre-PQ Process,SCMS-29440,ASN-2403,Mozambique,PMO - US,Direct Drop,EXW,Air,2008-02-29,2008-08-29,2008-10-03,2008-10-03,2008-10-03,HRDT,HIV test,"Orgenics, Ltd","HIV 1/2, Determine HIV Kit, without Lancets, 100 Tests","HIV 1/2, Determine HIV Kit, without Lancets",Determine,no_dosage,Test kit,100,1000,71990.0,71.99,0.72,Inverness Japan,True,296.0,2648.82,115.18
359,3419,104-CI-T01,Pre-PQ Process,SCMS-30420,ASN-2992,Côte d'Ivoire,PMO - US,Direct Drop,EXW,Air,2008-03-18,2008-09-18,2008-12-12,2008-12-12,2008-12-12,HRDT,HIV test,BIO-RAD LABORATORIES (FRANCE),"#108853** HIV, Genie II HIV-1/HIV-2 Kit, 40 Tests","HIV, Genie II HIV-1/HIV-2 Kit",Genie,no_dosage,Test kit,40,862,65512.0,76.0,1.9,Bio-Rad Laboratories,True,963.0,25080.52,128.4
360,3421,131-NG-T01,Pre-PQ Process,SCMS-26482,ASN-2589,Nigeria,PMO - US,Direct Drop,CIP,Air,2008-03-17,2008-09-17,2008-10-10,2008-10-10,2008-10-10,ARV,Adult,MERCK SHARP & DOHME IDEA GMBH (FORMALLY MERCK SHARP & DOHME B.V.),"Efavirenz/Emtricitabine/Tenofovir Disoproxil Fumarate 600/200/300mg [Atripla], tablets, 30 Tabs",Efavirenz/Emtricitabine/Tenofovir Disoproxil Fumarate,Atripla,600/200/300mg,Tablet - FDC,30,5900,297360.0,50.4,1.68,"MSD, Haarlem, NL",True,493.0,1727.2,475.78
361,3441,110-ZM-T01,Pre-PQ Process,SCMS-31390,ASN-3508,Zambia,PMO - US,Direct Drop,EXW,Air,2008-04-02,2008-10-02,2009-03-18,2009-03-18,2009-03-18,HRDT,HIV test,"Orgenics, Ltd","HIV 1/2, Determine HIV Kit, without Lancets, 100 Tests","HIV 1/2, Determine HIV Kit, without Lancets",Determine,no_dosage,Test kit,100,5500,395945.0,71.99,0.72,Inverness Japan,True,1624.0,12646.15,776.05
362,3456,108-VN-T01,Pre-PQ Process,SCMS-31730,ASN-3313,Vietnam,PMO - US,Direct Drop,EXW,Air,2008-04-21,2008-10-21,2009-02-23,2009-02-23,2009-02-23,ARV,Adult,Aurobindo Pharma Limited,"Lamivudine 150mg, tablets, 60 Tabs",Lamivudine,Generic,150mg,Tablet,60,6156,14774.4,2.4,0.04,"Aurobindo Unit III, India",True,1044.0,3854.23,28.96
363,3457,119-NA-T01,Pre-PQ Process,SCMS-31810,ASN-3192,Namibia,PMO - US,Direct Drop,EXW,Air,2008-04-14,2008-10-14,2009-01-22,2009-01-22,2009-01-22,HRDT,HIV test,"Orgenics, Ltd","HIV 1/2, Determine Complete HIV Kit, 100 Tests","HIV 1/2, Determine Complete HIV Kit",Determine,no_dosage,Test kit,100,150,10800.0,72.0,0.72,Inverness Japan,True,46.0,2946.64,21.17
364,3470,114-UG-T01,Pre-PQ Process,SCMS-32250,ASN-3001,Uganda,PMO - US,Direct Drop,CIP,Air,2008-04-17,2008-10-17,2008-12-09,2008-12-09,2008-12-09,ARV,Adult,BRISTOL-MYERS SQUIBB,"Didanosine EC 250mg [Videx EC], delayed-release capsules, Blister 3 x 10 Caps",Didanosine EC,Videx EC,250mg,Delayed-release capsules - blister,30,50,917.0,18.34,0.61,"BMS Meymac, France",True,2.0,378.0,1.8
365,3479,117-ET-T01,Pre-PQ Process,SCMS-32630,ASN-3156,Ethiopia,PMO - US,Direct Drop,EXW,Air,2008-04-27,2008-10-27,2009-01-26,2009-01-20,2009-01-20,HRDT,HIV test,"SHANGHAI KEHUA BIOENGINEERING CO.,LTD.  (KHB)","HIV 1/2, SKB Colloidal Gold, Diagnostic Kit, Antibody, 50 Tests","HIV 1/2, Colloidal Gold, Diagnostic Kit, Antibody",Colloidal Gold,no_dosage,Test kit,1,3510,80730.0,23.0,23.0,"KHB Test Kit Facility, Shanghai China",True,2535.0,20083.74,158.23
366,3490,116-ZA-T01,Pre-PQ Process,SCMS-33320,ASN-3553,South Africa,PMO - US,Direct Drop,DDP,Truck,2008-05-17,2008-11-17,2009-05-17,2008-10-09,2008-10-09,ARV,Adult,S. BUYS WHOLESALER,"Stavudine 30mg [Zerit], capsules, 60 Caps",Stavudine,Zerit,30mg,Capsule,60,1200,5772.0,4.81,0.08,"BMS Meymac, France",False,128.0,0.0,11.31
367,3499,109-TZ-T01,Pre-PQ Process,SCMS-33700,ASN-3080,Tanzania,PMO - US,Direct Drop,EXW,Air,2008-05-14,2008-11-14,2009-01-19,2009-01-19,2009-01-19,HRDT,HIV test,"Trinity Biotech, Plc","HIV 1/2, Uni-Gold HIV Kit, 20 Tests","HIV 1/2, Uni-Gold HIV Kit",Uni-Gold,no_dosage,Test kit,20,839,26848.0,32.0,1.6,"Trinity Biotech, Plc",True,284.0,3261.37,52.62
368,3507,133-NG-T01,Pre-PQ Process,SCMS-33830,ASN-3231,Nigeria,PMO - US,Direct Drop,EXW,Air,2008-05-20,2008-11-20,2009-02-05,2009-02-05,2009-02-05,HRDT,HIV test,"Orgenics, Ltd","HIV 1/2, Determine Complete HIV Kit, 100 Tests","HIV 1/2, Determine Complete HIV Kit",Determine,no_dosage,Test kit,100,5259,420720.0,80.0,0.8,Inverness Japan,True,1584.0,22775.45,824.61
369,3508,141-NA-T01,Pre-PQ Process,SCMS-33850,ASN-3110,Namibia,PMO - US,Direct Drop,EXW,Air,2008-05-20,2008-11-20,2009-01-27,2009-01-27,2009-01-27,HRDT,HIV test,INVERNESS MEDICAL INNOVATIONS SOUTH AFRICA (PTY) LTD,"HIV 1/2, Determine HIV Kit, without Lancets, 100 Tests","HIV 1/2, Determine HIV Kit, without Lancets",Determine,no_dosage,Test kit,100,7,490.0,70.0,0.7,Inverness Japan,False,5.0,2541.8,0.96
370,3551,102-GY-T01,Pre-PQ Process,SCMS-35560,ASN-3481,Guyana,PMO - US,Direct Drop,EXW,Air,2008-06-10,2008-12-10,2009-03-17,2009-03-13,2009-03-13,HRDT,HIV test,"Trinity Biotech, Plc","HIV 1/2, Uni-Gold HIV Kit, 20 Tests","HIV 1/2, Uni-Gold HIV Kit",Uni-Gold,no_dosage,Test kit,20,1062,33984.0,32.0,1.6,"Trinity Biotech, Plc",True,355.0,4457.29,66.61
371,3552,102-GY-T01,Pre-PQ Process,SCMS-35570,ASN-3511,Guyana,PMO - US,Direct Drop,EXW,Air,2008-06-11,2008-12-11,2009-03-17,2009-03-17,2009-03-17,HRDT,HIV test,"Orgenics, Ltd","HIV 1/2, Determine Complete HIV Kit, 100 Tests","HIV 1/2, Determine Complete HIV Kit",Determine,no_dosage,Test kit,100,213,15336.0,72.0,0.72,Inverness Japan,True,64.0,1083.36,30.06
372,3615,108-VN-T01,Pre-PQ Process,SCMS-37210,ASN-3631,Vietnam,PMO - US,Direct Drop,EXW,Air,2008-07-16,2009-01-16,2009-04-11,2009-04-11,2009-04-11,ARV,Adult,MYLAN LABORATORIES LTD (FORMERLY MATRIX LABORATORIES),"Zidovudine 300mg, tablets, 60 Tabs",Zidovudine,Generic,300mg,Tablet,60,336,2520.0,7.5,0.12,Mylan (formerly Matrix) Nashik,True,18.0,2525.73,4.94
373,3616,108-VN-T01,Pre-PQ Process,SCMS-37160,ASN-3561,Vietnam,PMO - US,Direct Drop,EXW,Air,2008-07-16,2009-01-16,2009-04-07,2009-04-07,2009-04-07,ARV,Adult,Aurobindo Pharma Limited,"Lamivudine/Nevirapine/Zidovudine 150/200/300mg, tablets, 60 Tabs",Lamivudine/Nevirapine/Zidovudine,Generic,150/300/200mg,Tablet - FDC,60,300,3345.0,11.15,0.19,"Aurobindo Unit III, India",False,42.0,4400.805,6.56
374,3674,107-RW-T01,Pre-PQ Process,SCMS-38690,ASN-3633,Rwanda,PMO - US,Direct Drop,EXW,Air,2008-08-18,2009-02-18,2009-04-01,2009-04-01,2009-04-01,HRDT,HIV test,"Orgenics, Ltd","HIV 1/2, Determine HIV Kit, without Lancets, 100 Tests","HIV 1/2, Determine HIV Kit, without Lancets",Determine,no_dosage,Test kit,100,386,27020.0,70.0,0.7,Inverness Japan,True,88.0,3936.25,52.96
375,3718,106-HT-T01,Pre-PQ Process,SCMS-40000,ASN-3675,Haiti,PMO - US,Direct Drop,CIP,Air,2008-09-06,2009-03-06,2009-03-31,2009-03-31,2009-03-31,ARV,Pediatric,BRISTOL-MYERS SQUIBB,"Didanosine 25mg [Videx], chewable tablets, 60 Tabs",Didanosine,Videx,25mg,Chewable/dispersible tablet,60,80,560.0,7.0,0.12,"BMS Meymac, France",False,19.0,2946.7200000000003,1.1
376,3719,106-HT-T01,Pre-PQ Process,SCMS-40030,ASN-3749,Haiti,PMO - US,Direct Drop,FCA,Air,2008-09-06,2009-03-06,2009-04-15,2009-04-15,2009-04-15,ARV,Adult,ABBVIE LOGISTICS (FORMERLY ABBOTT LOGISTICS BV),"Lopinavir/Ritonavir 200/50mg [Aluvia], tablets, 120 Tabs",Lopinavir/Ritonavir,Aluvia,200/50mg,Tablet,120,1470,60417.0,41.1,0.34,ABBVIE Ludwigshafen Germany,True,362.0,2490.67,118.42
377,3735,116-ZA-T01,Pre-PQ Process,SCMS-40780,ASN-3607,South Africa,PMO - US,Direct Drop,DDP,Air,2008-03-17,2008-09-17,2009-03-17,2008-11-28,2008-11-28,ARV,Adult,S. BUYS WHOLESALER,"Stavudine 15mg [Zerit], capsules, 60 Caps",Stavudine,Zerit,15mg,Capsule,60,1000,3970.0,3.97,0.07,"BMS Meymac, France",False,132.0,0.0,7.78
378,3736,116-ZA-T01,Pre-PQ Process,SCMS-40780,ASN-3607,South Africa,PMO - US,Direct Drop,DDP,Air,2008-03-17,2008-09-17,2009-03-17,2008-11-28,2008-11-28,ARV,Adult,S. BUYS WHOLESALER,"Stavudine 30mg, capsules, 60 Caps",Stavudine,Generic,30mg,Capsule,60,3675,9371.25,2.55,0.04,"Aurobindo Unit III, India",False,668.5,0.0,18.37
379,3737,116-ZA-T01,Pre-PQ Process,SCMS-40790,ASN-3575,South Africa,PMO - US,Direct Drop,DDP,Air,2008-03-24,2008-09-24,2009-03-24,2008-12-01,2008-12-01,ARV,Pediatric,S. BUYS WHOLESALER,"Efavirenz 200mg, capsule, 90 Caps",Efavirenz,Generic,200mg,Capsule,90,824,15515.92,18.83,0.21,"Aurobindo Unit III, India",False,668.5,0.0,30.41
380,3738,116-ZA-T01,Pre-PQ Process,SCMS-40820,ASN-3609,South Africa,PMO - US,Direct Drop,DDP,Air,2008-04-14,2008-10-14,2009-04-14,2008-12-04,2008-12-04,ARV,Adult,S. BUYS WHOLESALER,"Nevirapine 200mg [Viramune], tablets, 60 Tabs",Nevirapine,Viramune,200mg,Tablet,60,10560,163046.4,15.44,0.26,"Boehringer Ing., Koropi, GR",True,1761.0,0.0,319.57
381,3739,116-ZA-T01,Pre-PQ Process,SCMS-40890,ASN-3585,South Africa,PMO - US,Direct Drop,DDP,Air,2008-05-19,2008-11-19,2009-05-19,2009-01-02,2009-01-02,ARV,Adult,S. BUYS WHOLESALER,"Lamivudine 150mg [Epivir], tablets, 60 Tabs",Lamivudine,Epivir,150mg,Tablet,60,10000,56800.0,5.68,0.09,GSK Cape Town Factory (South Africa),True,1097.5,0.0,111.33
382,3743,116-ZA-T01,Pre-PQ Process,SCMS-41040,ASN-3623,South Africa,PMO - US,Direct Drop,DDP,Air,2008-04-07,2008-10-07,2009-04-07,2008-12-03,2008-12-03,ARV,Adult,S. BUYS WHOLESALER,"Nevirapine 200mg [Viramune], tablets, 60 Tabs",Nevirapine,Viramune,200mg,Tablet,60,1560,23649.6,15.16,0.25,"Boehringer Ing., Koropi, GR",False,147.0,0.0,46.35
383,3745,116-ZA-T01,Pre-PQ Process,SCMS-41050,ASN-3635,South Africa,PMO - US,Direct Drop,DDP,Air,2008-04-21,2008-10-21,2009-04-21,2008-12-05,2008-12-05,ARV,Pediatric,S. BUYS WHOLESALER,"Efavirenz 50mg [Stocrin/Sustiva], capsule, 30 Caps",Efavirenz,Stocrin/Sustiva,50mg,Capsule,30,360,849.6,2.36,0.08,"MSD Midrand, J'burg, SA",True,46.0,4230.75,1.67
384,3746,116-ZA-T01,Pre-PQ Process,SCMS-41080,ASN-3637,South Africa,PMO - US,Direct Drop,DDP,Air,2008-05-26,2008-11-26,2009-05-26,2009-01-22,2009-01-22,ARV,Pediatric,S. BUYS WHOLESALER,"Stavudine 1mg/ml, powder for oral solution, 200 ml",Stavudine,Generic,1mg/ml,Oral solution,200,3000,5970.0,1.99,0.01,"Aurobindo Unit III, India",True,342.0,0.0,11.7
385,3747,116-ZA-T01,Pre-PQ Process,SCMS-41100,ASN-4018,South Africa,PMO - US,Direct Drop,DDP,Air,2008-09-13,2009-03-13,2009-06-17,2009-04-03,2009-04-03,ARV,Adult,S. BUYS WHOLESALER,"Zidovudine 300mg, tablets, 60 Tabs",Zidovudine,Generic,300mg,Tablet,60,1977,23091.36,11.68,0.19,"Aurobindo Unit III, India",True,668.5,0.0,45.26
386,3748,116-ZA-T01,Pre-PQ Process,SCMS-41100,ASN-4670,South Africa,PMO - US,Direct Drop,DDP,Air,2008-09-13,2009-03-13,2009-06-17,2009-04-17,2009-04-17,ARV,Adult,S. BUYS WHOLESALER,"Efavirenz 600mg, tablets, 30 Tabs",Efavirenz,Generic,600mg,Tablet,30,282,4314.6,15.3,0.51,"Aurobindo Unit III, India",True,668.5,0.0,8.46
387,3749,116-ZA-T01,Pre-PQ Process,SCMS-41140,ASN-3752,South Africa,PMO - US,Direct Drop,DDP,Air,2008-03-30,2008-09-30,2009-03-31,2008-11-21,2008-11-21,ARV,Pediatric,S. BUYS WHOLESALER,"Nevirapine 10mg/ml [Viramune], oral suspension, Bottle, 240 ml",Nevirapine,Viramune,10mg/ml,Oral suspension,240,30,312.6,10.42,0.04,"BI, Ingelheim, Germany",False,55.0,0.0,0.61
388,3751,116-ZA-T01,Pre-PQ Process,SCMS-41190,ASN-3732,South Africa,PMO - US,Direct Drop,DDP,Air,2008-03-30,2008-09-30,2009-03-30,2009-01-21,2009-01-21,ARV,Adult,S. BUYS WHOLESALER,"Didanosine EC 400mg [Videx EC], delayed-release capsules, Blister 3 x 10 Caps",Didanosine EC,Videx EC,400mg,Delayed-release capsules - blister,30,60,1095.0,18.25,0.61,"BMS Meymac, France",False,108.0,0.0,2.15
389,3752,116-ZA-T01,Pre-PQ Process,SCMS-41190,ASN-3732,South Africa,PMO - US,Direct Drop,DDP,Air,2008-03-30,2008-09-30,2009-03-30,2009-01-21,2009-01-21,ARV,Pediatric,S. BUYS WHOLESALER,"Zidovudine 10mg/ml [Retrovir], solution for IV infusion injection, Vial 5 x 20 ml",Zidovudine,Retrovir,10mg/ml,Injection,5,10,125.1,12.51,2.5,GSK Ware (UK),False,38.0,0.0,0.25
390,3753,116-ZA-T01,Pre-PQ Process,SCMS-41210,ASN-3737,South Africa,PMO - US,Direct Drop,DDP,Air,2008-03-30,2008-09-30,2009-03-30,2009-01-23,2009-01-23,ARV,Adult,S. BUYS WHOLESALER,"Saquinavir 200mg [Invirase], capsules, 270 Caps",Saquinavir,Invirase,200mg,Capsule,270,2,114.9,57.45,0.21,Roche Basel,True,1.0,0.0,0.23
391,3754,116-ZA-T01,Pre-PQ Process,SCMS-41220,ASN-3739,South Africa,PMO - US,Direct Drop,DDP,Air,2008-03-30,2008-09-30,2009-03-30,2009-01-23,2009-01-23,ARV,Adult,S. BUYS WHOLESALER,"Ritonavir 100mg [Norvir], capsules, cool, 84 Caps",Ritonavir,Norvir,100mg,Capsule,84,20,147.0,7.35,0.09,ABBVIE (Abbott) Logis. UK,True,35.5,0.0,0.29
392,3763,116-ZA-T01,Pre-PQ Process,SCMS-41461,ASN-4360,South Africa,PMO - US,Direct Drop,DDP,Air,2008-09-18,2009-03-18,2009-06-25,2009-04-20,2009-04-20,ARV,Pediatric,S. BUYS WHOLESALER,"Zidovudine 10mg/ml [Retrovir], solution for IV infusion injection, Vial 5 x 20 ml",Zidovudine,Retrovir,10mg/ml,Injection,5,334,4559.1,13.65,2.73,GSK Ware (UK),True,668.5,0.0,8.94
393,3767,116-ZA-T01,Pre-PQ Process,SCMS-41582,ASN-4304,South Africa,PMO - US,Direct Drop,DDP,Air,2008-09-27,2009-03-27,2009-06-25,2009-04-08,2009-04-08,ARV,Adult,S. BUYS WHOLESALER,"Efavirenz 600mg, tablets, 30 Tabs",Efavirenz,Generic,600mg,Tablet,30,3500,44170.0,12.62,0.42,"Aurobindo Unit III, India",True,1208.0,0.0,86.57
394,3768,116-ZA-T01,Pre-PQ Process,SCMS-41582,ASN-4304,South Africa,PMO - US,Direct Drop,DDP,Air,2008-09-27,2009-03-27,2009-06-25,2009-04-08,2009-04-08,ARV,Pediatric,S. BUYS WHOLESALER,"Efavirenz 200mg, capsule, 90 Caps",Efavirenz,Generic,200mg,Capsule,90,2000,43360.0,21.68,0.24,"Aurobindo Unit III, India",False,274.0,0.0,84.99
395,3769,116-ZA-T01,Pre-PQ Process,SCMS-41583,ASN-4339,South Africa,PMO - US,Direct Drop,DDP,Air,2008-09-27,2009-03-27,2009-06-25,2009-04-09,2009-04-09,ARV,Adult,S. BUYS WHOLESALER,"Lopinavir/Ritonavir 200/50mg [Aluvia], tablets, 120 Tabs",Lopinavir/Ritonavir,Aluvia,200/50mg,Tablet,120,1400,49532.0,35.38,0.29,ABBVIE Ludwigshafen Germany,True,209.0,0.0,97.08
396,3770,116-ZA-T01,Pre-PQ Process,SCMS-41583,ASN-4339,South Africa,PMO - US,Direct Drop,DDP,Air,2008-09-27,2009-03-27,2009-06-25,2009-04-09,2009-04-09,ARV,Adult,S. BUYS WHOLESALER,"Stavudine 15mg [Zerit], capsules, 60 Caps",Stavudine,Zerit,15mg,Capsule,60,1800,7110.0,3.95,0.07,"BMS Meymac, France",False,199.5,0.0,13.94
397,3771,116-ZA-T01,Pre-PQ Process,SCMS-41585,ASN-4386,South Africa,PMO - US,Direct Drop,DDP,Air,2008-09-27,2009-03-27,2009-06-25,2009-04-21,2009-04-21,ARV,Pediatric,S. BUYS WHOLESALER,"Zidovudine 100mg [Retrovir], capsules, 100 Caps",Zidovudine,Retrovir,100mg,Capsule,100,800,9888.0,12.36,0.12,GSK Crawley,True,98.0,0.0,19.38
398,3772,116-ZA-T01,Pre-PQ Process,SCMS-41580,ASN-4603,South Africa,PMO - US,Direct Drop,DDP,Truck,2008-09-27,2009-03-27,2009-06-25,2009-06-05,2009-06-05,ARV,Adult,S. BUYS WHOLESALER,"Lamivudine 150mg, tablets, 60 Tabs",Lamivudine,Generic,150mg,Tablet,60,36,254.88,7.08,0.12,"Aurobindo Unit III, India",True,22.0,0.0,0.5
399,3781,144-BW-T01,Pre-PQ Process,SCMS-41880,ASN-4323,Botswana,PMO - US,Direct Drop,EXW,Air,2008-09-25,2009-03-25,2009-07-10,2009-07-10,2009-07-10,HRDT,HIV test,Orasure Technologies Inc.,"HIV 1/2, OraQuick Advance HIV Rapid Antibody Kit, 100 Tests","HIV 1/2, OraQuick Advance HIV Rapid Antibody Kit",OraQuick,no_dosage,Test kit,100,20,7000.0,350.0,3.5,"Pacific Biotech, Thailand",True,48.0,684.42,13.72
400,3787,116-ZA-T01,Pre-PQ Process,SCMS-47350,ASN-4287,South Africa,PMO - US,Direct Drop,DDP,Truck,2008-10-02,2009-04-02,2009-05-15,2009-05-04,2009-05-04,ARV,Pediatric,S. BUYS WHOLESALER,"Zidovudine 100mg [Retrovir], capsules, 100 Caps",Zidovudine,Retrovir,100mg,Capsule,100,30,371.1,12.37,0.12,GSK Crawley,True,55.0,0.0,0.73
401,3808,102-KE-T01,Pre-PQ Process,SCMS-42961,ASN-4648,Kenya,PMO - US,Direct Drop,EXW,Air,2008-11-14,2009-05-14,2009-08-07,2009-08-28,2009-08-28,HRDT,HIV test,"Orgenics, Ltd","HIV 1/2, Determine Complete HIV Kit, 100 Tests","HIV 1/2, Determine Complete HIV Kit",Determine,no_dosage,Test kit,100,7500,600000.0,80.0,0.8,Inverness Japan,True,2215.0,17974.65,1176.0
402,3828,107-RW-T01,Pre-PQ Process,SCMS-43870,ASN-4687,Rwanda,PMO - US,Direct Drop,CIP,Air,2008-10-15,2009-04-15,2009-09-21,2009-09-21,2009-09-21,ARV,Adult,MYLAN LABORATORIES LTD (FORMERLY MATRIX LABORATORIES),"Lamivudine/Nevirapine/Zidovudine 150/200/300mg, tablets, 60 Tabs",Lamivudine/Nevirapine/Zidovudine,Generic,150/300/200mg,Tablet - FDC,60,54432,641753.28,11.79,0.2,Mylan (formerly Matrix) Nashik,True,7278.0,61925.7,1257.84
403,3839,139-NA-T01,Pre-PQ Process,SCMS-44720,ASN-4047,Namibia,PMO - US,Direct Drop,EXW,Air,2008-10-20,2009-04-20,2009-05-20,2009-05-20,2009-05-20,HRDT,HIV test,"Orgenics, Ltd","HIV 1/2, Determine HIV Kit, without Lancets, 100 Tests","HIV 1/2, Determine HIV Kit, without Lancets",Determine,no_dosage,Test kit,100,180,12600.0,70.0,0.7,Inverness Japan,True,43.0,2760.11,24.7
404,3840,104-CI-T01,Pre-PQ Process,SCMS-44820,ASN-4594,Côte d'Ivoire,PMO - US,Direct Drop,CIP,Air,2008-10-24,2009-04-24,2009-08-11,2009-08-11,2009-08-11,ARV,Adult,GLAXOSMITHKLINE EXPORT LIMITED,"Abacavir/Lamivudine/Zidovudine 300/150/300mg [Trizivir], tablets, 60 Tabs",Abacavir/Lamivudine/Zidovudine,Trizivir,300/150/300mg,Tablet - FDC,60,2048,109998.08,53.71,0.9,GSK Ware (UK),True,668.5,0.0,215.6
405,3846,108-VN-T01,Pre-PQ Process,SCMS-45000,ASN-4371,Vietnam,PMO - US,Direct Drop,EXW,Air,2008-10-29,2009-04-29,2009-07-21,2009-07-21,2009-07-21,ARV,Adult,CIPLA LIMITED,"Lamivudine/Nevirapine/Stavudine 150/200/30mg, tablets, 60 Tabs",Lamivudine/Nevirapine/Stavudine,Generic,150/200/30mg,Tablet - FDC,60,35616,240408.0,6.75,0.11,"Cipla, Goa, India",True,3479.0,10048.1,471.2
406,3848,108-VN-T01,Pre-PQ Process,SCMS-45020,ASN-4403,Vietnam,PMO - US,Direct Drop,EXW,Air,2008-10-29,2009-04-29,2009-08-03,2009-08-03,2009-08-03,ARV,Adult,MYLAN LABORATORIES LTD (FORMERLY MATRIX LABORATORIES),"Efavirenz 600mg, tablets, 30 Tabs",Efavirenz,Generic,600mg,Tablet,30,6552,42588.0,6.5,0.22,Mylan (formerly Matrix) Nashik,True,524.0,4453.71,83.47
407,3851,108-VN-T01,Pre-PQ Process,SCMS-45070,ASN-4419,Vietnam,PMO - US,Direct Drop,EXW,Air,2008-10-29,2009-04-29,2009-07-10,2009-07-10,2009-07-10,ARV,Adult,Aurobindo Pharma Limited,"Stavudine 30mg, capsules, 60 Caps",Stavudine,Generic,30mg,Capsule,60,15960,23142.0,1.45,0.02,"Aurobindo Unit III, India",True,1815.0,9931.49,45.36
408,3852,108-VN-T01,Pre-PQ Process,SCMS-45070,ASN-4419,Vietnam,PMO - US,Direct Drop,EXW,Air,2008-10-29,2009-04-29,2009-07-10,2009-07-10,2009-07-10,ARV,Adult,Aurobindo Pharma Limited,"Lamivudine/Nevirapine/Zidovudine 150/200/300mg, tablets, 60 Tabs",Lamivudine/Nevirapine/Zidovudine,Generic,150/300/200mg,Tablet - FDC,60,3500,39025.0,11.15,0.19,"Aurobindo Unit III, India",False,1208.0,4400.805,76.49
409,3870,102-BW-T01,Pre-PQ Process,SCMS-46070,ASN-4144,Botswana,PMO - US,Direct Drop,EXW,Air,2008-11-27,2009-05-27,2009-06-12,2009-06-12,2009-06-12,HRDT,HIV test,Orasure Technologies Inc.,"HIV 1/2, OraQuick Advance HIV Rapid Antibody Kit, 100 Tests","HIV 1/2, OraQuick Advance HIV Rapid Antibody Kit",OraQuick,no_dosage,Test kit,100,1,350.0,350.0,3.5,"Pacific Biotech, Thailand",True,3.0,597.43,0.69
410,3880,108-VN-T01,Pre-PQ Process,SCMS-46540,ASN-4487,Vietnam,PMO - US,Direct Drop,CIP,Air,2008-11-27,2009-05-27,2009-07-23,2009-07-23,2009-07-23,ARV,Pediatric,BRISTOL-MYERS SQUIBB,"Didanosine 25mg [Videx], chewable tablets, 60 Tabs",Didanosine,Videx,25mg,Chewable/dispersible tablet,60,120,840.0,7.0,0.12,"BMS Meymac, France",True,22.0,0.0,1.65
411,3894,116-ZA-T01,Pre-PQ Process,SCMS-47050,ASN-4819,South Africa,PMO - US,Direct Drop,DDP,Truck,2008-12-05,2009-06-05,2009-10-12,2009-07-21,2009-07-21,ARV,Adult,S. BUYS WHOLESALER,"Nevirapine 200mg [Viramune], tablets, 60 Tabs",Nevirapine,Viramune,200mg,Tablet,60,360,7041.6,19.56,0.33,"Boehringer Ing., Koropi, GR",True,46.0,0.0,13.8
412,3895,116-ZA-T01,Pre-PQ Process,SCMS-47050,ASN-4819,South Africa,PMO - US,Direct Drop,DDP,Truck,2008-12-05,2009-06-05,2009-10-12,2009-07-21,2009-07-21,ARV,Adult,S. BUYS WHOLESALER,"Didanosine EC 250mg [Videx EC], delayed-release capsules, Blister 3 x 10 Caps",Didanosine EC,Videx EC,250mg,Delayed-release capsules - blister,30,40,678.8,16.97,0.57,"BMS Meymac, France",False,56.5,0.0,1.33
413,3896,116-ZA-T01,Pre-PQ Process,SCMS-47051,ASN-4836,South Africa,PMO - US,Direct Drop,DDP,Truck,2008-12-05,2009-06-05,2009-10-12,2009-07-28,2009-07-28,ARV,Adult,S. BUYS WHOLESALER,"Zidovudine 300mg [Retrovir], tablets, 60 Tabs",Zidovudine,Retrovir,300mg,Tablet,60,200,3136.0,15.68,0.26,GSK Ware (UK),False,22.0,0.0,6.15
414,5268,105-GY-T01,Pre-PQ Process,SCMS-122,ASN-116,Guyana,PMO - US,Direct Drop,EXW,Air,2005-12-25,2006-06-25,2006-12-25,2006-12-25,2006-12-25,ARV,Adult,Aurobindo Pharma Limited,"Stavudine 15mg, capsules, 60 Caps",Stavudine,Generic,15mg,Capsule,60,602,1414.7,2.35,0.04,"Aurobindo Unit III, India",True,37.0,569.52,0.0
415,3897,116-ZA-T01,Pre-PQ Process,SCMS-47051,ASN-4836,South Africa,PMO - US,Direct Drop,DDP,Truck,2008-12-05,2009-06-05,2009-10-12,2009-07-28,2009-07-28,ARV,Pediatric,S. BUYS WHOLESALER,"Nevirapine 10mg/ml, oral suspension, Bottle, 240 ml",Nevirapine,Generic,10mg/ml,Oral suspension,240,30,328.2,10.94,0.05,"Aurobindo Unit III, India",False,55.0,0.0,0.64
416,3898,116-ZA-T01,Pre-PQ Process,SCMS-47051,ASN-4836,South Africa,PMO - US,Direct Drop,DDP,Truck,2008-12-05,2009-06-05,2009-10-12,2009-07-28,2009-07-28,ARV,Adult,S. BUYS WHOLESALER,"Saquinavir 200mg [Invirase], capsules, 270 Caps",Saquinavir,Invirase,200mg,Capsule,270,30,2298.0,76.6,0.28,Roche Basel,False,55.0,0.0,4.5
417,3899,116-ZA-T01,Pre-PQ Process,SCMS-47070,ASN-4940,South Africa,PMO - US,Direct Drop,DDP,Truck,2008-12-05,2009-06-05,2009-09-08,2009-08-31,2009-08-31,ARV,Adult,S. BUYS WHOLESALER,"Tenofovir Disoproxil Fumarate 300mg [Viread], tablets, 30 Tabs",Tenofovir Disoproxil Fumarate,Viread,300mg,Tablet,30,300,7440.0,24.8,0.83,"Aspen-OSD, Port Elizabeth, SA",True,42.0,0.0,14.58
418,3926,100-CI-T01,Pre-PQ Process,SCMS-2,ASN-4,Côte d'Ivoire,PMO - US,Direct Drop,EXW,Air,2005-05-10,2005-11-10,2006-05-10,2006-05-10,2006-05-10,HRDT,HIV test,OMEGA DIAGNOSTICS LTD,"HIV 1/2, Visitect Kit, 25 Tests","HIV 1/2, Visitect Kit",Visitect,no_dosage,Test kit,25,44,1375.0,31.25,1.25,"OMEGA Diagnostics, UK",True,15.0,633.73,0.0
419,3955,114-UG-T01,Pre-PQ Process,SCMS-157,ASN-127,Uganda,PMO - US,Direct Drop,EXW,Air,2005-12-21,2006-06-21,2006-12-21,2006-12-21,2006-12-21,ARV,Adult,Aurobindo Pharma Limited,"Lamivudine/Zidovudine 150/300mg, tablets, 60 Tabs",Lamivudine/Zidovudine,Generic,150/300mg,Tablet - FDC,60,5080,55880.0,11.0,0.18,"Aurobindo Unit III, India",True,1172.0,5595.44,0.0
420,3956,108-VN-T01,Pre-PQ Process,SCMS-171,ASN-294,Vietnam,PMO - US,Direct Drop,FCA,Air,2006-05-13,2006-11-13,2007-03-27,2007-03-27,2007-03-27,ARV,Adult,Hoffmann-La Roche ltd Basel,"Nelfinavir (as mesilate) 250mg [Viracept], tablets, 270 Tabs",Nelfinavir (as mesilate),Viracept,250mg,Tablet,270,200,32688.0,163.44,0.61,Roche Madrid,True,54.0,13981.96,0.0
421,3970,107-RW-T01,Pre-PQ Process,SCMS-288,ASN-170,Rwanda,PMO - US,Direct Drop,EXW,Air,2006-06-28,2006-12-28,2007-01-17,2007-01-17,2007-01-17,HRDT,HIV test,Premier Medical Corporation Ltd.,"HIV 1/2/O, First Response HIV 1-2.0, v.3.0 Cards Kit, 30 Tests","HIV 1/2/O, First Response HIV 1-2.0, v.3.0 Cards Kit",First Response,no_dosage,Test kit,30,2000,42000.0,21.0,0.7,Premier Med. Corp Ltd. India,True,600.0,5714.31,0.0
422,3971,107-RW-T01,Pre-PQ Process,SCMS-290,ASN-191,Rwanda,PMO - US,Direct Drop,EXW,Air,2006-06-29,2006-12-29,2007-01-25,2007-03-09,2007-03-09,HRDT,HIV test,"Trinity Biotech, Plc","HIV 1/2, Uni-Gold HIV Kit, 20 Tests","HIV 1/2, Uni-Gold HIV Kit",Uni-Gold,no_dosage,Test kit,20,500,20000.0,40.0,2.0,"Trinity Biotech, Plc",True,173.0,17928.53,0.0
423,3972,110-ZM-T01,Pre-PQ Process,SCMS-291,ASN-161,Zambia,PMO - US,Direct Drop,EXW,Air,2005-11-20,2006-05-20,2006-11-20,2006-11-20,2006-11-20,HRDT,HIV test,Abbott GmbH & Co. KG,"HIV 1/2, Determine Complete HIV Kit, 100 Tests","HIV 1/2, Determine Complete HIV Kit",Determine,no_dosage,Test kit,100,2500,200000.0,80.0,0.8,ABBVIE GmbH & Co.KG Wiesbaden,True,857354.0,5157.65,0.0
424,3976,110-ZM-T01,Pre-PQ Process,SCMS-352,ASN-200,Zambia,PMO - US,Direct Drop,EXW,Air,2006-02-20,2006-08-20,2007-02-20,2007-02-20,2007-02-20,HRDT,HIV test,"Standard Diagnostics, Inc.","HIV 1/2, Bioline 3.0 Kit, Lancets, Capillary pipets, Alcohol swabs included, 25 Tests","HIV 1/2, Bioline 3.0 Kit, Lancets, Capillary pipets, Alcohol swabs included",Bioline,no_dosage,Test kit,25,400,8000.0,20.0,0.8,"Standard Diagnostics, Korea",True,134.0,963.73,0.0
425,3989,100-HT-T01,Pre-PQ Process,SCMS-540,ASN-362,Haiti,PMO - US,Direct Drop,EXW,Air,2006-10-04,2007-04-04,2007-05-08,2007-05-08,2007-05-08,HRDT,HIV test,"Trinity Biotech, Plc","HIV 1/2, Capillus HIV Kit, 100 Tests","HIV 1/2, Capillus HIV Kit",Capillus,no_dosage,Test kit,100,125,17375.0,139.0,1.39,"Trinity Biotech, Plc",True,78.0,4702.79,0.0
426,3992,102-NG-T01,Pre-PQ Process,SCMS-592,ASN-528,Nigeria,PMO - US,Direct Drop,EXW,Air,2006-11-13,2007-05-13,2007-06-19,2007-08-06,2007-08-06,HRDT,HIV test,Abbott GmbH & Co. KG,"HIV 1/2, Determine Complete HIV Kit, 100 Tests","HIV 1/2, Determine Complete HIV Kit",Determine,no_dosage,Test kit,100,1500,120000.0,80.0,0.8,ABBVIE GmbH & Co.KG Wiesbaden,True,512.0,3906.29,192.0
427,4020,108-VN-T01,Pre-PQ Process,SCMS-749,ASN-737,Vietnam,PMO - US,Direct Drop,EXW,Air,2007-01-03,2007-07-03,2007-10-02,2007-10-02,2007-10-02,ARV,Adult,Aurobindo Pharma Limited,"Abacavir 300mg, tablets, 60 Tabs",Abacavir,Generic,300mg,Tablet,60,1500,41475.0,27.65,0.46,"Aurobindo Unit III, India",False,575.0,4400.805,66.36
428,4021,108-VN-T01,Pre-PQ Process,SCMS-762,ASN-634,Vietnam,PMO - US,Direct Drop,FCA,Air,2007-01-04,2007-07-04,2007-09-10,2007-09-10,2007-09-10,ARV,Adult,ABBVIE LOGISTICS (FORMERLY ABBOTT LOGISTICS BV),"Lopinavir/Ritonavir 200/50mg [Aluvia], tablets, 120 Tabs",Lopinavir/Ritonavir,Aluvia,200/50mg,Tablet,120,1000,82190.0,82.19,0.68,ABBVIE Ludwigshafen Germany,True,226.0,2923.46,131.5
429,4023,102-GY-T01,Pre-PQ Process,SCMS-767,ASN-607,Guyana,PMO - US,Direct Drop,EXW,Air,2007-01-25,2007-07-25,2007-08-09,2007-08-09,2007-08-09,HRDT,HIV test - Ancillary,"Orgenics, Ltd","HIV, Lancet, Safety, for HIV Test kits, 100 Pcs","HIV, Lancet, Safety, for HIV Test kits, 100 Pcs",Generic,no_dosage,Test kit - Ancillary,100,300,3.0,0.01,0.0,Inverness Japan,True,160.0,1924.4650000000001,0.0
430,4025,104-CI-T01,Pre-PQ Process,SCMS-785,ASN-652,Côte d'Ivoire,PMO - US,Direct Drop,CIP,Air,2007-01-11,2007-07-11,2007-08-27,2007-08-27,2007-08-27,ARV,Adult,BRISTOL-MYERS SQUIBB,"Stavudine 20mg [Zerit], capsules, 60 Caps",Stavudine,Zerit,20mg,Capsule,60,1161,6548.04,5.64,0.09,"BMS Meymac, France",True,1482.5,0.0,10.48
431,4044,109-TZ-T01,Pre-PQ Process,SCMS-10260,ASN-698,Tanzania,PMO - US,Direct Drop,EXW,Air,2006-10-16,2007-04-16,2007-10-16,2007-10-16,2007-10-16,HRDT,HIV test,"Standard Diagnostics, Inc.","HIV 1/2, Bioline 3.0 Kit, Lancets, Capillary pipets, Alcohol swabs included, 25 Tests","HIV 1/2, Bioline 3.0 Kit, Lancets, Capillary pipets, Alcohol swabs included",Bioline,no_dosage,Test kit,25,10000,200000.0,20.0,0.8,"Standard Diagnostics, Korea",True,3338.0,28466.06,320.0
432,4045,109-TZ-T01,Pre-PQ Process,SCMS-10340,ASN-2700,Tanzania,PMO - US,Direct Drop,EXW,Air,2008-03-17,2008-09-17,2008-11-19,2008-11-19,2008-11-19,HRDT,HIV test,"Standard Diagnostics, Inc.","HIV 1/2, Bioline 3.0 Kit, Lancets, Capillary pipets, Alcohol swabs included, 25 Tests","HIV 1/2, Bioline 3.0 Kit, Lancets, Capillary pipets, Alcohol swabs included",Bioline,no_dosage,Test kit,25,10000,200000.0,20.0,0.8,"Standard Diagnostics, Korea",True,3112.0,22856.02,392.0
433,4085,102-GY-T01,Pre-PQ Process,SCMS-11650,ASN-834,Guyana,PMO - US,Direct Drop,EXW,Air,2007-02-28,2007-08-28,2007-09-21,2007-09-21,2007-09-21,HRDT,HIV test - Ancillary,"Orgenics, Ltd","HIV, Lancet, Safety, for HIV Test kits, 100 Pcs","HIV, Lancet, Safety, for HIV Test kits, 100 Pcs",Generic,no_dosage,Test kit - Ancillary,100,442,4.42,0.01,0.0,Inverness Japan,True,100.0,1924.4650000000001,0.01
434,6081,108-VN-T01,Pre-PQ Process,SCMS-31720,ASN-3312,Vietnam,PMO - US,Direct Drop,EXW,Air,2008-04-21,2008-10-21,2009-02-27,2009-02-27,2009-02-27,ARV,Adult,Aurobindo Pharma Limited,"Lamivudine 150mg, tablets, 60 Tabs",Lamivudine,Generic,150mg,Tablet,60,6966,16718.4,2.4,0.04,"Aurobindo Unit III, India",True,1068.0,3894.21,32.77
435,4189,116-ZA-T01,Pre-PQ Process,SCMS-14050,ASN-1251,South Africa,PMO - US,Direct Drop,DDP,Truck,2007-05-12,2007-11-12,2008-01-29,2008-01-29,2008-01-29,ARV,Adult,"JSI R&T INSTITUTE, INC.","Zidovudine 300mg [Retrovir], tablets, 60 Tabs",Zidovudine,Retrovir,300mg,Tablet,60,800,15408.0,19.26,0.32,GSK Aranda,False,98.0,0.0,24.65
436,4190,116-ZA-T01,Pre-PQ Process,SCMS-14050,ASN-1252,South Africa,PMO - US,Direct Drop,DDP,Truck,2007-05-12,2007-11-12,2008-01-29,2007-01-24,2008-01-24,ARV,Adult,"JSI R&T INSTITUTE, INC.","Stavudine 30mg [Zerit], capsules, 60 Caps",Stavudine,Zerit,30mg,Capsule,60,800,4792.0,5.99,0.1,"BMS Meymac, France",True,98.0,0.0,7.67
437,4192,107-RW-T01,Pre-PQ Process,SCMS-14140,ASN-1028,Rwanda,PMO - US,Direct Drop,EXW,Air,2007-05-16,2007-11-16,2008-01-10,2008-01-10,2008-01-10,HRDT,HIV test,"Trinity Biotech, Plc","HIV 1/2, Uni-Gold HIV Kit, 20 Tests","HIV 1/2, Uni-Gold HIV Kit",Uni-Gold,no_dosage,Test kit,20,2450,78400.0,32.0,1.6,"Trinity Biotech, Plc",False,1183.0,5865.805,125.44
438,4193,107-RW-T01,Pre-PQ Process,SCMS-14221,ASN-1595,Rwanda,PMO - US,Direct Drop,CIP,Air,2007-05-21,2007-11-21,2008-04-28,2008-04-22,2008-04-22,ARV,Adult,CIPLA LIMITED,"Lamivudine/Nevirapine/Stavudine 150/200/30mg, tablets, 60 Tabs",Lamivudine/Nevirapine/Stavudine,Generic,150/200/30mg,Tablet - FDC,60,38784,271488.0,7.0,0.12,"Cipla, Goa, India",True,4124.0,10500.0,434.38
439,4198,108-VN-T01,Pre-PQ Process,SCMS-14211,ASN-1341,Vietnam,PMO - US,Direct Drop,FCA,Air,2007-06-06,2007-12-06,2008-01-22,2008-03-07,2008-03-07,ARV,Adult,ABBVIE LOGISTICS (FORMERLY ABBOTT LOGISTICS BV),"Lopinavir/Ritonavir 200/50mg [Aluvia], tablets, 120 Tabs",Lopinavir/Ritonavir,Aluvia,200/50mg,Tablet,120,2000,164400.0,82.2,0.68,ABBVIE Ludwigshafen Germany,True,513.0,5866.31,263.04
440,4215,108-VN-T01,Pre-PQ Process,SCMS-14930,ASN-1231,Vietnam,PMO - US,Direct Drop,EXW,Air,2007-06-05,2007-12-05,2008-01-22,2008-01-22,2008-01-22,ARV,Adult,Aurobindo Pharma Limited,"Stavudine 20mg, capsules, 60 Caps",Stavudine,Generic,20mg,Capsule,60,800,1400.0,1.75,0.03,"Aurobindo Unit III, India",False,98.0,4400.805,2.24
441,4257,116-ZA-T01,Pre-PQ Process,SCMS-16600,ASN-1520,South Africa,PMO - US,Direct Drop,DDP,Truck,2007-07-04,2008-01-04,2008-01-21,2008-01-04,2008-01-04,ARV,Adult,"JSI R&T INSTITUTE, INC.","Nevirapine 200mg [Viramune], tablets, 60 Tabs",Nevirapine,Viramune,200mg,Tablet,60,100,2318.0,23.18,0.39,"BI, Ingelheim, Germany",False,36.0,0.0,3.71
442,4258,116-ZA-T01,Pre-PQ Process,SCMS-16600,ASN-1520,South Africa,PMO - US,Direct Drop,DDP,Truck,2007-07-04,2008-01-04,2008-01-21,2008-01-04,2008-01-04,ARV,Adult,"JSI R&T INSTITUTE, INC.","Zidovudine 300mg [Retrovir], tablets, 60 Tabs",Zidovudine,Retrovir,300mg,Tablet,60,800,13960.0,17.45,0.29,GSK Aranda,False,98.0,0.0,22.34
443,4259,116-ZA-T01,Pre-PQ Process,SCMS-16600,ASN-1520,South Africa,PMO - US,Direct Drop,DDP,Truck,2007-07-04,2008-01-04,2008-01-21,2008-01-04,2008-01-04,ARV,Pediatric,"JSI R&T INSTITUTE, INC.","Lamivudine 10mg/ml [Epivir], oral solution, Bottle, 240 ml",Lamivudine,Epivir,10mg/ml,Oral solution,240,300,2049.0,6.83,0.03,GSK Mississauga (Canada),False,42.0,0.0,3.28
444,4283,106-HT-T01,Pre-PQ Process,SCMS-17670,ASN-1519,Haiti,PMO - US,Direct Drop,FCA,Air,2007-08-15,2008-02-15,2008-04-11,2008-04-11,2008-04-11,ARV,Pediatric,ABBVIE LOGISTICS (FORMERLY ABBOTT LOGISTICS BV),"Lopinavir/Ritonavir 100/25mg [Aluvia], tablets, 60 Tabs",Lopinavir/Ritonavir,Generic,100/25mg,Tablet,60,180,1850.4,10.28,0.17,ABBVIE Ludwigshafen Germany,True,31.0,910.86,2.96
445,4290,116-ZA-T01,Pre-PQ Process,SCMS-17720,ASN-1530,South Africa,PMO - US,Direct Drop,DDP,Truck,2007-07-21,2008-01-21,2008-02-05,2008-02-04,2008-02-04,ARV,Adult,"JSI R&T INSTITUTE, INC.","Didanosine EC 400mg [Videx EC], delayed-release capsules, Blister 3 x 10 Caps",Didanosine EC,Videx EC,400mg,Delayed-release capsules - blister,30,800,21720.0,27.15,0.9,"BMS Meymac, France",True,98.0,0.0,34.75
446,4301,110-ZM-T01,Pre-PQ Process,SCMS-18240,ASN-1788,Zambia,PMO - US,Direct Drop,EXW,Air,2007-08-29,2008-02-29,2008-06-06,2008-06-06,2008-06-06,HRDT,HIV test,"Orgenics, Ltd","HIV 1/2, Determine HIV Kit, without Lancets, 100 Tests","HIV 1/2, Determine HIV Kit, without Lancets",Determine,no_dosage,Test kit,100,4300,309557.0,71.99,0.72,Inverness Japan,True,979.0,8690.26,495.29
447,4302,104-CI-T01,Pre-PQ Process,SCMS-18280,ASN-1550,Côte d'Ivoire,PMO - US,Direct Drop,EXW,Air,2007-08-27,2008-02-27,2008-04-14,2008-04-17,2008-04-17,HRDT,HIV test,BIO-RAD LABORATORIES (FRANCE),"#108853** HIV, Genie II HIV-1/HIV-2 Kit, 40 Tests","HIV, Genie II HIV-1/HIV-2 Kit",Genie,no_dosage,Test kit,40,476,36176.0,76.0,1.9,Bio-Rad Laboratories,True,522.0,6924.83,57.88
448,4303,107-RW-T01,Pre-PQ Process,SCMS-18350,ASN-1401,Rwanda,PMO - US,Direct Drop,EXW,Air,2007-08-26,2008-02-26,2008-07-11,2008-07-11,2008-07-11,HRDT,HIV test,"Trinity Biotech, Plc","HIV 1/2, Uni-Gold HIV Kit, 20 Tests","HIV 1/2, Uni-Gold HIV Kit",Uni-Gold,no_dosage,Test kit,20,3150,100800.0,32.0,1.6,"Trinity Biotech, Plc",True,1080.0,15987.05,161.28
449,4311,104-CI-T01,Pre-PQ Process,SCMS-18460,ASN-2449,Côte d'Ivoire,PMO - US,Direct Drop,EXW,Air,2007-08-29,2008-02-29,2008-09-26,2008-09-26,2008-09-26,HRDT,HIV test,"Orgenics, Ltd","HIV 1/2, Determine HIV Kit, without Lancets, 100 Tests","HIV 1/2, Determine HIV Kit, without Lancets",Determine,no_dosage,Test kit,100,1116,78120.0,70.0,0.7,Inverness Japan,True,256.0,4014.57,124.99
450,4312,102-GY-T01,Pre-PQ Process,SCMS-18510,ASN-2006,Guyana,PMO - US,Direct Drop,EXW,Air,2007-08-28,2008-02-28,2008-07-21,2008-07-21,2008-07-21,HRDT,HIV test,"Trinity Biotech, Plc","HIV 1/2, Uni-Gold HIV Kit, 20 Tests","HIV 1/2, Uni-Gold HIV Kit",Uni-Gold,no_dosage,Test kit,20,1062,33984.0,32.0,1.6,"Trinity Biotech, Plc",True,362.0,4717.51,54.37
451,4321,102-BW-T01,Pre-PQ Process,SCMS-18730,ASN-1609,Botswana,PMO - US,Direct Drop,EXW,Air,2007-09-11,2008-03-11,2008-06-23,2008-06-23,2008-06-23,HRDT,HIV test - Ancillary,"Orgenics, Ltd","HIV, Lancet, Safety, for HIV Test kits, 100 Pcs","HIV, Lancet, Safety, for HIV Test kits, 100 Pcs",Generic,no_dosage,Test kit - Ancillary,100,200,2.0,0.01,0.0,Inverness Japan,True,167.5,700.7049999999999,0.0
452,4331,129-KG-T01,Pre-PQ Process,SCMS-19110,ASN-1801,Kyrgyzstan,PMO - US,Direct Drop,DDP,Air,2007-09-18,2008-03-18,2008-06-14,2008-06-14,2008-06-14,HRDT,HIV test,"Orgenics, Ltd","HIV 1/2, DoubleCheck II Kit, 40 Tests","HIV 1/2, DoubleCheck II Kit",DoubleCheck,no_dosage,Test kit,40,500,39500.0,79.0,1.98,Not Applicable,True,170.0,0.0,63.2
453,4333,119-NA-T01,Pre-PQ Process,SCMS-19130,ASN-1787,Namibia,PMO - US,Direct Drop,EXW,Air,2007-09-18,2008-03-18,2008-06-04,2008-06-04,2008-06-04,HRDT,HIV test - Ancillary,"Orgenics, Ltd","HIV, Lancet, Safety, for HIV Test kits, 100 Pcs","HIV, Lancet, Safety, for HIV Test kits, 100 Pcs",Generic,no_dosage,Test kit - Ancillary,100,142,1.42,0.01,0.0,Inverness Japan,True,33.0,2541.8,0.0
454,4347,116-ZA-T01,Pre-PQ Process,SCMS-19800,ASN-1665,South Africa,PMO - US,Direct Drop,DDP,Truck,2007-08-20,2008-02-20,2008-04-24,2008-04-24,2008-04-24,ARV,Pediatric,S. BUYS WHOLESALER,"Lamivudine 10mg/ml [Epivir], oral solution, Bottle, 240 ml",Lamivudine,Epivir,10mg/ml,Oral solution,240,1000,6410.0,6.41,0.03,GSK Mississauga (Canada),False,132.0,0.0,10.26
455,4367,108-VN-T01,Pre-PQ Process,SCMS-20181,ASN-2023,Vietnam,PMO - US,Direct Drop,EXW,Air,2007-09-30,2008-03-31,2008-07-07,2008-07-07,2008-07-07,ARV,Pediatric,Aurobindo Pharma Limited,"Didanosine 100mg, chewable/dispersible tablets, 60 Tabs",Didanosine,Generic,100mg,Chewable/dispersible tablet,60,408,3162.0,7.75,0.13,"Aurobindo Unit III, India",False,34.0,4400.805,5.06
456,4368,108-VN-T01,Pre-PQ Process,SCMS-20390,ASN-2204,Vietnam,PMO - US,Direct Drop,EXW,Air,2007-09-30,2008-03-31,2008-08-12,2008-08-12,2008-08-12,ARV,Adult,CIPLA LIMITED,"Lamivudine/Nevirapine/Stavudine 150/200/30mg, tablets, 60 Tabs",Lamivudine/Nevirapine/Stavudine,Generic,150/200/30mg,Tablet - FDC,60,10420,77108.0,7.4,0.12,"Cipla, Goa, India",True,1000.0,7526.06,123.37
457,4369,108-VN-T01,Pre-PQ Process,SCMS-20400,ASN-2205,Vietnam,PMO - US,Direct Drop,EXW,Air,2007-09-30,2008-03-31,2008-09-19,2008-09-19,2008-09-19,ARV,Adult,CIPLA LIMITED,"Lamivudine/Nevirapine/Stavudine 150/200/30mg, tablets, 60 Tabs",Lamivudine/Nevirapine/Stavudine,Generic,150/200/30mg,Tablet - FDC,60,9600,71040.0,7.4,0.12,"Cipla, Goa, India",True,920.0,7265.05,113.66
458,4372,108-VN-T01,Pre-PQ Process,SCMS-20410,ASN-2050,Vietnam,PMO - US,Direct Drop,FCA,Air,2007-09-30,2008-03-31,2008-07-16,2008-07-16,2008-07-16,ARV,Adult,ABBVIE LOGISTICS (FORMERLY ABBOTT LOGISTICS BV),"Lopinavir/Ritonavir 200/50mg [Aluvia], tablets, 120 Tabs",Lopinavir/Ritonavir,Aluvia,200/50mg,Tablet,120,1520,124944.0,82.2,0.68,ABBVIE Ludwigshafen Germany,True,385.0,4393.32,199.91
459,4373,108-VN-T01,Pre-PQ Process,SCMS-20420,ASN-2051,Vietnam,PMO - US,Direct Drop,FCA,Air,2007-09-30,2008-03-31,2008-07-14,2008-07-14,2008-07-14,ARV,Adult,ABBVIE LOGISTICS (FORMERLY ABBOTT LOGISTICS BV),"Lopinavir/Ritonavir 200/50mg [Aluvia], tablets, 120 Tabs",Lopinavir/Ritonavir,Aluvia,200/50mg,Tablet,120,800,65760.0,82.2,0.68,ABBVIE Ludwigshafen Germany,True,208.0,3449.4,105.22
460,4432,106-HT-T01,Pre-PQ Process,SCMS-22780,ASN-1680,Haiti,PMO - US,Direct Drop,DDP,Air,2007-10-28,2008-04-28,2008-04-18,2008-01-03,2008-01-03,HRDT,HIV test,REINBOLD EXPORT IMPORT,"HIV 1/2, Determine Complete HIV Kit, 100 Tests","HIV 1/2, Determine Complete HIV Kit",Determine,no_dosage,Test kit,100,30,2550.0,85.0,0.85,Inverness Japan,True,59.0,0.0,4.08
461,4456,108-VN-T01,Pre-PQ Process,SCMS-23310,ASN-2486,Vietnam,PMO - US,Direct Drop,EXW,Air,2007-11-14,2008-05-14,2008-10-11,2008-10-11,2008-10-11,ARV,Adult,CIPLA LIMITED,"Lamivudine/Nevirapine/Stavudine 150/200/30mg, tablets, 60 Tabs",Lamivudine/Nevirapine/Stavudine,Generic,150/200/30mg,Tablet - FDC,60,15360,113664.0,7.4,0.12,"Cipla, Goa, India",True,1360.0,5412.14,181.86
462,4457,108-VN-T01,Pre-PQ Process,SCMS-23320,ASN-2275,Vietnam,PMO - US,Direct Drop,EXW,Air,2007-11-13,2008-05-13,2008-09-19,2008-09-19,2008-09-19,ARV,Adult,Aurobindo Pharma Limited,"Nevirapine 200mg, tablets, 60 Tabs",Nevirapine,Generic,200mg,Tablet,60,2180,6997.8,3.21,0.05,"Aurobindo Unit III, India",True,242.0,5881.57,11.2
463,4458,108-VN-T01,Pre-PQ Process,SCMS-23330,ASN-2276,Vietnam,PMO - US,Direct Drop,EXW,Air,2007-11-13,2008-05-13,2008-09-19,2008-09-19,2008-09-19,ARV,Adult,Aurobindo Pharma Limited,"Lamivudine/Zidovudine 150/300mg, tablets, 60 Tabs",Lamivudine/Zidovudine,Generic,150/300mg,Tablet - FDC,60,2016,18648.0,9.25,0.15,"Aurobindo Unit III, India",True,185.0,5551.97,29.84
464,4459,108-VN-T01,Pre-PQ Process,SCMS-23380,ASN-2524,Vietnam,PMO - US,Direct Drop,CIP,Air,2007-11-13,2008-05-13,2008-09-30,2008-09-30,2008-09-30,ARV,Pediatric,BRISTOL-MYERS SQUIBB,"Didanosine 25mg [Videx], chewable tablets, 60 Tabs",Didanosine,Videx,25mg,Chewable/dispersible tablet,60,400,2800.0,7.0,0.12,"BMS Meymac, France",True,81.0,2035.66,4.48
465,4460,108-VN-T01,Pre-PQ Process,SCMS-23450,ASN-2336,Vietnam,PMO - US,Direct Drop,EXW,Air,2007-11-14,2008-05-14,2008-09-19,2008-09-19,2008-09-19,ARV,Adult,MYLAN LABORATORIES LTD (FORMERLY MATRIX LABORATORIES),"Efavirenz 600mg, tablets, 30 Tabs",Efavirenz,Generic,600mg,Tablet,30,10080,103219.2,10.24,0.34,Mylan (formerly Matrix) Nashik,False,772.0,4400.805,165.15
466,4461,116-ZA-T01,Pre-PQ Process,SCMS-23500,ASN-2293,South Africa,PMO - US,Direct Drop,DDP,Truck,2007-08-20,2008-02-20,2008-08-20,2008-05-08,2008-05-08,ARV,Pediatric,S. BUYS WHOLESALER,"Didanosine 25mg [Videx], chewable tablets, 60 Tabs",Didanosine,Videx,25mg,Chewable/dispersible tablet,60,4,52.96,13.24,0.22,"BMS Meymac, France",False,78.0,0.0,0.08
467,4470,106-HT-T01,Pre-PQ Process,SCMS-23820,ASN-2099,Haiti,PMO - US,Direct Drop,EXW,Air,2007-11-20,2008-05-20,2008-08-06,2008-08-06,2008-08-06,HRDT,HIV test,"Orgenics, Ltd","HIV 1/2, Determine HIV Kit, without Lancets, 100 Tests","HIV 1/2, Determine HIV Kit, without Lancets",Determine,no_dosage,Test kit,100,2059,144130.0,70.0,0.7,Inverness Japan,True,470.0,3684.28,230.61
468,4531,116-ZA-T01,Pre-PQ Process,SCMS-25540,ASN-2295,South Africa,PMO - US,Direct Drop,DDP,Truck,2007-06-12,2007-12-12,2008-06-12,2008-06-09,2008-06-09,ARV,Adult,S. BUYS WHOLESALER,"Tenofovir Disoproxil Fumarate 300mg [Viread], tablets, 30 Tabs",Tenofovir Disoproxil Fumarate,Viread,300mg,Tablet,30,400,9536.0,23.84,0.79,"Aspen-OSD, Port Elizabeth, SA",False,81.0,0.0,15.26
469,4534,110-ZM-T01,Pre-PQ Process,SCMS-25700,ASN-2797,Zambia,PMO - US,Direct Drop,EXW,Air,2007-12-20,2008-06-20,2008-11-18,2008-11-18,2008-11-18,HRDT,HIV test,"Trinity Biotech, Plc","HIV 1/2, Uni-Gold HIV Kit, 20 Tests","HIV 1/2, Uni-Gold HIV Kit",Uni-Gold,no_dosage,Test kit,20,5900,188800.0,32.0,1.6,"Trinity Biotech, Plc",True,1989.0,19569.48,370.05
470,4567,109-TZ-T01,Pre-PQ Process,SCMS-23611,ASN-2727,Tanzania,PMO - US,Direct Drop,CIP,Air,2007-11-15,2008-05-15,2008-11-03,2008-11-03,2008-11-03,ARV,Adult,BRISTOL-MYERS SQUIBB,"Didanosine EC 400mg [Videx EC], delayed-release capsules, Blister 3 x 10 Caps",Didanosine EC,Videx EC,400mg,Delayed-release capsules - blister,30,2597,61470.99,23.67,0.79,"BMS Meymac, France",True,117.0,0.0,120.48
471,4593,110-ZM-T01,Pre-PQ Process,SCMS-27010,ASN-2448,Zambia,PMO - US,Direct Drop,EXW,Air,2008-02-21,2008-08-21,2008-09-22,2008-09-22,2008-09-22,HRDT,HIV test,"Orgenics, Ltd","HIV 1/2, Determine HIV Kit, without Lancets, 100 Tests","HIV 1/2, Determine HIV Kit, without Lancets",Determine,no_dosage,Test kit,100,3000,215970.0,71.99,0.72,Inverness Japan,False,881.0,14019.38,345.55
472,4594,102-GY-T01,Pre-PQ Process,SCMS-27040,ASN-2473,Guyana,PMO - US,Direct Drop,EXW,Air,2008-01-18,2008-07-18,2008-10-01,2008-10-01,2008-10-01,HRDT,HIV test,"Trinity Biotech, Plc","HIV 1/2, Uni-Gold HIV Kit, 20 Tests","HIV 1/2, Uni-Gold HIV Kit",Uni-Gold,no_dosage,Test kit,20,1062,33984.0,32.0,1.6,"Trinity Biotech, Plc",True,1062.0,3976.33,54.37
473,4611,102-BW-T01,Pre-PQ Process,SCMS-27750,ASN-2397,Botswana,PMO - US,Direct Drop,EXW,Air,2008-01-28,2008-07-28,2008-11-18,2008-11-18,2008-11-18,HRDT,HIV test,"Trinity Biotech, Plc","HIV 1/2, Uni-Gold HIV Kit, 20 Tests","HIV 1/2, Uni-Gold HIV Kit",Uni-Gold,no_dosage,Test kit,20,5,160.0,32.0,1.6,"Trinity Biotech, Plc",True,3.0,1225.17,0.26
474,4615,102-BW-T01,Pre-PQ Process,SCMS-27760,ASN-2325,Botswana,PMO - US,Direct Drop,EXW,Air,2008-01-28,2008-07-28,2008-10-09,2008-10-02,2008-10-02,HRDT,HIV test,"Orgenics, Ltd","HIV 1/2, Determine HIV Kit, without Lancets, 100 Tests","HIV 1/2, Determine HIV Kit, without Lancets",Determine,no_dosage,Test kit,100,8,560.0,70.0,0.7,Inverness Japan,True,5406.0,559.95,0.9
475,4646,102-NG-T01,Pre-PQ Process,SCMS-28650,ASN-3202,Nigeria,PMO - US,Direct Drop,DDP,Air,2008-02-20,2008-08-20,2008-08-27,2008-08-27,2008-08-27,HRDT,HIV test,BUNDI INTERNATIONAL DIAGNOSTICS LTD,"HIV 1/2, Bundi Rapid HIV Kit, 25 Tests","HIV 1/2, Bundi Rapid HIV Kit",Bundi,no_dosage,Test kit,1,1369,51337.5,37.5,37.5,BUNDI INTERNATIONAL DIAGNOSTICS LTD,True,394.0,0.0,100.62
476,4647,117-ET-T01,Pre-PQ Process,SCMS-28690,ASN-2839,Ethiopia,PMO - US,Direct Drop,EXW,Air,2008-02-22,2008-08-22,2008-11-17,2008-11-17,2008-11-17,HRDT,HIV test,"SHANGHAI KEHUA BIOENGINEERING CO.,LTD.  (KHB)","HIV 1/2, SKB Colloidal Gold, Diagnostic Kit, Antibody, 50 Tests","HIV 1/2, Colloidal Gold, Diagnostic Kit, Antibody",Colloidal Gold,no_dosage,Test kit,1,7002,161046.0,23.0,23.0,"KHB Test Kit Facility, Shanghai China",True,4922.0,46117.09,315.65
477,4648,117-ET-T01,Pre-PQ Process,SCMS-28700,ASN-2719,Ethiopia,PMO - US,Direct Drop,EXW,Air,2008-02-22,2008-08-22,2008-10-30,2008-10-28,2008-10-28,HRDT,HIV test,"SHANGHAI KEHUA BIOENGINEERING CO.,LTD.  (KHB)","HIV 1/2, SKB Colloidal Gold, Diagnostic Kit, Antibody, 50 Tests","HIV 1/2, Colloidal Gold, Diagnostic Kit, Antibody",Colloidal Gold,no_dosage,Test kit,1,7002,161046.0,23.0,23.0,"KHB Test Kit Facility, Shanghai China",True,5057.0,44360.44,315.65
478,4649,117-ET-T01,Pre-PQ Process,SCMS-28720,ASN-2577,Ethiopia,PMO - US,Direct Drop,EXW,Air,2008-02-22,2008-08-22,2008-10-06,2008-10-06,2008-10-06,HRDT,HIV test,"SHANGHAI KEHUA BIOENGINEERING CO.,LTD.  (KHB)","HIV 1/2, SKB Colloidal Gold, Diagnostic Kit, Antibody, 50 Tests","HIV 1/2, Colloidal Gold, Diagnostic Kit, Antibody",Colloidal Gold,no_dosage,Test kit,1,7002,161046.0,23.0,23.0,"KHB Test Kit Facility, Shanghai China",True,5057.0,44347.71,257.67
479,4650,111-MZ-T01,Pre-PQ Process,SCMS-28730,ASN-2658,Mozambique,PMO - US,Direct Drop,EXW,Air,2008-02-26,2008-08-26,2008-11-01,2008-11-01,2008-11-01,HRDT,HIV test - Ancillary,"Orgenics, Ltd","HIV, Lancet, Safety, for HIV Test kits, 100 Pcs","HIV, Lancet, Safety, for HIV Test kits, 100 Pcs",Generic,no_dosage,Test kit - Ancillary,100,7690,76.9,0.01,0.0,Inverness Japan,True,2278.0,23743.01,0.15
480,4709,107-RW-T01,Pre-PQ Process,SCMS-30310,ASN-3505,Rwanda,PMO - US,Direct Drop,CIP,Air,2008-04-21,2008-10-21,2009-03-10,2009-03-10,2009-03-10,ARV,Adult,CIPLA LIMITED,"Lamivudine/Zidovudine 150/300mg, tablets, 60 Tabs",Lamivudine/Zidovudine,Generic,150/300mg,Tablet - FDC,60,18560,168896.0,9.1,0.15,"Cipla, Goa, India",True,1698.0,16414.22,331.04
481,4722,119-NA-T01,Pre-PQ Process,SCMS-30720,ASN-2586,Namibia,PMO - US,Direct Drop,EXW,Air,2008-03-19,2008-09-19,2008-10-08,2008-10-08,2008-10-08,HRDT,HIV test,"Trinity Biotech, Plc","HIV 1/2, Uni-Gold HIV Kit, 20 Tests","HIV 1/2, Uni-Gold HIV Kit",Uni-Gold,no_dosage,Test kit,20,650,20800.0,32.0,1.6,"Trinity Biotech, Plc",True,220.0,7078.9,33.28
482,4794,110-ZM-T01,Pre-PQ Process,SCMS-33150,ASN-3308,Zambia,PMO - US,Direct Drop,CIP,Air,2008-05-04,2008-11-04,2009-02-20,2009-02-20,2009-02-20,ARV,Pediatric,BRISTOL-MYERS SQUIBB,"Didanosine 25mg [Videx], chewable tablets, 60 Tabs",Didanosine,Videx,25mg,Chewable/dispersible tablet,60,545,3815.0,7.0,0.12,"BMS Meymac, France",True,668.5,0.0,7.48
483,4798,116-ZA-T01,Pre-PQ Process,SCMS-33320,ASN-3553,South Africa,PMO - US,Direct Drop,DDP,Truck,2008-05-17,2008-11-17,2009-05-17,2008-10-09,2008-10-09,ARV,Pediatric,S. BUYS WHOLESALER,"Efavirenz 50mg [Stocrin/Sustiva], capsule, 30 Caps",Efavirenz,Stocrin/Sustiva,50mg,Capsule,30,200,592.0,2.96,0.1,"MSD Midrand, J'burg, SA",False,22.0,0.0,1.16
484,4804,109-TZ-T01,Pre-PQ Process,SCMS-33690,ASN-3229,Tanzania,PMO - US,Direct Drop,EXW,Air,2008-05-14,2008-11-14,2009-03-02,2009-03-02,2009-03-02,HRDT,HIV test,"Trinity Biotech, Plc","HIV 1/2, Uni-Gold HIV Kit, 20 Tests","HIV 1/2, Uni-Gold HIV Kit",Uni-Gold,no_dosage,Test kit,20,1678,53696.0,32.0,1.6,"Trinity Biotech, Plc",True,554.0,4810.99,105.24
485,4818,117-ET-T01,Pre-PQ Process,SCMS-34310,ASN-3234,Ethiopia,PMO - US,Direct Drop,EXW,Air,2008-05-24,2008-11-24,2009-01-27,2009-01-27,2009-01-27,HRDT,HIV test - Ancillary,"Orgenics, Ltd","Capillary Tubes, for Determine, EDTA, 50uL,100 Pcs","HIV, Capillary Tubes, for Determine, EDTA, 50uL,100 Pcs",Determine,no_dosage,Test kit - Ancillary,100,10000,80000.0,8.0,0.08,Inverness Japan,True,400.0,4856.14,156.8
486,4824,109-TZ-T01,Pre-PQ Process,SCMS-34690,ASN-3853,Tanzania,PMO - US,Direct Drop,CIP,Air,2008-06-30,2008-12-30,2009-06-15,2009-06-15,2009-06-15,ARV,Adult,MERCK SHARP & DOHME IDEA GMBH (FORMALLY MERCK SHARP & DOHME B.V.),"Efavirenz/Emtricitabine/Tenofovir Disoproxil Fumarate 600/200/300mg [Atripla], tablets, 30 Tabs",Efavirenz/Emtricitabine/Tenofovir Disoproxil Fumarate,Atripla,600/200/300mg,Tablet - FDC,30,24963,1258135.2,50.4,1.68,"MSD, Haarlem, NL",True,2462.0,3451.41,2465.94
487,4854,102-GY-T01,Pre-PQ Process,SCMS-35550,ASN-3190,Guyana,PMO - US,Direct Drop,EXW,Air,2008-06-12,2008-12-12,2009-01-30,2009-01-23,2009-01-23,HRDT,HIV test,"Orgenics, Ltd","HIV 1/2, Determine Complete HIV Kit, 100 Tests","HIV 1/2, Determine Complete HIV Kit",Determine,no_dosage,Test kit,100,351,25272.0,72.0,0.72,Inverness Japan,True,60.0,1097.78,49.53
488,4921,108-VN-T01,Pre-PQ Process,SCMS-37170,ASN-3562,Vietnam,PMO - US,Direct Drop,EXW,Air,2008-07-16,2009-01-16,2009-04-10,2009-04-10,2009-04-10,ARV,Adult,Aurobindo Pharma Limited,"Nevirapine 200mg, tablets, 60 Tabs",Nevirapine,Generic,200mg,Tablet,60,5200,15080.0,2.9,0.05,"Aurobindo Unit III, India",False,1272.0,4400.805,29.56
489,4929,110-ZM-T01,Pre-PQ Process,SCMS-37770,ASN-3676,Zambia,PMO - US,Direct Drop,EXW,Air,2008-07-27,2009-01-27,2009-03-26,2009-03-26,2009-03-26,HRDT,HIV test,"Standard Diagnostics, Inc.","HIV 1/2, Bioline 3.0 Kit, Lancets, Capillary pipets, Alcohol swabs included, 25 Tests","HIV 1/2, Bioline 3.0 Kit, Lancets, Capillary pipets, Alcohol swabs included",Bioline,no_dosage,Test kit,25,300,6000.0,20.0,0.8,"Standard Diagnostics, Korea",True,94.0,1205.43,11.76
490,4947,100-SN-T01,Pre-PQ Process,SCMS-38270,ASN-3546,Senegal,PMO - US,Direct Drop,EXW,Air,2008-08-06,2009-02-06,2009-03-25,2009-03-25,2009-03-25,HRDT,HIV test,"Orgenics, Ltd","HIV 1/2, ImmunoComb TriSpot Ag - Ab Kit, 36 Tests","HIV 1/2, ImmunoComb TriSpot Ag - Ab Kit",ImmunoComb,no_dosage,Test kit,36,80,6800.0,85.0,2.36,INVERNESS ORGENICS LINE,True,33.0,812.0,13.33
491,4949,109-TZ-T01,Pre-PQ Process,SCMS-38410,ASN-4381,Tanzania,PMO - US,Direct Drop,FCA,Air,2008-08-05,2009-02-05,2009-08-11,2009-08-11,2009-08-11,ARV,Adult,ABBVIE LOGISTICS (FORMERLY ABBOTT LOGISTICS BV),"Lopinavir/Ritonavir 200/50mg [Aluvia], tablets, 120 Tabs",Lopinavir/Ritonavir,Aluvia,200/50mg,Tablet,120,10680,438948.0,41.1,0.34,ABBVIE Ludwigshafen Germany,True,2724.0,12620.12,860.34
492,5032,116-ZA-T01,Pre-PQ Process,SCMS-40780,ASN-3607,South Africa,PMO - US,Direct Drop,DDP,Air,2008-03-17,2008-09-17,2009-03-17,2008-11-28,2008-11-28,ARV,Adult,S. BUYS WHOLESALER,"Efavirenz 600mg, tablets, 30 Tabs",Efavirenz,Generic,600mg,Tablet,30,7000,113050.0,16.15,0.54,"Aurobindo Unit III, India",False,719.5,0.0,221.58
493,5033,116-ZA-T01,Pre-PQ Process,SCMS-40780,ASN-3607,South Africa,PMO - US,Direct Drop,DDP,Air,2008-03-17,2008-09-17,2009-03-17,2008-11-28,2008-11-28,ARV,Adult,S. BUYS WHOLESALER,"Nevirapine 200mg, tablets, 60 Tabs",Nevirapine,Generic,200mg,Tablet,60,983,4875.68,4.96,0.08,"Aurobindo Unit III, India",False,93.0,0.0,9.56
494,5034,116-ZA-T01,Pre-PQ Process,SCMS-40790,ASN-3575,South Africa,PMO - US,Direct Drop,DDP,Air,2008-03-24,2008-09-24,2009-03-24,2008-12-01,2008-12-01,ARV,Adult,S. BUYS WHOLESALER,"Stavudine 30mg, capsules, 60 Caps",Stavudine,Generic,30mg,Capsule,60,1325,3339.0,2.52,0.04,"Aurobindo Unit III, India",False,668.5,0.0,6.54
495,5035,116-ZA-T01,Pre-PQ Process,SCMS-40810,ASN-3634,South Africa,PMO - US,Direct Drop,DDP,Air,2008-03-30,2008-09-30,2009-03-31,2008-12-02,2008-12-02,ARV,Adult,S. BUYS WHOLESALER,"Nevirapine 200mg [Viramune], tablets, 60 Tabs",Nevirapine,Viramune,200mg,Tablet,60,2880,44812.8,15.56,0.26,"Boehringer Ing., Koropi, GR",False,440.5,0.0,87.83
496,5036,116-ZA-T01,Pre-PQ Process,SCMS-40850,ASN-3611,South Africa,PMO - US,Direct Drop,DDP,Air,2008-06-16,2008-12-16,2009-06-16,2009-01-28,2009-01-28,ARV,Adult,S. BUYS WHOLESALER,"Zidovudine 300mg, tablets, 60 Tabs",Zidovudine,Generic,300mg,Tablet,60,6800,82620.0,12.15,0.2,"Aurobindo Unit III, India",True,668.5,0.0,161.94
497,5037,116-ZA-T01,Pre-PQ Process,SCMS-40880,ASN-3610,South Africa,PMO - US,Direct Drop,DDP,Air,2008-07-07,2009-01-07,2009-07-07,2009-02-02,2009-02-02,ARV,Adult,S. BUYS WHOLESALER,"Efavirenz 600mg, tablets, 30 Tabs",Efavirenz,Generic,600mg,Tablet,30,3414,49810.26,14.59,0.49,"Cipla, Goa, India",True,668.5,0.0,97.63
498,5041,116-ZA-T01,Pre-PQ Process,SCMS-41040,ASN-3623,South Africa,PMO - US,Direct Drop,DDP,Air,2008-04-07,2008-10-07,2009-04-07,2008-12-03,2008-12-03,ARV,Adult,S. BUYS WHOLESALER,"Zidovudine 300mg [Retrovir], tablets, 60 Tabs",Zidovudine,Retrovir,300mg,Tablet,60,5000,62750.0,12.55,0.21,GSK Aranda,False,452.0,0.0,122.99
499,5042,116-ZA-T01,Pre-PQ Process,SCMS-41060,ASN-3624,South Africa,PMO - US,Direct Drop,DDP,Air,2008-05-05,2008-11-05,2009-05-05,2008-12-23,2008-12-23,ARV,Adult,S. BUYS WHOLESALER,"Efavirenz 600mg, tablets, 30 Tabs",Efavirenz,Generic,600mg,Tablet,30,6215,102609.65,16.51,0.55,"Aurobindo Unit III, India",False,668.5,0.0,201.11
500,5043,116-ZA-T01,Pre-PQ Process,SCMS-41060,ASN-3624,South Africa,PMO - US,Direct Drop,DDP,Air,2008-05-05,2008-11-05,2009-05-05,2008-12-23,2008-12-23,ARV,Pediatric,S. BUYS WHOLESALER,"Efavirenz 50mg [Stocrin/Sustiva], capsule, 30 Caps",Efavirenz,Stocrin/Sustiva,50mg,Capsule,30,3000,7470.0,2.49,0.08,"MSD Midrand, J'burg, SA",False,342.0,0.0,14.64
501,5044,116-ZA-T01,Pre-PQ Process,SCMS-41080,ASN-3637,South Africa,PMO - US,Direct Drop,DDP,Air,2008-05-26,2008-11-26,2009-05-26,2009-01-22,2009-01-22,ARV,Pediatric,S. BUYS WHOLESALER,"Efavirenz 50mg, capsule, 30 Caps",Efavirenz,Generic,50mg,Capsule,30,500,1530.0,3.06,0.1,"Aurobindo Unit III, India",False,83.0,0.0,3.0
502,5045,116-ZA-T01,Pre-PQ Process,SCMS-41140,ASN-3752,South Africa,PMO - US,Direct Drop,DDP,Air,2008-03-30,2008-09-30,2009-03-31,2008-11-21,2008-11-21,ARV,Adult,S. BUYS WHOLESALER,"Efavirenz 600mg, tablets, 30 Tabs",Efavirenz,Generic,600mg,Tablet,30,1200,14532.0,12.11,0.4,"Cipla, Goa, India",False,128.0,0.0,28.48
503,5046,116-ZA-T01,Pre-PQ Process,SCMS-41140,ASN-3752,South Africa,PMO - US,Direct Drop,DDP,Air,2008-03-30,2008-09-30,2009-03-31,2008-11-21,2008-11-21,ARV,Adult,S. BUYS WHOLESALER,"Tenofovir Disoproxil Fumarate 300mg [Viread], tablets, 30 Tabs",Tenofovir Disoproxil Fumarate,Viread,300mg,Tablet,30,500,8820.0,17.64,0.59,"Aspen-OSD, Port Elizabeth, SA",False,83.0,0.0,17.29
504,5047,116-ZA-T01,Pre-PQ Process,SCMS-41140,ASN-3752,South Africa,PMO - US,Direct Drop,DDP,Air,2008-03-30,2008-09-30,2009-03-31,2008-11-21,2008-11-21,ARV,Adult,S. BUYS WHOLESALER,"Emtricitabine/Tenofovir Disoproxil Fumarate 200/300mg [Truvada], tablets, 30 Tabs",Emtricitabine/Tenofovir Disoproxil Fumarate,Truvada,300/200mg,Tablet - FDC,30,80,2336.0,29.2,0.97,"Aspen-OSD, Port Elizabeth, SA",False,19.0,0.0,4.58
505,5048,116-ZA-T01,Pre-PQ Process,SCMS-41150,ASN-3759,South Africa,PMO - US,Direct Drop,DDP,Air,2008-04-01,2008-10-01,2009-04-01,2008-11-21,2008-11-21,ARV,Pediatric,S. BUYS WHOLESALER,"Ritonavir 80mg/ml [Norvir], oral solution, cool, Bottle, 90 ml",Ritonavir,Norvir,80mg/ml,Oral solution,90,1,5.97,5.97,0.07,ABBVIE (Abbott) France,True,63.0,0.0,0.01
506,5049,116-ZA-T01,Pre-PQ Process,SCMS-41160,ASN-3760,South Africa,PMO - US,Direct Drop,DDP,Air,2008-04-01,2008-10-01,2009-04-01,2008-11-26,2008-11-26,ARV,Adult,S. BUYS WHOLESALER,"Zidovudine 300mg [Retrovir], tablets, 60 Tabs",Zidovudine,Retrovir,300mg,Tablet,60,500,6555.0,13.11,0.22,GSK Aranda,True,83.0,1521.4,12.85
507,5050,116-ZA-T01,Pre-PQ Process,SCMS-41180,ASN-3778,South Africa,PMO - US,Direct Drop,DDP,Air,2008-04-03,2008-10-03,2009-04-03,2009-02-11,2009-02-11,ARV,Adult,S. BUYS WHOLESALER,"Stavudine 20mg [Zerit], capsules, 60 Caps",Stavudine,Zerit,20mg,Capsule,60,300,1179.0,3.93,0.07,"BMS Meymac, France",True,42.0,0.0,2.31
508,5051,116-ZA-T01,Pre-PQ Process,SCMS-41190,ASN-3732,South Africa,PMO - US,Direct Drop,DDP,Air,2008-03-30,2008-09-30,2009-03-30,2009-01-21,2009-01-21,ARV,Pediatric,S. BUYS WHOLESALER,"Efavirenz 50mg [Stocrin/Sustiva], capsule, 30 Caps",Efavirenz,Stocrin/Sustiva,50mg,Capsule,30,80,188.8,2.36,0.08,"MSD Midrand, J'burg, SA",False,19.0,0.0,0.37
509,5052,116-ZA-T01,Pre-PQ Process,SCMS-41190,ASN-3732,South Africa,PMO - US,Direct Drop,DDP,Air,2008-03-30,2008-09-30,2009-03-30,2009-01-21,2009-01-21,ARV,Adult,S. BUYS WHOLESALER,"Saquinavir 200mg [Invirase], capsules, 270 Caps",Saquinavir,Invirase,200mg,Capsule,270,28,1578.92,56.39,0.21,Roche Basel,False,7.0,0.0,3.09
510,5053,116-ZA-T01,Pre-PQ Process,SCMS-41190,ASN-3732,South Africa,PMO - US,Direct Drop,DDP,Air,2008-03-30,2008-09-30,2009-03-30,2009-01-21,2009-01-21,ARV,Pediatric,S. BUYS WHOLESALER,"Efavirenz 200mg [Stocrin/Sustiva], capsule, 90 Caps",Efavirenz,Stocrin/Sustiva,200mg,Capsule,90,30,829.5,27.65,0.31,"MSD Midrand, J'burg, SA",False,55.0,0.0,1.63
511,5058,116-ZA-T01,Pre-PQ Process,SCMS-41465,ASN-4614,South Africa,PMO - US,Direct Drop,DDP,Air,2008-09-18,2009-03-18,2009-06-25,2009-06-25,2009-06-25,ARV,Pediatric,S. BUYS WHOLESALER,"Lamivudine 10mg/ml, oral solution, Bottle, 240 ml",Lamivudine,Generic,10mg/ml,Oral solution,240,108,610.2,5.65,0.02,"Aurobindo Unit III, India",True,78.0,0.0,1.2
512,5059,116-ZA-T01,Pre-PQ Process,SCMS-41586,ASN-4387,South Africa,PMO - US,Direct Drop,DDP,Air,2008-09-27,2009-03-27,2009-06-25,2009-04-15,2009-04-15,ARV,Adult,S. BUYS WHOLESALER,"Lamivudine 150mg, tablets, 60 Tabs",Lamivudine,Generic,150mg,Tablet,60,9620,68109.6,7.08,0.12,"Aurobindo Unit III, India",True,668.5,0.0,133.49
513,5066,144-BW-T01,Pre-PQ Process,SCMS-41890,ASN-3780,Botswana,PMO - US,Direct Drop,EXW,Air,2008-09-25,2009-03-25,2009-04-17,2009-04-17,2009-04-17,HRDT,HIV test,Orasure Technologies Inc.,"HIV 1/2, OraQuick Advance HIV Rapid Antibody Kit, 100 Tests","HIV 1/2, OraQuick Advance HIV Rapid Antibody Kit",OraQuick,no_dosage,Test kit,100,20,7000.0,350.0,3.5,"Pacific Biotech, Thailand",True,48.0,1119.99,13.72
514,5076,116-ZA-T01,Pre-PQ Process,SCMS-42260,ASN-4333,South Africa,PMO - US,Direct Drop,DDP,Truck,2008-10-02,2009-04-02,2009-04-21,2009-04-17,2009-04-17,ARV,Adult,S. BUYS WHOLESALER,"Tenofovir Disoproxil Fumarate 300mg [Viread], tablets, 30 Tabs",Tenofovir Disoproxil Fumarate,Viread,300mg,Tablet,30,250,5315.0,21.26,0.71,"Aspen-OSD, Port Elizabeth, SA",True,73.5,0.0,10.42
515,5081,116-ZA-T01,Pre-PQ Process,SCMS-42430,ASN-4226,South Africa,PMO - US,Direct Drop,DDP,Truck,2008-05-15,2008-11-15,2009-05-15,2009-05-15,2009-05-15,ARV,Pediatric,S. BUYS WHOLESALER,"Efavirenz 200mg [Stocrin/Sustiva], capsule, 90 Caps",Efavirenz,Stocrin/Sustiva,200mg,Capsule,90,100,3220.0,32.2,0.36,"MSD Midrand, J'burg, SA",True,36.0,0.0,6.31
516,5083,116-ZA-T01,Pre-PQ Process,SCMS-47380,ASN-4285,South Africa,PMO - US,Direct Drop,DDP,Truck,2008-10-02,2009-04-02,2009-05-15,2009-04-21,2009-04-21,ARV,Adult,S. BUYS WHOLESALER,"Lopinavir/Ritonavir 200/50mg [Aluvia], tablets, 120 Tabs",Lopinavir/Ritonavir,Aluvia,200/50mg,Tablet,120,400,14400.0,36.0,0.3,ABBVIE Ludwigshafen Germany,True,81.0,0.0,28.22
517,5113,107-RW-T01,Pre-PQ Process,SCMS-43900,ASN-4553,Rwanda,PMO - US,Direct Drop,CIP,Air,2009-01-15,2009-07-15,2009-08-12,2009-08-12,2009-08-12,ARV,Adult,HETERO LABS LIMITED,"Efavirenz 600mg, tablets, 30 Tabs",Efavirenz,Generic,600mg,Tablet,30,28034,195677.32,6.98,0.23,Hetero Unit III Hyderabad IN,True,2268.0,19023.36,383.53
518,5114,123-NG-T01,Pre-PQ Process,SCMS-43960,ASN-4533,Nigeria,PMO - US,Direct Drop,EXW,Air,2008-10-10,2009-04-10,2009-09-03,2009-09-03,2009-09-03,ACT,ACT,MISSIONPHARMA A/S,"Artemether/Lumefantrine 20/120mg [Coartem], scored tablets, Blister 30 x 18 Tabs",Artemether/Lumefantrine,Coartem,20/120mg,Tablet - FDC + blister,540,2000,70420.0,35.21,0.07,"Novartis Pharma Suffern, USA",True,1250.0,17170.07,138.02
519,5119,104-CI-T01,Pre-PQ Process,SCMS-44050,ASN-3985,Côte d'Ivoire,PMO - US,Direct Drop,EXW,Air,2008-10-15,2009-04-15,2009-06-10,2009-06-09,2009-06-09,HRDT,HIV test,BIO-RAD LABORATORIES (FRANCE),"#108853** HIV, Genie II HIV-1/HIV-2 Kit, 40 Tests","HIV, Genie II HIV-1/HIV-2 Kit",Genie,no_dosage,Test kit,40,476,52360.0,110.0,2.75,Bio-Rad Laboratories,True,534.0,9471.52,102.63
520,5120,104-CI-T01,Pre-PQ Process,SCMS-44050,ASN-4095,Côte d'Ivoire,PMO - US,Direct Drop,EXW,Air,2008-10-15,2009-04-15,2009-06-10,2009-06-17,2009-06-17,HRDT,HIV test,BIO-RAD LABORATORIES (FRANCE),"#108853** HIV, Genie II HIV-1/HIV-2 Kit, 40 Tests","HIV, Genie II HIV-1/HIV-2 Kit",Genie,no_dosage,Test kit,40,18,1980.0,110.0,2.75,Bio-Rad Laboratories,True,20.0,2199.43,3.88
521,5147,119-NA-T01,Pre-PQ Process,SCMS-44970,ASN-4081,Namibia,PMO - US,Direct Drop,EXW,Air,2008-10-29,2009-04-29,2009-05-27,2009-05-27,2009-05-27,HRDT,HIV test,"Trinity Biotech, Plc","HIV 1/2, Uni-Gold HIV Kit, 20 Tests","HIV 1/2, Uni-Gold HIV Kit",Uni-Gold,no_dosage,Test kit,20,6760,216320.0,32.0,1.6,"Trinity Biotech, Plc",True,2261.0,17643.81,423.99
522,5175,109-TZ-T01,Pre-PQ Process,SCMS-46500,ASN-4223,Tanzania,PMO - US,Direct Drop,FCA,Air,2008-11-28,2009-05-28,2009-07-30,2009-07-30,2009-07-30,ARV,Adult,Hoffmann-La Roche ltd Basel,"Saquinavir 200mg [Invirase], capsules, 270 Caps",Saquinavir,Invirase,200mg,Capsule,270,820,73074.13,89.11,0.33,Roche Basel,True,424.0,3310.89,143.23
523,5194,116-ZA-T01,Pre-PQ Process,SCMS-47050,ASN-4819,South Africa,PMO - US,Direct Drop,DDP,Truck,2008-12-05,2009-06-05,2009-10-12,2009-07-21,2009-07-21,ARV,Adult,S. BUYS WHOLESALER,"Abacavir 300mg [Ziagen], tablets, Blister 6 x 10 Tabs",Abacavir,Ziagen,300mg,Tablet - blister,60,30,1081.8,36.06,0.6,GSK Ware (UK),False,55.0,0.0,2.12
524,5195,116-ZA-T01,Pre-PQ Process,SCMS-47051,ASN-4836,South Africa,PMO - US,Direct Drop,DDP,Truck,2008-12-05,2009-06-05,2009-10-12,2009-07-28,2009-07-28,ARV,Adult,S. BUYS WHOLESALER,"Lopinavir/Ritonavir 200/50mg [Aluvia], tablets, 120 Tabs",Lopinavir/Ritonavir,Aluvia,200/50mg,Tablet,120,200,8396.0,41.98,0.35,ABBVIE Ludwigshafen Germany,False,22.0,0.0,16.46
525,5199,141-NA-T01,Pre-PQ Process,SCMS-47160,ASN-4663,Namibia,PMO - US,Direct Drop,EXW,Air,2008-12-04,2009-06-04,2009-09-01,2009-09-01,2009-09-01,HRDT,HIV test,"Orgenics, Ltd","HIV 1/2, Clearview Complete Kit, 25 Tests","HIV 1/2, Clearview Complete Kit",Clearview,no_dosage,Test kit,25,4,300.0,75.0,3.0,Chembio Diagnostics Sys. Inc.,True,4.0,133.25,0.59
526,5201,104-CI-T01,Pre-PQ Process,SCMS-42241,ASN-4812,Côte d'Ivoire,PMO - US,Direct Drop,CIP,Air,2008-09-30,2009-03-30,2009-09-15,2009-09-15,2009-09-15,ARV,Pediatric,ABBVIE LOGISTICS (FORMERLY ABBOTT LOGISTICS BV),"Lopinavir/Ritonavir 80/20mg/ml [Kaletra], oral solution, cool, Bottle 5 x 60 ml",Lopinavir/Ritonavir,Kaletra,80/20mg/ml,Oral solution,300,20,822.0,41.1,0.14,ABBVIE (Abbott) Logis. UK,True,35.5,0.0,1.61
527,5233,100-CI-T01,Pre-PQ Process,SCMS-3,ASN-6,Côte d'Ivoire,PMO - US,Direct Drop,EXW,Air,2005-05-02,2005-11-02,2006-05-02,2006-05-02,2006-05-02,HRDT,HIV test,"Standard Diagnostics, Inc.","HIV 1/2, Bioline 3.0 Kit, (no accessories), 30 Tests","HIV 1/2, Bioline 3.0 Kit (no accessories)",Bioline,no_dosage,Test kit,30,31,734.7,23.7,0.79,"Standard Diagnostics, Korea",True,11.0,515.32,0.0
528,5243,104-CI-T01,Pre-PQ Process,SCMS-40,ASN-26,Côte d'Ivoire,PMO - US,Direct Drop,EXW,Air,2005-08-08,2006-02-08,2006-08-08,2006-08-08,2006-08-08,HRDT,HIV test,RANBAXY Fine Chemicals LTD.,"HIV, Reveal G3 Rapid HIV-1 Antibody Test, 30 Tests","HIV, Reveal G3 Rapid HIV-1 Antibody Test",Reveal,no_dosage,Test kit,30,19,551.0,29.0,0.97,Ranbaxy Fine Chemicals LTD,True,13.0,859.53,0.0
529,5249,108-VN-T01,Pre-PQ Process,SCMS-79,ASN-53,Vietnam,PMO - US,Direct Drop,CIP,Air,2005-09-15,2006-03-15,2006-09-15,2006-09-15,2006-09-15,ARV,Adult,ABBVIE LOGISTICS (FORMERLY ABBOTT LOGISTICS BV),"Lopinavir/Ritonavir 133.3/33.3mg [Kaletra], capsules, cool, 2 x 90 Caps",Lopinavir/Ritonavir,Kaletra,133.3/33.3mg,Capsule,180,198,35802.36,180.82,1.0,ABBVIE (Abbott) St. P'burg USA,True,389.0,7286.16,0.0
530,5253,112-NG-T01,Pre-PQ Process,SCMS-87,ASN-57,Nigeria,PMO - US,Direct Drop,EXW,Air,2005-09-28,2006-03-28,2006-09-28,2006-09-28,2006-09-28,ARV,Pediatric,Aurobindo Pharma Limited,"Nevirapine 10mg/ml, oral suspension, Bottle, 240 ml",Nevirapine,Generic,10mg/ml,Oral suspension,240,416,2579.2,6.2,0.03,"Aurobindo Unit III, India",False,276.5,10144.765,0.0
531,5260,104-CI-T01,Pre-PQ Process,SCMS-103,ASN-61,Côte d'Ivoire,PMO - US,Direct Drop,EXW,Air,2005-09-06,2006-03-06,2006-09-06,2006-09-06,2006-09-06,ARV,Adult,Aurobindo Pharma Limited,"Lamivudine 150mg, tablets, 60 Tabs",Lamivudine,Generic,150mg,Tablet,60,16683,65897.85,3.95,0.07,"Aurobindo Unit III, India",True,1498.0,20257.08,0.0
532,5261,104-CI-T01,Pre-PQ Process,SCMS-103,ASN-61,Côte d'Ivoire,PMO - US,Direct Drop,EXW,Air,2005-09-06,2006-03-06,2006-09-06,2006-09-06,2006-09-06,ARV,Adult,Aurobindo Pharma Limited,"Stavudine 30mg, capsules, 60 Caps",Stavudine,Generic,30mg,Capsule,60,9321,29361.15,3.15,0.05,"Aurobindo Unit III, India",False,668.5,4063.81,0.0
533,5277,114-UG-T01,Pre-PQ Process,SCMS-159,ASN-125,Uganda,PMO - US,Direct Drop,EXW,Air,2005-12-22,2006-06-22,2006-12-22,2006-12-22,2006-12-22,ARV,Adult,SUN PHARMACEUTICAL INDUSTRIES LTD (RANBAXY LABORATORIES LIMITED),"Lamivudine 150mg, tablets, 60 Tabs",Lamivudine,Generic,150mg,Tablet,60,6349,21269.15,3.35,0.06,"Ranbaxy, Paonta Shahib, India",True,369.0,2623.49,0.0
534,5278,110-ZM-T01,Pre-PQ Process,SCMS-163,ASN-123,Zambia,PMO - US,Direct Drop,EXW,Air,2005-12-20,2006-06-20,2006-12-20,2006-12-20,2006-12-20,ARV,Adult,Aurobindo Pharma Limited,"Nevirapine 200mg, tablets, 60 Tabs",Nevirapine,Generic,200mg,Tablet,60,33333,120332.13,3.61,0.06,"Aurobindo Unit III, India",False,3118.0,14019.38,0.0
535,5279,108-VN-T01,Pre-PQ Process,SCMS-167,ASN-270,Vietnam,PMO - US,Direct Drop,EXW,Air,2006-05-14,2006-11-14,2007-03-14,2007-03-14,2007-03-14,ARV,Adult,SUN PHARMACEUTICAL INDUSTRIES LTD (RANBAXY LABORATORIES LIMITED),"Lamivudine 150mg, tablets, 60 Tabs",Lamivudine,Generic,150mg,Tablet,60,98400,329640.0,3.35,0.06,"Ranbaxy, Paonta Shahib, India",True,4300.0,27923.26,0.0
536,5280,108-VN-T01,Pre-PQ Process,SCMS-476,ASN-387,Vietnam,PMO - US,Direct Drop,EXW,Air,2006-05-14,2006-11-14,2007-03-14,2007-05-16,2007-05-16,ARV,Pediatric,Aurobindo Pharma Limited,"Didanosine 100mg, chewable/dispersible tablets, 60 Tabs",Didanosine,Generic,100mg,Chewable/dispersible tablet,60,1700,17850.0,10.5,0.18,"Aurobindo Unit III, India",True,356.0,14982.1,0.0
537,5281,108-VN-T01,Pre-PQ Process,SCMS-168,ASN-276,Vietnam,PMO - US,Direct Drop,EXW,Air,2006-05-14,2006-11-14,2007-03-14,2007-03-14,2007-03-14,ARV,Adult,Aurobindo Pharma Limited,"Abacavir 300mg, tablets, 60 Tabs",Abacavir,Generic,300mg,Tablet,60,700,30835.0,44.05,0.73,"Aurobindo Unit III, India",False,548.0,4400.805,0.0
538,5282,108-VN-T01,Pre-PQ Process,SCMS-168,ASN-276,Vietnam,PMO - US,Direct Drop,EXW,Air,2006-05-14,2006-11-14,2007-03-14,2007-03-14,2007-03-14,ARV,Adult,Aurobindo Pharma Limited,"Efavirenz 600mg, tablets, 30 Tabs",Efavirenz,Generic,600mg,Tablet,30,38300,641525.0,16.75,0.56,"Aurobindo Unit III, India",False,668.5,4400.805,0.0
539,5283,108-VN-T01,Pre-PQ Process,SCMS-172,ASN-302,Vietnam,PMO - US,Direct Drop,CIP,Air,2006-05-29,2006-11-29,2007-04-16,2007-04-16,2007-04-16,ARV,Adult,ABBVIE LOGISTICS (FORMERLY ABBOTT LOGISTICS BV),"Lopinavir/Ritonavir 200/50mg [Aluvia], tablets, 120 Tabs",Lopinavir/Ritonavir,Aluvia,200/50mg,Tablet,120,1320,238682.4,180.82,1.51,ABBVIE (Abbott) Logis. UK,True,304.0,13453.12,0.0
540,5293,102-GY-T01,Pre-PQ Process,SCMS-225,ASN-113,Guyana,PMO - US,Direct Drop,EXW,Air,2005-11-15,2006-05-15,2006-11-15,2006-11-15,2006-11-15,HRDT,HIV test,Abbott GmbH & Co. KG,"HIV 1/2, Determine Complete HIV Kit, 100 Tests","HIV 1/2, Determine Complete HIV Kit",Determine,no_dosage,Test kit,100,230,18400.0,80.0,0.8,ABBVIE GmbH & Co.KG Wiesbaden,True,38681.0,801.54,0.0
541,5294,102-NG-T01,Pre-PQ Process,SCMS-228,ASN-141,Nigeria,PMO - US,Direct Drop,EXW,Air,2006-01-18,2006-07-18,2007-01-18,2007-01-18,2007-01-18,HRDT,HIV test,"Trinity Biotech, Plc","HIV 1/2, Uni-Gold HIV Kit, 20 Tests","HIV 1/2, Uni-Gold HIV Kit",Uni-Gold,no_dosage,Test kit,20,40,1600.0,40.0,2.0,"Trinity Biotech, Plc",True,14.0,713.58,0.0
542,5295,102-NG-T01,Pre-PQ Process,SCMS-229,ASN-155,Nigeria,PMO - US,Direct Drop,EXW,Air,2005-12-17,2006-06-17,2006-12-17,2006-12-17,2006-12-17,HRDT,HIV test,Orasure Technologies Inc.,"HIV 1/2, OraQuick Advance HIV Rapid Antibody Kit, 100 Tests","HIV 1/2, OraQuick Advance HIV Rapid Antibody Kit",OraQuick,no_dosage,Test kit,100,8,3200.0,400.0,4.0,"Pacific Biotech, Thailand",True,3.0,10144.765,0.0
543,5303,113-ZW-T01,Pre-PQ Process,SCMS-348,ASN-286,Zimbabwe,PMO - US,Direct Drop,CIP,Air,2006-07-19,2007-01-19,2007-03-19,2007-03-19,2007-03-19,ARV,Pediatric,BRISTOL-MYERS SQUIBB,"Didanosine 50mg [Videx], chewable tablets, 60 Tabs",Didanosine,Videx,50mg,Chewable/dispersible tablet,60,54,513.0,9.5,0.16,"BMS Meymac, France",True,668.5,0.0,0.0
544,5304,109-TZ-T01,Pre-PQ Process,SCMS-367,ASN-221,Tanzania,PMO - US,Direct Drop,EXW,Air,2006-07-25,2007-01-25,2007-03-23,2007-03-23,2007-03-23,HRDT,HIV test,"Trinity Biotech, Plc","HIV 1/2, Capillus HIV Kit, 100 Tests","HIV 1/2, Capillus HIV Kit",Capillus,no_dosage,Test kit,100,700,97300.0,139.0,1.39,"Trinity Biotech, Plc",True,488.0,3114.08,0.0
545,5324,102-GY-T01,Pre-PQ Process,SCMS-526,ASN-343,Guyana,PMO - US,Direct Drop,EXW,Air,2006-10-02,2007-04-02,2007-04-30,2007-04-30,2007-04-30,HRDT,HIV test,"Trinity Biotech, Plc","HIV 1/2, Uni-Gold HIV Kit, 20 Tests","HIV 1/2, Uni-Gold HIV Kit",Uni-Gold,no_dosage,Test kit,20,1000,32000.0,32.0,1.6,"Trinity Biotech, Plc",True,337.0,5240.47,0.0
546,5352,102-GY-T01,Pre-PQ Process,SCMS-765,ASN-575,Guyana,PMO - US,Direct Drop,EXW,Air,2007-01-06,2007-07-06,2007-08-07,2007-08-07,2007-08-07,HRDT,HIV test,"Trinity Biotech, Plc","HIV 1/2, Uni-Gold HIV Kit, 20 Tests","HIV 1/2, Uni-Gold HIV Kit",Uni-Gold,no_dosage,Test kit,20,1500,48000.0,32.0,1.6,"Trinity Biotech, Plc",True,515.0,8576.8,76.8
547,5353,102-GY-T01,Pre-PQ Process,SCMS-767,ASN-620,Guyana,PMO - US,Direct Drop,EXW,Air,2007-01-25,2007-07-25,2007-08-09,2007-08-21,2007-08-21,HRDT,HIV test,"Orgenics, Ltd","HIV 1/2, Determine HIV Kit, without Lancets, 100 Tests","HIV 1/2, Determine HIV Kit, without Lancets",Determine,no_dosage,Test kit,100,300,21597.0,71.99,0.72,Inverness Japan,True,69.0,1398.6,34.56
548,5364,104-CI-T01,Pre-PQ Process,SCMS-10070,ASN-640,Côte d'Ivoire,PMO - US,Direct Drop,CIP,Air,2006-11-09,2007-05-09,2007-08-24,2007-08-24,2007-08-24,ARV,Pediatric,BRISTOL-MYERS SQUIBB,"Didanosine 50mg [Videx], chewable tablets, 60 Tabs",Didanosine,Videx,50mg,Chewable/dispersible tablet,60,1577,14981.5,9.5,0.16,"BMS Meymac, France",True,309.0,0.0,23.97
549,5365,100-HT-T01,Pre-PQ Process,SCMS-10080,ASN-664,Haiti,PMO - US,Direct Drop,EXW,Air,2007-01-26,2007-07-26,2007-08-13,2007-08-13,2007-08-13,HRDT,HIV test - Ancillary,"Orgenics, Ltd","HIV, Lancet, Safety, for HIV Test kits, 100 Pcs","HIV, Lancet, Safety, for HIV Test kits, 100 Pcs",Generic,no_dosage,Test kit - Ancillary,100,450,4.5,0.01,0.0,Inverness Japan,True,159.5,2946.7200000000003,0.01
550,5366,100-HT-T01,Pre-PQ Process,SCMS-10080,ASN-606,Haiti,PMO - US,Direct Drop,EXW,Air,2007-01-26,2007-07-26,2007-08-13,2007-08-07,2007-08-07,HRDT,HIV test - Ancillary,"Orgenics, Ltd","HIV, Lancet, Safety, for HIV Test kits, 100 Pcs","HIV, Lancet, Safety, for HIV Test kits, 100 Pcs",Generic,no_dosage,Test kit - Ancillary,100,300,3.0,0.01,0.0,Inverness Japan,True,24.0,240.0,0.0
551,5428,104-CI-T01,Pre-PQ Process,SCMS-12400,ASN-794,Côte d'Ivoire,PMO - US,Direct Drop,EXW,Air,2007-03-18,2007-09-18,2007-10-23,2007-10-23,2007-10-23,HRDT,HIV test,"Standard Diagnostics, Inc.","HIV 1/2, Bioline 3.0 Kit, (no accessories), 30 Tests","HIV 1/2, Bioline 3.0 Kit (no accessories)",Bioline,no_dosage,Test kit,30,2000,47000.0,23.5,0.78,"Standard Diagnostics, Korea",True,750.0,7961.7,75.2
552,5446,107-RW-T01,Pre-PQ Process,SCMS-13020,ASN-914,Rwanda,PMO - US,Direct Drop,EXW,Air,2007-04-18,2007-10-18,2007-11-19,2007-11-19,2007-11-19,HRDT,HIV test,Premier Medical Corporation Ltd.,"HIV 1/2/O, First Response HIV 1-2.0, v.3.0 Cards Kit, 30 Tests","HIV 1/2/O, First Response HIV 1-2.0, v.3.0 Cards Kit",First Response,no_dosage,Test kit,30,1400,23100.0,16.5,0.55,Premier Med. Corp Ltd. India,True,405.0,3616.95,36.96
553,5507,116-ZA-T01,Pre-PQ Process,SCMS-14050,ASN-1251,South Africa,PMO - US,Direct Drop,DDP,Truck,2007-05-12,2007-11-12,2008-01-29,2008-01-29,2008-01-29,ARV,Adult,"JSI R&T INSTITUTE, INC.","Efavirenz 600mg [Stocrin/Sustiva], tablets, 30 Tabs",Efavirenz,Stocrin/Sustiva,600mg,Tablet,30,600,12996.0,21.66,0.72,"MSD Midrand, J'burg, SA",False,231.5,0.0,20.79
554,5508,116-ZA-T01,Pre-PQ Process,SCMS-14050,ASN-1251,South Africa,PMO - US,Direct Drop,DDP,Truck,2007-05-12,2007-11-12,2008-01-29,2008-01-29,2008-01-29,ARV,Pediatric,"JSI R&T INSTITUTE, INC.","Ritonavir 80mg/ml [Norvir], oral solution, cool, Bottle, 90 ml",Ritonavir,Norvir,80mg/ml,Oral solution,90,3,28.95,9.65,0.11,ABBVIE (Abbott) France,False,1.0,0.0,0.05
555,5509,116-ZA-T01,Pre-PQ Process,SCMS-14050,ASN-1251,South Africa,PMO - US,Direct Drop,DDP,Truck,2007-05-12,2007-11-12,2008-01-29,2008-01-29,2008-01-29,ARV,Adult,"JSI R&T INSTITUTE, INC.","Lopinavir/Ritonavir 133.3/33.3mg [Kaletra], capsules, cool, 2 x 90 Caps",Lopinavir/Ritonavir,Kaletra,133.3/33.3mg,Capsule,180,400,19304.0,48.26,0.27,ABBVIE (Abbott) Logis. UK,False,81.0,0.0,30.89
556,5510,116-ZA-T01,Pre-PQ Process,SCMS-14050,ASN-1251,South Africa,PMO - US,Direct Drop,DDP,Truck,2007-05-12,2007-11-12,2008-01-29,2008-01-29,2008-01-29,ARV,Adult,"JSI R&T INSTITUTE, INC.","Didanosine EC 250mg [Videx EC], delayed-release capsules, Blister 3 x 10 Caps",Didanosine EC,Videx EC,250mg,Delayed-release capsules - blister,30,100,2208.0,22.08,0.74,"BMS Meymac, France",False,36.0,0.0,3.53
557,5522,108-VN-T01,Pre-PQ Process,SCMS-14210,ASN-1340,Vietnam,PMO - US,Direct Drop,FCA,Air,2007-05-22,2007-11-22,2008-03-06,2008-03-06,2008-03-06,ARV,Adult,ABBVIE LOGISTICS (FORMERLY ABBOTT LOGISTICS BV),"Lopinavir/Ritonavir 200/50mg [Aluvia], tablets, 120 Tabs",Lopinavir/Ritonavir,Aluvia,200/50mg,Tablet,120,1000,82200.0,82.2,0.68,ABBVIE Ludwigshafen Germany,True,249.0,3120.92,131.52
558,5532,107-RW-T01,Pre-PQ Process,SCMS-14630,ASN-1198,Rwanda,PMO - US,Direct Drop,EXW,Air,2007-06-10,2007-12-10,2008-01-31,2008-01-28,2008-01-28,HRDT,HIV test,"Orgenics, Ltd","HIV 1/2, Determine HIV Kit, without Lancets, 100 Tests","HIV 1/2, Determine HIV Kit, without Lancets",Determine,no_dosage,Test kit,100,1500,107985.0,71.99,0.72,Inverness Japan,True,340.0,9479.89,172.78
559,5534,108-VN-T01,Pre-PQ Process,SCMS-14760,ASN-1230,Vietnam,PMO - US,Direct Drop,EXW,Air,2007-06-05,2007-12-05,2008-02-01,2008-02-01,2008-02-01,ARV,Adult,Aurobindo Pharma Limited,"Stavudine 15mg, capsules, 60 Caps",Stavudine,Generic,15mg,Capsule,60,600,900.0,1.5,0.02,"Aurobindo Unit III, India",False,231.5,4400.805,1.44
560,5551,100-HT-T01,Pre-PQ Process,SCMS-15480,ASN-1403,Haiti,PMO - US,Direct Drop,EXW,Air,2007-03-10,2007-09-10,2008-03-10,2008-03-10,2008-03-10,HRDT,HIV test,"Trinity Biotech, Plc","HIV 1/2, Capillus HIV Kit, 100 Tests","HIV 1/2, Capillus HIV Kit",Capillus,no_dosage,Test kit,100,2,278.0,139.0,1.39,"Trinity Biotech, Plc",True,1.0,897.52,0.44
561,5575,116-ZA-T01,Pre-PQ Process,SCMS-16600,ASN-1520,South Africa,PMO - US,Direct Drop,DDP,Truck,2007-07-04,2008-01-04,2008-01-21,2008-01-04,2008-01-04,ARV,Adult,"JSI R&T INSTITUTE, INC.","Stavudine 40mg [Zerit], capsules, 60 Caps",Stavudine,Zerit,40mg,Capsule,60,200,1146.0,5.73,0.1,"BMS Meymac, France",False,22.0,0.0,1.83
562,5589,102-BW-T01,Pre-PQ Process,SCMS-16720,ASN-1402,Botswana,PMO - US,Direct Drop,EXW,Air,2007-08-04,2008-02-04,2008-04-03,2008-04-03,2008-04-03,HRDT,HIV test,"Trinity Biotech, Plc","HIV 1/2, Uni-Gold HIV Kit, 20 Tests","HIV 1/2, Uni-Gold HIV Kit",Uni-Gold,no_dosage,Test kit,20,450,14400.0,32.0,1.6,"Trinity Biotech, Plc",True,155.0,1625.08,23.04
563,5590,102-NG-T01,Pre-PQ Process,SCMS-16890,ASN-1874,Nigeria,PMO - US,Direct Drop,EXW,Air,2007-07-29,2008-01-29,2008-09-19,2008-06-20,2008-06-20,HRDT,HIV test,"CHEMBIO DIAGNOSTIC SYSTEMS, INC.","HIV 1/2, Stat-Pak HIV, Kit, 20 Tests","HIV 1/2, Stat-Pak HIV, Kit",Stat-Pak,no_dosage,Test kit,20,7301,197127.0,27.0,1.35,Chembio Diagnostics Sys. Inc.,True,2093.0,16036.94,315.4
564,5595,128-BJ-T01,Pre-PQ Process,SCMS-17280,ASN-1412,Benin,PMO - US,Direct Drop,EXW,Air,2007-08-06,2008-02-06,2008-03-10,2008-03-10,2008-03-10,HRDT,HIV test - Ancillary,"Orgenics, Ltd","HIV, Lancet, Safety, for HIV Test kits, 100 Pcs","HIV, Lancet, Safety, for HIV Test kits, 100 Pcs",Generic,no_dosage,Test kit - Ancillary,100,1436,14.36,0.01,0.0,Inverness Japan,True,327.0,6477.67,0.02
565,5596,128-BJ-T01,Pre-PQ Process,SCMS-17280,ASN-1380,Benin,PMO - US,Direct Drop,EXW,Air,2007-08-06,2008-02-06,2008-03-10,2008-03-04,2008-03-04,HRDT,HIV test,"Orgenics, Ltd","HIV 1/2, Determine HIV Kit, without Lancets, 100 Tests","HIV 1/2, Determine HIV Kit, without Lancets",Determine,no_dosage,Test kit,100,1436,103377.64,71.99,0.72,Inverness Japan,True,327.0,6687.51,165.4
566,5622,110-ZM-T01,Pre-PQ Process,SCMS-18070,ASN-1577,Zambia,PMO - US,Direct Drop,EXW,Air,2007-08-25,2008-02-25,2008-04-22,2008-04-22,2008-04-22,HRDT,HIV test - Ancillary,"Orgenics, Ltd","HIV, Lancet, Safety, for HIV Test kits, 100 Pcs","HIV, Lancet, Safety, for HIV Test kits, 100 Pcs",Generic,no_dosage,Test kit - Ancillary,100,2000,20.0,0.01,0.0,Inverness Japan,True,662.5,14019.38,0.03
567,5634,104-CI-T01,Pre-PQ Process,SCMS-18300,ASN-3434,Côte d'Ivoire,PMO - US,Direct Drop,EXW,Air,2007-09-03,2008-03-03,2009-03-19,2009-03-19,2009-03-19,HRDT,HIV test,"Standard Diagnostics, Inc.","HIV 1/2, Bioline 3.0 Kit, Lancets, Capillary pipets, Alcohol swabs included, 25 Tests","HIV 1/2, Bioline 3.0 Kit, Lancets, Capillary pipets, Alcohol swabs included",Bioline,no_dosage,Test kit,25,659,13180.0,20.0,0.8,"Standard Diagnostics, Korea",True,206.0,2358.13,25.83
568,5635,102-LS-T01,Pre-PQ Process,SCMS-18370,ASN-1660,Lesotho,PMO - US,Direct Drop,EXW,Air,2007-08-27,2008-02-27,2008-07-14,2008-07-14,2008-07-14,HRDT,HIV test,Orasure Technologies Inc.,"HIV 1/2, OraQuick Advance HIV Rapid Antibody Kit, 100 Tests","HIV 1/2, OraQuick Advance HIV Rapid Antibody Kit",OraQuick,no_dosage,Test kit,100,7,2450.0,350.0,3.5,"Pacific Biotech, Thailand",True,17.0,587.63,3.92
569,5645,102-BW-T01,Pre-PQ Process,SCMS-18730,ASN-1608,Botswana,PMO - US,Direct Drop,EXW,Air,2007-09-11,2008-03-11,2008-06-23,2008-06-04,2008-06-04,HRDT,HIV test,"Orgenics, Ltd","HIV 1/2, Determine HIV Kit, without Lancets, 100 Tests","HIV 1/2, Determine HIV Kit, without Lancets",Determine,no_dosage,Test kit,100,200,14398.0,71.99,0.72,Inverness Japan,True,46.0,1028.18,23.04
570,5646,123-NG-T01,Pre-PQ Process,SCMS-18740,ASN-1553,Nigeria,PMO - US,Direct Drop,EXW,Air,2007-09-11,2008-03-11,2008-05-08,2008-04-07,2008-04-07,HRDT,HIV test - Ancillary,"Orgenics, Ltd","HIV, Lancet, Safety, for HIV Test kits, 100 Pcs","HIV, Lancet, Safety, for HIV Test kits, 100 Pcs",Generic,no_dosage,Test kit - Ancillary,100,285,2.85,0.01,0.0,Inverness Japan,True,64.0,10144.765,0.0
571,5647,114-UG-T01,Pre-PQ Process,SCMS-18750,ASN-1618,Uganda,PMO - US,Direct Drop,EXW,Air,2007-09-11,2008-03-11,2008-05-22,2008-05-22,2008-05-22,HRDT,HIV test - Ancillary,"Orgenics, Ltd","HIV, Lancet, Safety, for HIV Test kits, 100 Pcs","HIV, Lancet, Safety, for HIV Test kits, 100 Pcs",Generic,no_dosage,Test kit - Ancillary,100,850,8.5,0.01,0.0,Inverness Japan,True,56.0,360.0,0.01
572,5657,114-UG-T01,Pre-PQ Process,SCMS-18900,ASN-1543,Uganda,PMO - US,Direct Drop,EXW,Air,2007-09-14,2008-03-14,2008-06-02,2008-06-02,2008-06-02,HRDT,HIV test,"CHEMBIO DIAGNOSTIC SYSTEMS, INC.","HIV 1/2, Stat-Pak HIV, Kit, 20 Tests","HIV 1/2, Stat-Pak HIV, Kit",Stat-Pak,no_dosage,Test kit,20,1275,34425.0,27.0,1.35,Chembio Diagnostics Sys. Inc.,True,483.0,4193.88,55.08
573,5658,114-UG-T01,Pre-PQ Process,SCMS-18910,ASN-1614,Uganda,PMO - US,Direct Drop,EXW,Air,2007-09-13,2008-03-13,2008-06-02,2008-06-02,2008-06-02,HRDT,HIV test,"Trinity Biotech, Plc","HIV 1/2, Uni-Gold HIV Kit, 20 Tests","HIV 1/2, Uni-Gold HIV Kit",Uni-Gold,no_dosage,Test kit,20,85,2720.0,32.0,1.6,"Trinity Biotech, Plc",True,85.0,1253.98,4.35
574,5661,104-CI-T01,Pre-PQ Process,SCMS-19100,ASN-1598,Côte d'Ivoire,PMO - US,Direct Drop,EXW,Air,2007-09-18,2008-03-18,2008-05-30,2008-05-30,2008-05-30,HRDT,HIV test,BIO-RAD LABORATORIES (FRANCE),"#108853** HIV, Genie II HIV-1/HIV-2 Kit, 40 Tests","HIV, Genie II HIV-1/HIV-2 Kit",Genie,no_dosage,Test kit,40,331,25156.0,76.0,1.9,Bio-Rad Laboratories,True,366.0,7915.98,40.25
575,5675,116-ZA-T01,Pre-PQ Process,SCMS-19800,ASN-1664,South Africa,PMO - US,Direct Drop,DDP,Truck,2007-08-20,2008-02-20,2008-04-24,2008-02-29,2008-02-29,ARV,Adult,S. BUYS WHOLESALER,"Zidovudine 300mg [Retrovir], tablets, 60 Tabs",Zidovudine,Retrovir,300mg,Tablet,60,1000,16400.0,16.4,0.27,GSK Aranda,False,132.0,0.0,26.24
576,5676,116-ZA-T01,Pre-PQ Process,SCMS-19800,ASN-1665,South Africa,PMO - US,Direct Drop,DDP,Truck,2007-08-20,2008-02-20,2008-04-24,2008-04-24,2008-04-24,ARV,Adult,S. BUYS WHOLESALER,"Lamivudine 150mg [Epivir], tablets, 60 Tabs",Lamivudine,Epivir,150mg,Tablet,60,3000,16350.0,5.45,0.09,GSK Cape Town Factory (South Africa),False,342.0,0.0,26.16
577,5677,116-ZA-T01,Pre-PQ Process,SCMS-19800,ASN-1665,South Africa,PMO - US,Direct Drop,DDP,Truck,2007-08-20,2008-02-20,2008-04-24,2008-04-24,2008-04-24,ARV,Adult,S. BUYS WHOLESALER,"Stavudine 20mg [Zerit], capsules, 60 Caps",Stavudine,Zerit,20mg,Capsule,60,200,978.0,4.89,0.08,"BMS Meymac, France",False,22.0,0.0,1.56
578,5678,116-ZA-T01,Pre-PQ Process,SCMS-19800,ASN-1665,South Africa,PMO - US,Direct Drop,DDP,Truck,2007-08-20,2008-02-20,2008-04-24,2008-04-24,2008-04-24,ARV,Adult,S. BUYS WHOLESALER,"Emtricitabine/Tenofovir Disoproxil Fumarate 200/300mg [Truvada], tablets, 30 Tabs",Emtricitabine/Tenofovir Disoproxil Fumarate,Truvada,300/200mg,Tablet - FDC,30,20,723.4,36.17,1.21,"Aspen-OSD, Port Elizabeth, SA",False,35.5,0.0,1.16
579,5701,108-VN-T01,Pre-PQ Process,SCMS-20200,ASN-2017,Vietnam,PMO - US,Direct Drop,EXW,Air,2007-09-30,2008-03-31,2008-07-14,2008-07-14,2008-07-14,ARV,Adult,Aurobindo Pharma Limited,"Abacavir 300mg, tablets, 60 Tabs",Abacavir,Generic,300mg,Tablet,60,500,12500.0,25.0,0.42,"Aurobindo Unit III, India",True,124.0,5217.59,20.0
580,5703,108-VN-T01,Pre-PQ Process,SCMS-20341,ASN-1691,Vietnam,PMO - US,Direct Drop,EXW,Air,2007-10-10,2008-04-10,2008-06-01,2008-05-22,2008-05-22,ARV,Adult,MYLAN LABORATORIES LTD (FORMERLY MATRIX LABORATORIES),"Tenofovir Disoproxil Fumarate 300mg, tablets, 30 Tabs",Tenofovir Disoproxil Fumarate,Generic,300mg,Tablet,30,2016,27538.56,13.66,0.46,Mylan (formerly Matrix) Nashik,True,122.0,2864.44,44.06
581,5713,104-CI-T01,Pre-PQ Process,SCMS-21270,ASN-1669,Côte d'Ivoire,PMO - US,Direct Drop,EXW,Air,2007-10-07,2008-04-07,2008-05-09,2008-05-09,2008-05-09,HRDT,HIV test,"Orgenics, Ltd","HIV 1/2, Determine HIV Kit, without Lancets, 100 Tests","HIV 1/2, Determine HIV Kit, without Lancets",Determine,no_dosage,Test kit,100,250,17997.5,71.99,0.72,Inverness Japan,True,57.0,1796.68,28.8
582,5717,116-ZA-T01,Pre-PQ Process,SCMS-21460,ASN-1667,South Africa,PMO - US,Direct Drop,DDP,Truck,2007-10-04,2008-04-04,2008-04-25,2008-04-07,2008-04-07,ARV,Adult,S. BUYS WHOLESALER,"Nevirapine 200mg [Viramune], tablets, 60 Tabs",Nevirapine,Viramune,200mg,Tablet,60,100,2030.0,20.3,0.34,"BI, Ingelheim, Germany",False,36.0,0.0,3.25
583,5769,102-BW-T01,Pre-PQ Process,SCMS-22770,ASN-2235,Botswana,PMO - US,Direct Drop,EXW,Air,2007-10-28,2008-04-28,2009-01-20,2009-01-20,2009-01-20,HRDT,HIV test - Ancillary,"Orgenics, Ltd","HIV, Lancet, Safety, for HIV Test kits, 100 Pcs","HIV, Lancet, Safety, for HIV Test kits, 100 Pcs",Generic,no_dosage,Test kit - Ancillary,100,100,1.0,0.01,0.0,Inverness Japan,True,34.0,700.7049999999999,0.0
584,5793,108-VN-T01,Pre-PQ Process,SCMS-23340,ASN-2277,Vietnam,PMO - US,Direct Drop,EXW,Air,2007-11-13,2008-05-13,2008-09-19,2008-09-19,2008-09-19,ARV,Adult,Aurobindo Pharma Limited,"Lamivudine/Zidovudine 150/300mg, tablets, 60 Tabs",Lamivudine/Zidovudine,Generic,150/300mg,Tablet - FDC,60,3024,27972.0,9.25,0.15,"Aurobindo Unit III, India",True,703.0,10356.86,44.76
585,5794,108-VN-T01,Pre-PQ Process,SCMS-23350,ASN-2489,Vietnam,PMO - US,Direct Drop,FCA,Air,2007-11-13,2008-05-13,2008-11-16,2008-11-16,2008-11-16,ARV,Adult,ABBVIE LOGISTICS (FORMERLY ABBOTT LOGISTICS BV),"Lopinavir/Ritonavir 200/50mg [Aluvia], tablets, 120 Tabs",Lopinavir/Ritonavir,Aluvia,200/50mg,Tablet,120,1040,85488.0,82.2,0.68,ABBVIE Ludwigshafen Germany,True,251.0,2519.89,136.78
586,5796,108-VN-T01,Pre-PQ Process,SCMS-23440,ASN-2335,Vietnam,PMO - US,Direct Drop,EXW,Air,2007-11-13,2008-05-13,2008-09-20,2008-09-20,2008-09-20,ARV,Adult,MYLAN LABORATORIES LTD (FORMERLY MATRIX LABORATORIES),"Lamivudine 150mg, tablets, 60 Tabs",Lamivudine,Generic,150mg,Tablet,60,9576,24897.6,2.6,0.04,Mylan (formerly Matrix) Nashik,True,889.0,7884.8,39.84
587,5799,116-ZA-T01,Pre-PQ Process,SCMS-23500,ASN-2300,South Africa,PMO - US,Direct Drop,DDP,Truck,2007-08-20,2008-02-20,2008-08-20,2008-05-14,2008-05-14,ARV,Adult,S. BUYS WHOLESALER,"Abacavir 300mg [Ziagen], tablets, Blister 6 x 10 Tabs",Abacavir,Ziagen,300mg,Tablet - blister,60,8,397.92,49.74,0.83,GSK Ware (UK),False,48.0,0.0,0.64
588,5800,116-ZA-T01,Pre-PQ Process,SCMS-23500,ASN-2293,South Africa,PMO - US,Direct Drop,DDP,Truck,2007-08-20,2008-02-20,2008-08-20,2008-05-08,2008-05-08,ARV,Pediatric,S. BUYS WHOLESALER,"Didanosine 100mg [Videx],chewable tablets, 60 Tabs",Didanosine,Videx,100mg,Chewable/dispersible tablet,60,4,56.16,14.04,0.23,"BMS Meymac, France",False,78.0,0.0,0.09
589,5801,116-ZA-T01,Pre-PQ Process,SCMS-23500,ASN-2293,South Africa,PMO - US,Direct Drop,DDP,Truck,2007-08-20,2008-02-20,2008-08-20,2008-05-08,2008-05-08,ARV,Adult,S. BUYS WHOLESALER,"Tenofovir Disoproxil Fumarate 300mg [Viread], tablets, 30 Tabs",Tenofovir Disoproxil Fumarate,Viread,300mg,Tablet,30,30,738.3,24.61,0.82,Gilead(Nycomed) Oranienburg DE,False,55.0,0.0,1.18
590,5802,116-ZA-T01,Pre-PQ Process,SCMS-23500,ASN-2293,South Africa,PMO - US,Direct Drop,DDP,Truck,2007-08-20,2008-02-20,2008-08-20,2008-05-08,2008-05-08,ARV,Pediatric,S. BUYS WHOLESALER,"Didanosine 2g [Videx], powder for oral solution 10mg/ml, reconstitute to 200 ml",Didanosine,Videx,2g,Powder for oral solution,200,6,78.48,13.08,0.07,"BMS Meymac, France",False,9.0,0.0,0.13
591,5815,106-HT-T01,Pre-PQ Process,SCMS-23800,ASN-2257,Haiti,PMO - US,Direct Drop,EXW,Air,2007-11-20,2008-05-20,2008-08-22,2008-08-22,2008-08-22,HRDT,HIV test,"Trinity Biotech, Plc","HIV 1/2, Capillus HIV Kit, 100 Tests","HIV 1/2, Capillus HIV Kit",Capillus,no_dosage,Test kit,100,121,16819.0,139.0,1.39,"Trinity Biotech, Plc",True,100.0,1372.85,26.91
592,5818,106-HT-T01,Pre-PQ Process,SCMS-23920,ASN-2569,Haiti,PMO - US,Direct Drop,EXW,Air,2007-11-20,2008-05-20,2008-10-10,2008-10-10,2008-10-10,HRDT,HIV test,"Trinity Biotech, Plc","HIV 1/2, Capillus HIV Kit, 100 Tests","HIV 1/2, Capillus HIV Kit",Capillus,no_dosage,Test kit,100,84,11676.0,139.0,1.39,"Trinity Biotech, Plc",True,54.0,871.71,18.68
593,5821,106-HT-T01,Pre-PQ Process,SCMS-24010,ASN-3087,Haiti,PMO - US,Direct Drop,CIP,Air,2007-11-23,2008-05-23,2009-01-14,2009-01-14,2009-01-14,HRDT,HIV test,Orasure Technologies Inc.,"HIV 1/2, OraQuick Advance HIV Rapid Antibody Kit, 100 Tests","HIV 1/2, OraQuick Advance HIV Rapid Antibody Kit",OraQuick,no_dosage,Test kit,100,28,9800.0,350.0,3.5,"Pacific Biotech, Thailand",True,109.0,0.0,19.21
594,5857,107-RW-T01,Pre-PQ Process,SCMS-25140,ASN-2116,Rwanda,PMO - US,Direct Drop,EXW,Air,2007-12-12,2008-06-12,2008-07-22,2008-07-22,2008-07-22,HRDT,HIV test,"Orgenics, Ltd","HIV 1/2, Determine HIV Kit, without Lancets, 100 Tests","HIV 1/2, Determine HIV Kit, without Lancets",Determine,no_dosage,Test kit,100,4327,302890.0,70.0,0.7,Inverness Japan,True,986.0,26574.61,484.62
595,5860,113-ZW-T01,Pre-PQ Process,SCMS-25300,ASN-2997,Zimbabwe,PMO - US,Direct Drop,EXW,Air,2007-12-12,2008-06-12,2009-01-22,2009-01-22,2009-01-22,HRDT,HIV test,"Orgenics, Ltd","HIV 1/2, Determine HIV Kit, without Lancets, 100 Tests","HIV 1/2, Determine HIV Kit, without Lancets",Determine,no_dosage,Test kit,100,1396,100498.04,71.99,0.72,Inverness Japan,True,414.0,5781.14,196.98
596,5894,108-VN-T01,Pre-PQ Process,SCMS-26170,ASN-2339,Vietnam,PMO - US,Direct Drop,EXW,Air,2008-01-01,2008-07-01,2008-09-03,2008-09-03,2008-09-03,ARV,Adult,Aurobindo Pharma Limited,"Lamivudine 150mg, tablets, 60 Tabs",Lamivudine,Generic,150mg,Tablet,60,15960,38304.0,2.4,0.04,"Aurobindo Unit III, India",True,755.0,6609.02,61.29
597,5895,108-VN-T01,Pre-PQ Process,SCMS-26370,ASN-2337,Vietnam,PMO - US,Direct Drop,EXW,Air,2008-01-01,2008-07-01,2008-09-19,2008-09-19,2008-09-19,ARV,Adult,MYLAN LABORATORIES LTD (FORMERLY MATRIX LABORATORIES),"Tenofovir Disoproxil Fumarate 300mg, tablets, 30 Tabs",Tenofovir Disoproxil Fumarate,Generic,300mg,Tablet,30,5040,62294.4,12.36,0.41,Mylan (formerly Matrix) Nashik,True,301.0,4883.46,99.67
598,5905,109-TZ-T01,Pre-PQ Process,SCMS-26640,ASN-2408,Tanzania,PMO - US,Direct Drop,CIP,Air,2008-01-04,2008-07-04,2008-09-08,2008-09-08,2008-09-08,ARV,Pediatric,GLAXOSMITHKLINE EXPORT LIMITED,"Abacavir 20mg/ml [Ziagen], oral solution, Bottle, 240 ml",Abacavir,Ziagen,20mg/ml,Oral solution,240,132,1990.56,15.08,0.06,GSK Mississauga (Canada),True,65.0,633.0,3.18
599,5916,116-ZA-T01,Pre-PQ Process,SCMS-26820,ASN-2488,South Africa,PMO - US,Direct Drop,DDP,Truck,2007-07-10,2008-01-10,2008-07-10,2008-07-08,2008-07-08,ARV,Adult,S. BUYS WHOLESALER,"Emtricitabine/Tenofovir Disoproxil Fumarate 200/300mg [Truvada], tablets, 30 Tabs",Emtricitabine/Tenofovir Disoproxil Fumarate,Truvada,300/200mg,Tablet - FDC,30,30,1171.5,39.05,1.3,"Aspen-OSD, Port Elizabeth, SA",False,55.0,0.0,1.87
600,5917,130-NG-T01,Pre-PQ Process,SCMS-26840,ASN-2554,Nigeria,PMO - US,Direct Drop,EXW,Air,2008-01-15,2008-07-15,2008-10-09,2008-10-09,2008-10-09,ANTM,Malaria,IDA FOUNDATION,"Sulfadoxine/Pyrimethamine 500/25mg, tablets, 1000 Tabs",Sulfadoxine/Pyrimethamine,Generic,500/25mg,Tablet - FDC,1000,7,184.45,26.35,0.03,"Micro Labs Ltd. (Brown & Burk), India",True,488.0,4404.9,0.3
601,5928,133-NG-T01,Pre-PQ Process,SCMS-27050,ASN-2694,Nigeria,PMO - US,Direct Drop,EXW,Air,2008-01-18,2008-07-18,2008-11-07,2008-11-07,2008-11-07,HRDT,HIV test,"CHEMBIO DIAGNOSTIC SYSTEMS, INC.","HIV 1/2, Stat-Pak HIV, Kit, 20 Tests","HIV 1/2, Stat-Pak HIV, Kit",Stat-Pak,no_dosage,Test kit,20,8485,229095.0,27.0,1.35,Chembio Diagnostics Sys. Inc.,True,2441.0,22229.32,449.03
602,5935,108-VN-T01,Pre-PQ Process,SCMS-27290,ASN-2853,Vietnam,PMO - US,Direct Drop,FCA,Air,2008-01-24,2008-07-24,2008-12-02,2008-12-02,2008-12-02,ARV,Adult,ABBVIE LOGISTICS (FORMERLY ABBOTT LOGISTICS BV),"Lopinavir/Ritonavir 200/50mg [Aluvia], tablets, 120 Tabs",Lopinavir/Ritonavir,Aluvia,200/50mg,Tablet,120,6,493.2,82.2,0.68,ABBVIE Ludwigshafen Germany,True,9.0,2709.98,0.97
603,5936,108-VN-T01,Pre-PQ Process,SCMS-27320,ASN-2792,Vietnam,PMO - US,Direct Drop,EXW,Air,2008-01-24,2008-07-24,2008-11-21,2008-11-21,2008-11-21,ARV,Adult,Aurobindo Pharma Limited,"Abacavir 300mg, tablets, 60 Tabs",Abacavir,Generic,300mg,Tablet,60,880,20680.0,23.5,0.39,"Aurobindo Unit III, India",True,331.0,2771.84,40.53
604,5937,108-VN-T01,Pre-PQ Process,SCMS-27340,ASN-2862,Vietnam,PMO - US,Direct Drop,CIP,Air,2008-01-23,2008-07-23,2008-11-21,2008-11-21,2008-11-21,ARV,Pediatric,BRISTOL-MYERS SQUIBB,"Didanosine 25mg [Videx], chewable tablets, 60 Tabs",Didanosine,Videx,25mg,Chewable/dispersible tablet,60,280,1960.0,7.0,0.12,"BMS Meymac, France",True,60.0,1516.05,3.84
605,5976,117-ET-T01,Pre-PQ Process,SCMS-28720,ASN-2579,Ethiopia,PMO - US,Direct Drop,EXW,Air,2008-02-22,2008-08-22,2008-10-06,2008-10-03,2008-10-03,HRDT,HIV test,"SHANGHAI KEHUA BIOENGINEERING CO.,LTD.  (KHB)","HIV 1/2, SKB Colloidal Gold, Diagnostic Kit, Antibody, 50 Tests","HIV 1/2, Colloidal Gold, Diagnostic Kit, Antibody",Colloidal Gold,no_dosage,Test kit,1,6998,160954.0,23.0,23.0,"KHB Test Kit Facility, Shanghai China",True,5057.0,44347.71,257.53
606,5978,116-ZA-T01,Pre-PQ Process,SCMS-28830,ASN-2503,South Africa,PMO - US,Direct Drop,DDP,Truck,2007-08-25,2008-02-25,2008-08-25,2008-08-14,2008-08-14,ARV,Adult,S. BUYS WHOLESALER,"Stavudine 30mg [Zerit], capsules, 60 Caps",Stavudine,Zerit,30mg,Capsule,60,350,1736.0,4.96,0.08,"BMS Meymac, France",False,45.0,0.0,2.78
607,5979,116-ZA-T01,Pre-PQ Process,SCMS-28830,ASN-2503,South Africa,PMO - US,Direct Drop,DDP,Truck,2007-08-25,2008-02-25,2008-08-25,2008-08-14,2008-08-14,ARV,Adult,S. BUYS WHOLESALER,"Didanosine EC 250mg [Videx EC], delayed-release capsules, Blister 3 x 10 Caps",Didanosine EC,Videx EC,250mg,Delayed-release capsules - blister,30,100,1828.0,18.28,0.61,"BMS Meymac, France",False,36.0,0.0,2.92
608,5987,104-CI-T01,Pre-PQ Process,SCMS-29160,ASN-2508,Côte d'Ivoire,PMO - US,Direct Drop,EXW,Air,2008-02-28,2008-08-28,2008-10-13,2008-10-13,2008-10-13,HRDT,HIV test,"Orgenics, Ltd","HIV 1/2, Determine HIV Kit, without Lancets, 100 Tests","HIV 1/2, Determine HIV Kit, without Lancets",Determine,no_dosage,Test kit,100,1174,82180.0,70.0,0.7,Inverness Japan,True,275.0,4015.0,131.49
609,6023,106-HT-T01,Pre-PQ Process,DSCM-10090,ASN-2615,Haiti,PMO - US,Direct Drop,EXW,Air,2007-12-16,2008-06-16,2008-12-16,2008-10-16,2008-10-16,ANTM,Malaria,IDA FOUNDATION,"Chloroquine 150mg base (as phosphate), [DON] tablets, 1000 Tabs",Chloroquine base (as phosphate),Generic,150mg,Tablet,1000,30,197.1,6.57,0.01,Meditab (for Cipla) Daman IN,True,3221.0,21015.77,0.39
610,6041,104-CI-T01,Pre-PQ Process,SCMS-30430,ASN-2799,Côte d'Ivoire,PMO - US,Direct Drop,EXW,Air,2008-03-18,2008-09-18,2008-12-05,2008-12-05,2008-12-05,HRDT,HIV test,"Orgenics, Ltd","HIV 1/2, Determine HIV Kit, without Lancets, 100 Tests","HIV 1/2, Determine HIV Kit, without Lancets",Determine,no_dosage,Test kit,100,1174,82180.0,70.0,0.7,Inverness Japan,True,268.0,5243.53,161.07
611,6062,119-NA-T01,Pre-PQ Process,SCMS-31180,ASN-2717,Namibia,PMO - US,Direct Drop,EXW,Air,2008-03-24,2008-09-24,2008-10-29,2008-10-29,2008-10-29,HRDT,HIV test - Ancillary,"Orgenics, Ltd","HIV, Lancet, Safety, for HIV Test kits, 100 Pcs","HIV, Lancet, Safety, for HIV Test kits, 100 Pcs",Generic,no_dosage,Test kit - Ancillary,100,150,1.5,0.01,0.0,Inverness Japan,False,49.0,2541.8,0.0
612,6082,108-VN-T01,Pre-PQ Process,SCMS-31730,ASN-3313,Vietnam,PMO - US,Direct Drop,EXW,Air,2008-04-21,2008-10-21,2009-02-23,2009-02-23,2009-02-23,ARV,Adult,Aurobindo Pharma Limited,"Nevirapine 200mg, tablets, 60 Tabs",Nevirapine,Generic,200mg,Tablet,60,4200,12180.0,2.9,0.05,"Aurobindo Unit III, India",False,275.0,4400.805,23.87
613,6084,111-MZ-T01,Pre-PQ Process,SCMS-31770,ASN-2946,Mozambique,PMO - US,Direct Drop,EXW,Air,2008-04-14,2008-10-14,2008-12-29,2008-12-29,2008-12-29,HRDT,HIV test,"Trinity Biotech, Plc","HIV 1/2, Uni-Gold HIV Kit, 20 Tests","HIV 1/2, Uni-Gold HIV Kit",Uni-Gold,no_dosage,Test kit,20,4916,157312.0,32.0,1.6,"Trinity Biotech, Plc",True,1651.0,23300.18,308.33
614,6105,117-ET-T01,Pre-PQ Process,SCMS-32400,ASN-3322,Ethiopia,PMO - US,Direct Drop,EXW,Air,2008-04-22,2008-10-22,2009-02-18,2009-02-18,2009-02-18,HRDT,HIV test,"Trinity Biotech, Plc","HIV 1/2, Uni-Gold HIV Kit, 20 Tests","HIV 1/2, Uni-Gold HIV Kit",Uni-Gold,no_dosage,Test kit,20,2500,80000.0,32.0,1.6,"Trinity Biotech, Plc",True,844.0,8101.57,156.8
615,6106,117-ET-T01,Pre-PQ Process,SCMS-32410,ASN-2903,Ethiopia,PMO - US,Direct Drop,EXW,Air,2008-04-22,2008-10-22,2009-01-30,2008-11-24,2008-11-24,HRDT,HIV test,"CHEMBIO DIAGNOSTIC SYSTEMS, INC.","HIV 1/2, Stat-Pak HIV, Kit, 20 Tests","HIV 1/2, Stat-Pak HIV, Kit",Stat-Pak,no_dosage,Test kit,20,8964,242028.0,27.0,1.35,Chembio Diagnostics Sys. Inc.,True,3231.0,15619.2,474.37
616,6111,117-ET-T01,Pre-PQ Process,SCMS-32630,ASN-3157,Ethiopia,PMO - US,Direct Drop,EXW,Air,2008-04-27,2008-10-27,2009-01-26,2009-01-26,2009-01-26,HRDT,HIV test,"SHANGHAI KEHUA BIOENGINEERING CO.,LTD.  (KHB)","HIV 1/2, SKB Colloidal Gold, Diagnostic Kit, Antibody, 50 Tests","HIV 1/2, Colloidal Gold, Diagnostic Kit, Antibody",Colloidal Gold,no_dosage,Test kit,1,3510,80730.0,23.0,23.0,"KHB Test Kit Facility, Shanghai China",True,2535.0,20083.74,158.23
617,6125,116-ZA-T01,Pre-PQ Process,SCMS-33320,ASN-3553,South Africa,PMO - US,Direct Drop,DDP,Truck,2008-05-17,2008-11-17,2009-05-17,2008-10-09,2008-10-09,ARV,Adult,S. BUYS WHOLESALER,"Nevirapine 200mg, tablets, 60 Tabs",Nevirapine,Generic,200mg,Tablet,60,120,2355.6,19.63,0.33,"Cipla, Goa, India",False,22.0,0.0,4.62
618,6139,102-GY-T01,Pre-PQ Process,SCMS-33940,ASN-3423,Guyana,PMO - US,Direct Drop,CIP,Air,2008-05-19,2008-11-19,2009-03-06,2009-03-06,2009-03-06,MRDT,Malaria,ZEPHYR BIOMEDICALS,"Malaria Paramax-3 Kit, 25 Tests",Malaria Paramax-3 Kit,Paramax,no_dosage,Test kit,25,108,4050.0,37.5,1.5,Not Applicable,True,34.0,0.0,7.94
619,6196,104-CI-T01,Pre-PQ Process,SCMS-35780,ASN-3151,Côte d'Ivoire,PMO - US,Direct Drop,EXW,Air,2008-06-19,2008-12-19,2009-01-20,2009-01-20,2009-01-20,ANTM,Malaria,IDA FOUNDATION,"Quinine 300mg (as sulfate), tablets, Blister 100 x 10 Tabs",Quinine (as sulfate),Generic,300mg,Tablet - blister,1000,12,629.88,52.49,0.05,"Medopharm Malur Factory, INDIA",True,12.0,536.78,1.23
620,6253,139-NA-T01,Pre-PQ Process,SCMS-37070,ASN-3490,Namibia,PMO - US,Direct Drop,EXW,Air,2008-07-14,2009-01-14,2009-03-13,2009-03-13,2009-03-13,HRDT,HIV test,"Trinity Biotech, Plc","HIV 1/2, Uni-Gold HIV Kit, 20 Tests","HIV 1/2, Uni-Gold HIV Kit",Uni-Gold,no_dosage,Test kit,20,700,22400.0,32.0,1.6,"Trinity Biotech, Plc",True,236.0,6862.01,43.9
621,6257,108-VN-T01,Pre-PQ Process,SCMS-37160,ASN-3561,Vietnam,PMO - US,Direct Drop,EXW,Air,2008-07-16,2009-01-16,2009-04-07,2009-04-07,2009-04-07,ARV,Adult,Aurobindo Pharma Limited,"Stavudine 30mg, capsules, 60 Caps",Stavudine,Generic,30mg,Capsule,60,9576,13885.2,1.45,0.02,"Aurobindo Unit III, India",False,889.0,4400.805,27.21
622,6272,109-TZ-T01,Pre-PQ Process,SCMS-37790,ASN-3415,Tanzania,PMO - US,Direct Drop,EXW,Air,2008-07-27,2009-01-27,2009-03-31,2009-03-31,2009-03-31,HRDT,HIV test,"Orgenics, Ltd","HIV 1/2, Determine Complete HIV Kit, 100 Tests","HIV 1/2, Determine Complete HIV Kit",Determine,no_dosage,Test kit,100,1132,81504.0,72.0,0.72,Inverness Japan,True,337.0,4323.93,159.75
623,6312,107-RW-T01,Pre-PQ Process,SCMS-38660,ASN-3458,Rwanda,PMO - US,Direct Drop,EXW,Air,2008-08-18,2009-02-18,2009-04-28,2009-03-11,2009-03-11,HRDT,HIV test,Premier Medical Corporation Ltd.,"HIV 1/2/O, First Response HIV 1-2.0, v.3.0 Cards Kit, 30 Tests","HIV 1/2/O, First Response HIV 1-2.0, v.3.0 Cards Kit",First Response,no_dosage,Test kit,30,3912,88020.0,22.5,0.75,Premier Med. Corp Ltd. India,True,1320.0,15022.74,172.52
624,6369,106-HT-T01,Pre-PQ Process,SCMS-40030,ASN-3748,Haiti,PMO - US,Direct Drop,FCA,Air,2008-09-06,2009-03-06,2009-04-15,2009-04-15,2009-04-15,ARV,Adult,ABBVIE LOGISTICS (FORMERLY ABBOTT LOGISTICS BV),"Lopinavir/Ritonavir 200/50mg [Aluvia], tablets, 120 Tabs",Lopinavir/Ritonavir,Aluvia,200/50mg,Tablet,120,10,411.0,41.1,0.34,ABBVIE Ludwigshafen Germany,True,9.0,807.28,0.81
625,6381,108-VN-T01,Pre-PQ Process,SCMS-40390,ASN-3673,Vietnam,PMO - US,Direct Drop,CIP,Air,2008-09-06,2009-03-06,2009-03-26,2009-03-26,2009-03-26,ARV,Pediatric,BRISTOL-MYERS SQUIBB,"Didanosine 100mg [Videx],chewable tablets, 60 Tabs",Didanosine,Videx,100mg,Chewable/dispersible tablet,60,260,3315.0,12.75,0.21,"BMS Meymac, France",True,56.0,2246.81,6.5
626,6394,116-ZA-T01,Pre-PQ Process,SCMS-40780,ASN-3607,South Africa,PMO - US,Direct Drop,DDP,Air,2008-03-17,2008-09-17,2009-03-17,2008-11-28,2008-11-28,ARV,Adult,S. BUYS WHOLESALER,"Lamivudine 150mg, tablets, 60 Tabs",Lamivudine,Generic,150mg,Tablet,60,5000,27450.0,5.49,0.09,"Aurobindo Unit III, India",False,452.0,0.0,53.8
627,6395,116-ZA-T01,Pre-PQ Process,SCMS-40810,ASN-3634,South Africa,PMO - US,Direct Drop,DDP,Air,2008-03-30,2008-09-30,2009-03-31,2008-12-02,2008-12-02,ARV,Pediatric,S. BUYS WHOLESALER,"Stavudine 1mg/ml [Zerit], powder for oral solution, Bottle, 200 ml",Stavudine,Zerit,1mg/ml,Powder for oral solution,200,1320,1504.8,1.14,0.01,"BMS Meymac, France",False,290.0,0.0,2.95
628,6396,116-ZA-T01,Pre-PQ Process,SCMS-40810,ASN-3634,South Africa,PMO - US,Direct Drop,DDP,Air,2008-03-30,2008-09-30,2009-03-31,2008-12-02,2008-12-02,ARV,Pediatric,S. BUYS WHOLESALER,"Stavudine 1mg/ml, powder for oral solution, 200 ml",Stavudine,Generic,1mg/ml,Oral solution,200,500,1000.0,2.0,0.01,"Aurobindo Unit III, India",False,83.0,0.0,1.96
629,6397,116-ZA-T01,Pre-PQ Process,SCMS-40820,ASN-3609,South Africa,PMO - US,Direct Drop,DDP,Air,2008-04-14,2008-10-14,2009-04-14,2008-12-04,2008-12-04,ARV,Adult,S. BUYS WHOLESALER,"Stavudine 30mg [Zerit], capsules, 60 Caps",Stavudine,Zerit,30mg,Capsule,60,10260,39193.2,3.82,0.06,"BMS Meymac, France",False,668.5,0.0,76.82
630,6398,116-ZA-T01,Pre-PQ Process,SCMS-40850,ASN-3611,South Africa,PMO - US,Direct Drop,DDP,Air,2008-06-16,2008-12-16,2009-06-16,2009-01-28,2009-01-28,ARV,Adult,S. BUYS WHOLESALER,"Stavudine 30mg, capsules, 60 Caps",Stavudine,Generic,30mg,Capsule,60,20213,50734.63,2.51,0.04,"Aurobindo Unit III, India",False,668.5,0.0,99.44
631,6399,116-ZA-T01,Pre-PQ Process,SCMS-41040,ASN-3623,South Africa,PMO - US,Direct Drop,DDP,Air,2008-04-07,2008-10-07,2009-04-07,2008-12-03,2008-12-03,ARV,Adult,S. BUYS WHOLESALER,"Stavudine 30mg [Zerit], capsules, 60 Caps",Stavudine,Zerit,30mg,Capsule,60,1140,4286.4,3.76,0.06,"BMS Meymac, France",False,668.5,0.0,8.4
632,6400,116-ZA-T01,Pre-PQ Process,SCMS-41050,ASN-3635,South Africa,PMO - US,Direct Drop,DDP,Air,2008-04-21,2008-10-21,2009-04-21,2008-12-05,2008-12-05,ARV,Pediatric,S. BUYS WHOLESALER,"Zidovudine 10mg/ml, oral solution, Bottle, 240 ml",Zidovudine,Generic,10mg/ml,Oral solution,240,23,83.72,3.64,0.02,"Aurobindo Unit III, India",False,27.0,0.0,0.16
633,6401,116-ZA-T01,Pre-PQ Process,SCMS-41140,ASN-3752,South Africa,PMO - US,Direct Drop,DDP,Air,2008-03-30,2008-09-30,2009-03-31,2008-11-21,2008-11-21,ARV,Pediatric,S. BUYS WHOLESALER,"Stavudine 1mg/ml [Zerit], powder for oral solution, Bottle, 200 ml",Stavudine,Zerit,1mg/ml,Powder for oral solution,200,400,440.0,1.1,0.01,"BMS Meymac, France",False,81.0,0.0,0.86
634,6402,116-ZA-T01,Pre-PQ Process,SCMS-41160,ASN-3760,South Africa,PMO - US,Direct Drop,DDP,Air,2008-04-01,2008-10-01,2009-04-01,2008-11-26,2008-11-26,ARV,Pediatric,S. BUYS WHOLESALER,"Lamivudine 10mg/ml [Epivir], oral solution, Bottle, 240 ml",Lamivudine,Epivir,10mg/ml,Oral solution,240,156,845.52,5.42,0.02,GSK Mississauga (Canada),False,54.5,0.0,1.66
635,6403,116-ZA-T01,Pre-PQ Process,SCMS-41170,ASN-3770,South Africa,PMO - US,Direct Drop,DDP,Air,2008-03-18,2008-09-18,2009-03-18,2009-03-18,2009-03-18,ARV,Pediatric,S. BUYS WHOLESALER,"Lamivudine 10mg/ml [Epivir], oral solution, Bottle, 240 ml",Lamivudine,Epivir,10mg/ml,Oral solution,240,44,237.6,5.4,0.02,GSK Mississauga (Canada),True,116.0,0.0,0.47
636,6404,116-ZA-T01,Pre-PQ Process,SCMS-41190,ASN-3732,South Africa,PMO - US,Direct Drop,DDP,Air,2008-03-30,2008-09-30,2009-03-30,2009-01-21,2009-01-21,ARV,Adult,S. BUYS WHOLESALER,"Efavirenz 600mg [Stocrin/Sustiva], tablets, 30 Tabs",Efavirenz,Stocrin/Sustiva,600mg,Tablet,30,1600,26624.0,16.64,0.55,"MSD Midrand, J'burg, SA",False,289.5,0.0,52.18
637,6405,116-ZA-T01,Pre-PQ Process,SCMS-41190,ASN-3732,South Africa,PMO - US,Direct Drop,DDP,Air,2008-03-30,2008-09-30,2009-03-30,2009-01-21,2009-01-21,ARV,Adult,S. BUYS WHOLESALER,"Zidovudine 300mg [Retrovir], tablets, 60 Tabs",Zidovudine,Retrovir,300mg,Tablet,60,800,9856.0,12.32,0.21,GSK Aranda,False,98.0,0.0,19.32
638,6411,116-ZA-T01,Pre-PQ Process,SCMS-41463,ASN-5420,South Africa,PMO - US,Direct Drop,DDP,Air,2008-09-18,2009-03-18,2009-06-25,2009-10-30,2009-10-30,ARV,Pediatric,S. BUYS WHOLESALER,"Lamivudine 10mg/ml, oral solution, Bottle, 240 ml",Lamivudine,Generic,10mg/ml,Oral solution,240,3304,18667.6,5.65,0.02,"Aurobindo Unit III, India",True,668.5,0.0,40.25
639,6415,116-ZA-T01,Pre-PQ Process,SCMS-41582,ASN-4304,South Africa,PMO - US,Direct Drop,DDP,Air,2008-09-27,2009-03-27,2009-06-25,2009-04-08,2009-04-08,ARV,Pediatric,S. BUYS WHOLESALER,"Zidovudine 10mg/ml, oral solution, Bottle, 240 ml",Zidovudine,Generic,10mg/ml,Oral solution,240,1200,7248.0,6.04,0.03,"Aurobindo Unit III, India",False,128.0,0.0,14.21
640,6416,116-ZA-T01,Pre-PQ Process,SCMS-41585,ASN-4386,South Africa,PMO - US,Direct Drop,DDP,Air,2008-09-27,2009-03-27,2009-06-25,2009-04-21,2009-04-21,ARV,Adult,S. BUYS WHOLESALER,"Stavudine 30mg, capsules, 60 Caps",Stavudine,Generic,30mg,Capsule,60,2775,8325.0,3.0,0.05,"Aurobindo Unit III, India",False,668.5,0.0,16.32
641,6417,116-ZA-T01,Pre-PQ Process,SCMS-41586,ASN-4387,South Africa,PMO - US,Direct Drop,DDP,Air,2008-09-27,2009-03-27,2009-06-25,2009-04-15,2009-04-15,ARV,Pediatric,S. BUYS WHOLESALER,"Nevirapine 10mg/ml, oral suspension, Bottle, 240 ml",Nevirapine,Generic,10mg/ml,Oral suspension,240,150,1407.0,9.38,0.04,"Aurobindo Unit III, India",False,53.5,0.0,2.76
642,6418,116-ZA-T01,Pre-PQ Process,SCMS-41587,ASN-4602,South Africa,PMO - US,Direct Drop,DDP,Air,2008-09-27,2009-03-27,2009-06-25,2009-04-16,2009-04-16,ARV,Adult,S. BUYS WHOLESALER,"Efavirenz 600mg, tablets, 30 Tabs",Efavirenz,Generic,600mg,Tablet,30,6500,82030.0,12.62,0.42,"Aurobindo Unit III, India",True,667.0,0.0,160.78
643,6431,104-CI-T01,Pre-PQ Process,SCMS-42240,ASN-4457,Côte d'Ivoire,PMO - US,Direct Drop,FCA,Air,2008-09-30,2009-03-30,2009-08-24,2009-08-24,2009-08-24,ARV,Pediatric,ABBVIE LOGISTICS (FORMERLY ABBOTT LOGISTICS BV),"Lopinavir/Ritonavir 80/20mg/ml [Kaletra], oral solution, cool, Bottle 5 x 60 ml",Lopinavir/Ritonavir,Kaletra,80/20mg/ml,Oral solution,300,50,2055.0,41.1,0.14,ABBVIE (Abbott) Logis. UK,True,99.0,1939.99,4.03
644,6432,116-ZA-T01,Pre-PQ Process,SCMS-47400,ASN-4284,South Africa,PMO - US,Direct Drop,DDP,Truck,2008-10-02,2009-04-02,2009-04-21,2009-04-21,2009-04-21,ARV,Adult,S. BUYS WHOLESALER,"Tenofovir Disoproxil Fumarate 300mg [Viread], tablets, 30 Tabs",Tenofovir Disoproxil Fumarate,Viread,300mg,Tablet,30,650,13819.0,21.26,0.71,"Aspen-OSD, Port Elizabeth, SA",True,66.5,0.0,27.09
645,6436,116-ZA-T01,Pre-PQ Process,SCMS-47410,ASN-4281,South Africa,PMO - US,Direct Drop,DDP,Truck,2008-10-02,2009-04-02,2009-05-15,2009-04-20,2009-04-20,ARV,Adult,S. BUYS WHOLESALER,"Efavirenz 600mg, tablets, 30 Tabs",Efavirenz,Generic,600mg,Tablet,30,2000,25040.0,12.52,0.42,"Cipla, Goa, India",True,274.0,0.0,49.08
646,6437,116-ZA-T01,Pre-PQ Process,SCMS-47500,ASN-4332,South Africa,PMO - US,Direct Drop,DDP,Truck,2008-10-02,2009-04-02,2009-05-15,2009-04-23,2009-04-23,ARV,Adult,S. BUYS WHOLESALER,"Lamivudine 150mg, tablets, 60 Tabs",Lamivudine,Generic,150mg,Tablet,60,2000,14160.0,7.08,0.12,"Aurobindo Unit III, India",False,274.0,0.0,27.75
647,6438,116-ZA-T01,Pre-PQ Process,SCMS-47500,ASN-4332,South Africa,PMO - US,Direct Drop,DDP,Truck,2008-10-02,2009-04-02,2009-05-15,2009-04-23,2009-04-23,ARV,Pediatric,S. BUYS WHOLESALER,"Stavudine 1mg/ml, powder for oral solution, 200 ml",Stavudine,Generic,1mg/ml,Oral solution,200,400,832.0,2.08,0.01,"Aurobindo Unit III, India",False,81.0,0.0,1.63
648,6439,116-ZA-T01,Pre-PQ Process,SCMS-47500,ASN-4332,South Africa,PMO - US,Direct Drop,DDP,Truck,2008-10-02,2009-04-02,2009-05-15,2009-04-23,2009-04-23,ARV,Pediatric,S. BUYS WHOLESALER,"Nevirapine 10mg/ml, oral suspension, Bottle, 240 ml",Nevirapine,Generic,10mg/ml,Oral suspension,240,80,750.4,9.38,0.04,"Aurobindo Unit III, India",False,19.0,0.0,1.47
649,6440,116-ZA-T01,Pre-PQ Process,SCMS-42450,ASN-4772,South Africa,PMO - US,Direct Drop,DDP,Truck,2008-10-02,2009-04-02,2009-05-15,2009-07-17,2009-07-17,ARV,Adult,S. BUYS WHOLESALER,"Stavudine 20mg [Zerit], capsules, 60 Caps",Stavudine,Zerit,20mg,Capsule,60,24,94.8,3.95,0.07,"BMS Meymac, France",True,14.5,0.0,0.19
650,6450,104-CI-T01,Pre-PQ Process,SCMS-42590,ASN-4326,Côte d'Ivoire,PMO - US,Direct Drop,EXW,Air,2008-11-27,2009-05-27,2009-07-14,2009-07-14,2009-07-14,HRDT,HIV test,"Orgenics, Ltd","HIV 1/2, Determine HIV Kit, without Lancets, 100 Tests","HIV 1/2, Determine HIV Kit, without Lancets",Determine,no_dosage,Test kit,100,800,56000.0,70.0,0.7,Inverness Japan,True,182.0,3272.6,109.76
651,6451,110-ZM-T01,Pre-PQ Process,SCMS-42620,ASN-4357,Zambia,PMO - US,Direct Drop,EXW,Air,2008-10-02,2009-04-02,2009-07-10,2009-07-10,2009-07-10,HRDT,HIV test,"Trinity Biotech, Plc","HIV 1/2, Uni-Gold HIV Kit, 20 Tests","HIV 1/2, Uni-Gold HIV Kit",Uni-Gold,no_dosage,Test kit,20,7000,224000.0,32.0,1.6,"Trinity Biotech, Plc",True,2379.0,21686.21,439.04
652,6488,123-NG-T01,Pre-PQ Process,SCMS-43910,ASN-4959,Nigeria,PMO - US,Direct Drop,EXW,Air,2008-10-10,2009-04-10,2009-10-27,2009-10-27,2009-10-27,ACT,ACT,MISSIONPHARMA A/S,"Artemether/Lumefantrine 20/120mg [Coartem], scored tablets, Blister 30 x 18 Tabs",Artemether/Lumefantrine,Coartem,20/120mg,Tablet - FDC + blister,540,2000,70420.0,35.21,0.07,"Novartis Pharma Suffern, USA",True,10.0,14515.44,138.02
653,6517,108-VN-T01,Pre-PQ Process,SCMS-45080,ASN-4420,Vietnam,PMO - US,Direct Drop,EXW,Air,2008-10-29,2009-04-29,2009-07-10,2009-07-10,2009-07-10,ARV,Adult,Aurobindo Pharma Limited,"Stavudine 30mg, capsules, 60 Caps",Stavudine,Generic,30mg,Capsule,60,6048,8769.6,1.45,0.02,"Aurobindo Unit III, India",False,668.5,4400.805,17.19
654,6519,102-BW-T01,Pre-PQ Process,SCMS-45090,ASN-4215,Botswana,PMO - US,Direct Drop,EXW,Air,2008-10-30,2009-04-30,2009-07-10,2009-07-10,2009-07-10,HRDT,HIV test,"Orgenics, Ltd","HIV 1/2, Determine HIV Kit, without Lancets, 100 Tests","HIV 1/2, Determine HIV Kit, without Lancets",Determine,no_dosage,Test kit,100,1200,84000.0,70.0,0.7,Inverness Japan,True,274.0,3321.08,164.64
655,6524,139-NA-T01,Pre-PQ Process,SCMS-45420,ASN-3988,Namibia,PMO - US,Direct Drop,DDP,Air,2008-10-30,2009-04-30,2009-05-15,2009-05-15,2009-05-15,HRDT,HIV test,"Orgenics, Ltd","HIV 1/2, Clearview Complete Kit, 25 Tests","HIV 1/2, Clearview Complete Kit",Clearview,no_dosage,Test kit,25,7,525.0,75.0,3.0,Chembio Diagnostics Sys. Inc.,True,5.0,87.73,1.03
656,6544,108-VN-T01,Pre-PQ Process,SCMS-46490,ASN-4179,Vietnam,PMO - US,Direct Drop,CIP,Air,2008-11-25,2009-05-25,2009-06-22,2009-06-22,2009-06-22,ARV,Pediatric,BRISTOL-MYERS SQUIBB,"Didanosine 25mg [Videx], chewable tablets, 60 Tabs",Didanosine,Videx,25mg,Chewable/dispersible tablet,60,120,840.0,7.0,0.12,"BMS Meymac, France",True,22.0,0.0,1.65
657,6546,108-VN-T01,Pre-PQ Process,SCMS-46550,ASN-4488,Vietnam,PMO - US,Direct Drop,CIP,Air,2008-11-27,2009-05-27,2009-07-28,2009-07-28,2009-07-28,ARV,Pediatric,BRISTOL-MYERS SQUIBB,"Didanosine 25mg [Videx], chewable tablets, 60 Tabs",Didanosine,Videx,25mg,Chewable/dispersible tablet,60,320,2240.0,7.0,0.12,"BMS Meymac, France",False,122.0,4400.805,4.39
658,6561,116-ZA-T01,Pre-PQ Process,SCMS-46970,ASN-4822,South Africa,PMO - US,Direct Drop,DDP,Truck,2008-12-05,2009-06-05,2009-07-28,2009-08-05,2009-08-05,ARV,Pediatric,S. BUYS WHOLESALER,"Lopinavir/Ritonavir 80/20mg/ml [Kaletra], oral solution, cool, Bottle 5 x 60 ml",Lopinavir/Ritonavir,Kaletra,80/20mg/ml,Oral solution,300,50,2099.0,41.98,0.14,ABBVIE (Abbott) Logis. UK,True,35.0,0.0,4.11
659,6563,116-ZA-T01,Pre-PQ Process,SCMS-47051,ASN-4837,South Africa,PMO - US,Direct Drop,DDP,Truck,2008-12-05,2009-06-05,2009-10-12,2009-08-03,2009-08-03,ARV,Pediatric,S. BUYS WHOLESALER,"Efavirenz 200mg, capsule, 90 Caps",Efavirenz,Generic,200mg,Capsule,90,140,3540.6,25.29,0.28,"Aurobindo Unit III, India",False,17.0,0.0,6.94
660,6595,110-ZM-T01,Pre-PQ Process,SCMS-38,ASN-25,Zambia,PMO - US,Direct Drop,FCA,Air,2005-08-28,2006-02-28,2006-08-28,2006-08-28,2006-08-28,HRDT,HIV test,Abbott GmbH & Co. KG,"HIV 1/2, Determine Complete HIV Kit, 100 Tests","HIV 1/2, Determine Complete HIV Kit",Determine,no_dosage,Test kit,100,500,40000.0,80.0,0.8,ABBVIE GmbH & Co.KG Wiesbaden,True,171.0,1187.19,0.0
661,6599,106-HT-T01,Pre-PQ Process,SCMS-76,ASN-76,Haiti,PMO - US,Direct Drop,CIP,Air,2005-09-15,2006-03-15,2006-09-15,2006-09-15,2006-09-15,HRDT,HIV test,PLURIPHARM S.A.,"HIV 1/2, Capillus HIV Kit, 100 Tests","HIV 1/2, Capillus HIV Kit",Capillus,no_dosage,Test kit,100,12,3240.0,270.0,2.7,Not Applicable,True,42.5,0.0,0.0
662,6600,108-VN-T01,Pre-PQ Process,SCMS-78,ASN-51,Vietnam,PMO - US,Direct Drop,EXW,Air,2005-09-01,2006-03-01,2006-09-01,2006-09-01,2006-09-01,ARV,Adult,SUN PHARMACEUTICAL INDUSTRIES LTD (RANBAXY LABORATORIES LIMITED),"Lamivudine 150mg, tablets, 60 Tabs",Lamivudine,Generic,150mg,Tablet,60,2080,8299.2,3.99,0.07,"Ranbaxy, Paonta Shahib, India",True,87.0,10657.19,0.0
663,6601,108-VN-T01,Pre-PQ Process,SCMS-83,ASN-54,Vietnam,PMO - US,Direct Drop,EXW,Air,2005-09-04,2006-03-04,2006-09-04,2006-09-04,2006-09-04,ARV,Adult,CIPLA LIMITED,"Efavirenz 600mg, tablets, 30 Tabs",Efavirenz,Generic,600mg,Tablet,30,19000,323000.0,17.0,0.57,"Cipla, Goa, India",True,1520.0,19044.32,0.0
664,6608,104-CI-T01,Pre-PQ Process,SCMS-108,ASN-70,Côte d'Ivoire,PMO - US,Direct Drop,FCA,Air,2005-10-27,2006-04-27,2006-10-27,2006-10-27,2006-10-27,HRDT,HIV test,Abbott GmbH & Co. KG,"HIV 1/2, Determine Complete HIV Kit, 100 Tests","HIV 1/2, Determine Complete HIV Kit",Determine,no_dosage,Test kit,100,600,48000.0,80.0,0.8,ABBVIE GmbH & Co.KG Wiesbaden,True,205503.0,4110.88,0.0
665,6621,114-UG-T01,Pre-PQ Process,SCMS-157,ASN-127,Uganda,PMO - US,Direct Drop,EXW,Air,2005-12-21,2006-06-21,2006-12-21,2006-12-21,2006-12-21,ARV,Adult,Aurobindo Pharma Limited,"Stavudine 30mg, capsules, 60 Caps",Stavudine,Generic,30mg,Capsule,60,6349,12380.55,1.95,0.03,"Aurobindo Unit III, India",False,362.0,2485.92,0.0
666,6622,114-UG-T01,Pre-PQ Process,SCMS-160,ASN-124,Uganda,PMO - US,Direct Drop,EXW,Air,2006-01-02,2006-07-02,2007-01-02,2007-01-02,2007-01-02,ARV,Adult,STRIDES ARCOLAB LIMITED,"Nevirapine 200mg, tablets, 60 Tabs",Nevirapine,Generic,200mg,Tablet,60,6349,21586.6,3.4,0.06,"Strides, Bangalore, India.",True,355.0,3181.2,0.0
667,6623,110-ZM-T01,Pre-PQ Process,SCMS-162,ASN-115,Zambia,PMO - US,Direct Drop,CIP,Air,2005-12-05,2006-06-05,2006-12-05,2006-12-05,2006-12-05,ARV,Pediatric,INTERNATIONAL HEALTHCARE DISTRIBUTORS,"Lopinavir/Ritonavir 80/20mg/ml [Kaletra], oral solution, cool, Bottle 5 x 60 ml",Lopinavir/Ritonavir,Kaletra,80/20mg/ml,Oral solution,300,70,2877.0,41.1,0.14,ABBVIE (Abbott) Logis. UK,True,57.0,0.0,0.0
668,6624,110-ZM-T01,Pre-PQ Process,SCMS-164,ASN-146,Zambia,PMO - US,Direct Drop,EXW,Air,2006-01-09,2006-07-09,2007-01-09,2007-01-09,2007-01-09,ARV,Adult,"GILEAD SCIENCES IRELAND, INC.","Emtricitabine/Tenofovir Disoproxil Fumarate 200/300mg [Truvada], tablets, 30 Tabs",Emtricitabine/Tenofovir Disoproxil Fumarate,Truvada,300/200mg,Tablet - FDC,30,14851,389838.75,26.25,0.88,Gilead(Nycomed) Oranienburg DE,True,1244.0,6546.69,0.0
669,6625,108-VN-T01,Pre-PQ Process,SCMS-166,ASN-261,Vietnam,PMO - US,Direct Drop,EXW,Air,2006-06-02,2006-12-02,2007-03-16,2007-03-16,2007-03-16,ARV,Adult,"GILEAD SCIENCES IRELAND, INC.","Tenofovir Disoproxil Fumarate 300mg [Viread], tablets, 30 Tabs",Tenofovir Disoproxil Fumarate,Viread,300mg,Tablet,30,1900,32300.0,17.0,0.57,Gilead(Nycomed) Oranienburg DE,True,116.0,14571.5,0.0
670,6626,108-VN-T01,Pre-PQ Process,SCMS-168,ASN-276,Vietnam,PMO - US,Direct Drop,EXW,Air,2006-05-14,2006-11-14,2007-03-14,2007-03-14,2007-03-14,ARV,Pediatric,Aurobindo Pharma Limited,"Stavudine 1mg/ml, powder for oral solution, 200 ml",Stavudine,Generic,1mg/ml,Oral solution,200,1000,1450.0,1.45,0.01,"Aurobindo Unit III, India",False,132.0,4400.805,0.0
671,6627,108-VN-T01,Pre-PQ Process,SCMS-170,ASN-273,Vietnam,PMO - US,Direct Drop,EXW,Air,2006-05-15,2006-11-15,2007-03-14,2007-03-14,2007-03-14,ARV,Adult,STRIDES ARCOLAB LIMITED,"Nevirapine 200mg, tablets, 60 Tabs",Nevirapine,Generic,200mg,Tablet,60,83000,282200.0,3.4,0.06,"Strides, Bangalore, India.",False,10998.0,4400.805,0.0
672,6642,110-ZM-T01,Pre-PQ Process,SCMS-223,ASN-283,Zambia,PMO - US,Direct Drop,CIP,Air,2006-06-05,2006-12-05,2007-03-08,2007-03-08,2007-03-08,ARV,Pediatric,INTERNATIONAL HEALTHCARE DISTRIBUTORS,"Lopinavir/Ritonavir 80/20mg/ml [Kaletra], oral solution, cool, Bottle 5 x 60 ml",Lopinavir/Ritonavir,Kaletra,80/20mg/ml,Oral solution,300,70,2877.0,41.1,0.14,ABBVIE (Abbott) Logis. UK,True,58.0,0.0,0.0
673,6647,107-RW-T01,Pre-PQ Process,SCMS-289,ASN-192,Rwanda,PMO - US,Direct Drop,EXW,Air,2006-06-29,2006-12-29,2007-01-25,2007-01-25,2007-01-25,HRDT,HIV test,"Trinity Biotech, Plc","HIV 1/2, Capillus HIV Kit, 100 Tests","HIV 1/2, Capillus HIV Kit",Capillus,no_dosage,Test kit,100,60,10500.0,175.0,1.75,"Trinity Biotech, Plc",True,39.0,859.37,0.0
674,6670,111-MZ-T01,Pre-PQ Process,SCMS-608,ASN-688,Mozambique,PMO - US,Direct Drop,CIP,Air,2006-11-07,2007-05-07,2007-09-06,2007-09-06,2007-09-06,ARV,Adult,INTERNATIONAL HEALTHCARE DISTRIBUTORS,"Didanosine EC 250mg [Videx EC], delayed-release capsules, Blister 3 x 10 Caps",Didanosine EC,Videx EC,250mg,Delayed-release capsules - blister,30,44,859.65,19.54,0.65,"BMS Meymac, France",True,116.0,0.0,1.38
675,6671,104-CI-T01,Pre-PQ Process,SCMS-609,ASN-704,Côte d'Ivoire,PMO - US,Direct Drop,CIP,Air,2006-11-30,2007-05-30,2007-09-21,2007-09-21,2007-09-21,ARV,Pediatric,BRISTOL-MYERS SQUIBB,"#102198**Didanosine 200mg [Videx], tablets, 60 Tabs",Didanosine,Videx,200mg,Tablet,60,5721,145885.5,25.5,0.42,"BMS Meymac, France",True,1232.0,0.0,233.42
676,6691,108-VN-T01,Pre-PQ Process,SCMS-750,ASN-804,Vietnam,PMO - US,Direct Drop,EXW,Air,2007-01-03,2007-07-03,2007-10-24,2007-10-24,2007-10-24,ARV,Adult,SUN PHARMACEUTICAL INDUSTRIES LTD (RANBAXY LABORATORIES LIMITED),"Zidovudine 300mg, tablets, 60 Tabs",Zidovudine,Generic,300mg,Tablet,60,100,894.0,8.94,0.15,"Ranbaxy, Paonta Shahib, India",True,6.0,2794.34,1.43
677,6692,108-VN-T01,Pre-PQ Process,SCMS-751,ASN-633,Vietnam,PMO - US,Direct Drop,FCA,Air,2007-01-03,2007-07-03,2007-09-10,2007-09-10,2007-09-10,ARV,Adult,ABBVIE LOGISTICS (FORMERLY ABBOTT LOGISTICS BV),"Lopinavir/Ritonavir 200/50mg [Aluvia], tablets, 120 Tabs",Lopinavir/Ritonavir,Aluvia,200/50mg,Tablet,120,1000,82190.0,82.19,0.68,ABBVIE Ludwigshafen Germany,True,226.0,5294.51,131.5
678,6693,102-GY-T01,Pre-PQ Process,SCMS-766,ASN-588,Guyana,PMO - US,Direct Drop,EXW,Air,2007-01-06,2007-07-06,2007-08-08,2007-08-08,2007-08-08,HRDT,HIV test,"CHEMBIO DIAGNOSTIC SYSTEMS, INC.","HIV 1/2, Stat-Pak HIV, Kit, 20 Tests","HIV 1/2, Stat-Pak HIV, Kit",Stat-Pak,no_dosage,Test kit,20,50,1350.0,27.0,1.35,Chembio Diagnostics Sys. Inc.,True,13.0,581.1,2.16
679,6705,107-RW-T01,Pre-PQ Process,SCMS-800,ASN-719,Rwanda,PMO - US,Direct Drop,CIP,Air,2007-01-17,2007-07-17,2007-09-14,2007-09-14,2007-09-14,ARV,Pediatric,BRISTOL-MYERS SQUIBB,"Didanosine 50mg [Videx], chewable tablets, 60 Tabs",Didanosine,Videx,50mg,Chewable/dispersible tablet,60,182,1729.0,9.5,0.16,"BMS Meymac, France",True,40.0,86.4,2.77
680,6724,108-VN-T01,Pre-PQ Process,SCMS-10970,ASN-1017,Vietnam,PMO - US,Direct Drop,EXW,Air,2007-01-03,2007-07-03,2007-12-19,2007-12-19,2007-12-19,ARV,Pediatric,Aurobindo Pharma Limited,"Didanosine 100mg, chewable/dispersible tablets, 60 Tabs",Didanosine,Generic,100mg,Chewable/dispersible tablet,60,1200,9300.0,7.75,0.13,"Aurobindo Unit III, India",True,249.0,3719.91,14.88
681,6745,102-GY-T01,Pre-PQ Process,SCMS-11650,ASN-763,Guyana,PMO - US,Direct Drop,EXW,Air,2007-02-28,2007-08-28,2007-09-21,2007-10-08,2007-10-08,HRDT,HIV test,"Orgenics, Ltd","HIV 1/2, Determine HIV Kit, without Lancets, 100 Tests","HIV 1/2, Determine HIV Kit, without Lancets",Determine,no_dosage,Test kit,100,442,31819.58,71.99,0.72,Inverness Japan,True,100.0,1928.93,50.91
682,6746,102-NG-T01,Pre-PQ Process,SCMS-11760,ASN-858,Nigeria,PMO - US,Direct Drop,EXW,Air,2007-02-27,2007-08-27,2007-11-07,2007-11-07,2007-11-07,HRDT,HIV test,"CHEMBIO DIAGNOSTIC SYSTEMS, INC.","HIV 1/2, Stat-Pak HIV, Kit, 20 Tests","HIV 1/2, Stat-Pak HIV, Kit",Stat-Pak,no_dosage,Test kit,20,10000,270000.0,27.0,1.35,Chembio Diagnostics Sys. Inc.,True,3265.0,6197.0,432.0
683,6753,102-NG-T01,Pre-PQ Process,SCMS-12240,ASN-707,Nigeria,PMO - US,Direct Drop,CIP,Air Charter,2006-09-07,2007-03-07,2007-09-07,2007-05-07,2007-05-07,HRDT,HIV test,ACCOUN NIGERIA LIMITED,"HIV 1/2, Determine Complete HIV Kit, 100 Tests","HIV 1/2, Determine Complete HIV Kit",Determine,no_dosage,Test kit,100,500,40000.0,80.0,0.8,ABBVIE GmbH & Co.KG Wiesbaden,True,170.0,0.0,64.0
684,6768,102-GY-T01,Pre-PQ Process,SCMS-12680,ASN-968,Guyana,PMO - US,Direct Drop,CIF,Air,2007-04-02,2007-10-02,2007-11-07,2007-11-07,2007-11-07,MRDT,Malaria,ZEPHYR BIOMEDICALS,"Malaria Paramax-3 Kit, 25 Tests",Malaria Paramax-3 Kit,Paramax,no_dosage,Test kit,25,390,14625.0,37.5,1.5,Not Applicable,True,145.0,186.25,23.4
685,6837,107-RW-T01,Pre-PQ Process,SCMS-13900,ASN-990,Rwanda,PMO - US,Direct Drop,EXW,Air,2007-05-12,2007-11-12,2008-01-28,2008-01-28,2008-01-28,ARV,Adult,ASPEN PHARMACARE,"Tenofovir Disoproxil Fumarate 300mg [Viread], tablets, 30 Tabs",Tenofovir Disoproxil Fumarate,Viread,300mg,Tablet,30,84,0.84,0.01,0.0,"Aspen-OSD, Port Elizabeth, SA",False,6.0,5865.805,0.0
686,6845,116-ZA-T01,Pre-PQ Process,SCMS-14050,ASN-1251,South Africa,PMO - US,Direct Drop,DDP,Truck,2007-05-12,2007-11-12,2008-01-29,2008-01-29,2008-01-29,ARV,Adult,"JSI R&T INSTITUTE, INC.","Stavudine 20mg [Zerit], capsules, 60 Caps",Stavudine,Zerit,20mg,Capsule,60,30,179.7,5.99,0.1,"BMS Meymac, France",False,55.0,0.0,0.29
687,6846,116-ZA-T01,Pre-PQ Process,SCMS-14050,ASN-1251,South Africa,PMO - US,Direct Drop,DDP,Truck,2007-05-12,2007-11-12,2008-01-29,2008-01-29,2008-01-29,ARV,Adult,"JSI R&T INSTITUTE, INC.","Nevirapine 200mg [Viramune], tablets, 60 Tabs",Nevirapine,Viramune,200mg,Tablet,60,300,7272.0,24.24,0.4,"BI, Ingelheim, Germany",False,42.0,0.0,11.64
688,6848,107-RW-T01,Pre-PQ Process,SCMS-14221,ASN-1594,Rwanda,PMO - US,Direct Drop,CIP,Air,2007-05-21,2007-11-21,2008-04-28,2008-04-22,2008-04-22,ARV,Adult,CIPLA LIMITED,"Lamivudine/Nevirapine/Stavudine 150/200/30mg, tablets, 60 Tabs",Lamivudine/Nevirapine/Stavudine,Generic,150/200/30mg,Tablet - FDC,60,34576,242032.0,7.0,0.12,"Cipla, Goa, India",True,3656.0,10500.0,387.25
689,6849,107-RW-T01,Pre-PQ Process,SCMS-14221,ASN-1596,Rwanda,PMO - US,Direct Drop,CIP,Air,2007-05-21,2007-11-21,2008-04-28,2008-04-28,2008-04-28,ARV,Adult,CIPLA LIMITED,"Lamivudine/Nevirapine/Stavudine 150/200/30mg, tablets, 60 Tabs",Lamivudine/Nevirapine/Stavudine,Generic,150/200/30mg,Tablet - FDC,60,16640,116480.0,7.0,0.12,"Cipla, Goa, India",True,1766.0,10500.0,186.37
690,6881,106-HT-T01,Pre-PQ Process,SCMS-15500,ASN-1153,Haiti,PMO - US,Direct Drop,EXW,Air,2007-01-22,2007-07-22,2008-01-22,2008-01-22,2008-01-22,HRDT,HIV test,Orasure Technologies Inc.,"HIV 1/2, OraQuick Advance HIV Rapid Antibody Kit, 100 Tests","HIV 1/2, OraQuick Advance HIV Rapid Antibody Kit",OraQuick,no_dosage,Test kit,100,25,8750.0,350.0,3.5,"Pacific Biotech, Thailand",True,60.0,1521.11,14.0
691,6896,117-ET-T01,Pre-PQ Process,SCMS-16220,ASN-1329,Ethiopia,PMO - US,Direct Drop,EXW,Air,2007-07-03,2008-01-03,2008-03-04,2008-03-04,2008-03-04,ARV,Adult,ASPEN PHARMACARE,"Tenofovir Disoproxil Fumarate 300mg [Viread], tablets, 30 Tabs",Tenofovir Disoproxil Fumarate,Viread,300mg,Tablet,30,14820,251940.0,17.0,0.57,"Aspen-OSD, Port Elizabeth, SA",True,1233.0,5137.76,403.1
692,6913,116-ZA-T01,Pre-PQ Process,SCMS-16600,ASN-1520,South Africa,PMO - US,Direct Drop,DDP,Truck,2007-07-04,2008-01-04,2008-01-21,2008-01-04,2008-01-04,ARV,Pediatric,"JSI R&T INSTITUTE, INC.","Ritonavir 80mg/ml [Norvir], oral solution, cool, Bottle, 90 ml",Ritonavir,Norvir,80mg/ml,Oral solution,90,3,27.69,9.23,0.1,ABBVIE (Abbott) France,False,1.0,0.0,0.04
693,6914,116-ZA-T01,Pre-PQ Process,SCMS-16600,ASN-1520,South Africa,PMO - US,Direct Drop,DDP,Truck,2007-07-04,2008-01-04,2008-01-21,2008-01-04,2008-01-04,ARV,Pediatric,"JSI R&T INSTITUTE, INC.","Lopinavir/Ritonavir 80/20mg/ml [Kaletra], oral solution, cool, Bottle 5 x 60 ml",Lopinavir/Ritonavir,Kaletra,80/20mg/ml,Oral solution,300,30,1384.5,46.15,0.15,ABBVIE (Abbott) Logis. UK,False,55.0,0.0,2.22
694,6915,116-ZA-T01,Pre-PQ Process,SCMS-16600,ASN-1520,South Africa,PMO - US,Direct Drop,DDP,Truck,2007-07-04,2008-01-04,2008-01-21,2008-01-04,2008-01-04,ARV,Adult,"JSI R&T INSTITUTE, INC.","Lamivudine 150mg [Epivir], tablets, 60 Tabs",Lamivudine,Epivir,150mg,Tablet,60,2500,14525.0,5.81,0.1,GSK Cape Town Factory (South Africa),False,284.0,0.0,23.24
695,6931,109-TZ-T01,Pre-PQ Process,SCMS-16760,ASN-1697,Tanzania,PMO - US,Direct Drop,CIP,Air,2007-07-24,2008-01-24,2008-05-08,2008-05-08,2008-05-08,ARV,Pediatric,GLAXOSMITHKLINE EXPORT LIMITED,"Abacavir 20mg/ml [Ziagen], oral solution, Bottle, 240 ml",Abacavir,Ziagen,20mg/ml,Oral solution,240,132,3300.0,25.0,0.1,GSK Mississauga (Canada),True,17.5,0.0,5.28
696,6932,102-NG-T01,Pre-PQ Process,SCMS-16880,ASN-1354,Nigeria,PMO - US,Direct Drop,EXW,Air,2007-07-07,2008-01-07,2008-04-21,2008-02-29,2008-02-29,HRDT,HIV test,"CHEMBIO DIAGNOSTIC SYSTEMS, INC.","HIV 1/2, Stat-Pak HIV, Kit, 20 Tests","HIV 1/2, Stat-Pak HIV, Kit",Stat-Pak,no_dosage,Test kit,20,9380,253260.0,27.0,1.35,Chembio Diagnostics Sys. Inc.,True,3058.0,18750.2,405.22
697,6933,102-NG-T01,Pre-PQ Process,SCMS-16880,ASN-1462,Nigeria,PMO - US,Direct Drop,EXW,Air,2007-07-07,2008-01-07,2008-04-21,2008-03-27,2008-03-27,HRDT,HIV test,"CHEMBIO DIAGNOSTIC SYSTEMS, INC.","HIV 1/2, Stat-Pak HIV, Kit, 20 Tests","HIV 1/2, Stat-Pak HIV, Kit",Stat-Pak,no_dosage,Test kit,20,8153,220131.0,27.0,1.35,Chembio Diagnostics Sys. Inc.,True,2707.0,13535.55,352.21
698,6962,111-MZ-T01,Pre-PQ Process,SCMS-18060,ASN-1650,Mozambique,PMO - US,Direct Drop,EXW,Air,2007-08-25,2008-02-25,2008-06-13,2008-05-27,2008-05-27,HRDT,HIV test,"Orgenics, Ltd","HIV 1/2, Determine HIV Kit, without Lancets, 100 Tests","HIV 1/2, Determine HIV Kit, without Lancets",Determine,no_dosage,Test kit,100,4200,302358.0,71.99,0.72,Inverness Japan,True,965.0,7781.88,483.77
699,6972,102-LS-T01,Pre-PQ Process,SCMS-18360,ASN-1430,Lesotho,PMO - US,Direct Drop,DDP,Air,2007-08-27,2008-02-27,2008-03-12,2008-03-12,2008-03-12,HRDT,HIV test,Orasure Technologies Inc.,"HIV 1/2, OraQuick Advance HIV Rapid Antibody Kit, 100 Tests","HIV 1/2, OraQuick Advance HIV Rapid Antibody Kit",OraQuick,no_dosage,Test kit,100,7,2450.0,350.0,3.5,"Pacific Biotech, Thailand",True,5.0,0.0,3.92
700,6988,123-NG-T01,Pre-PQ Process,SCMS-18740,ASN-1552,Nigeria,PMO - US,Direct Drop,EXW,Air,2007-09-11,2008-03-11,2008-05-08,2008-05-08,2008-05-08,HRDT,HIV test,"Orgenics, Ltd","HIV 1/2, Determine HIV Kit, without Lancets, 100 Tests","HIV 1/2, Determine HIV Kit, without Lancets",Determine,no_dosage,Test kit,100,285,22797.15,79.99,0.8,Inverness Japan,True,64.0,1629.0,36.48
701,6994,119-NA-T01,Pre-PQ Process,SCMS-18890,ASN-1487,Namibia,PMO - US,Direct Drop,EXW,Air,2007-09-14,2008-03-14,2008-04-02,2008-04-02,2008-04-02,HRDT,HIV test,"Orgenics, Ltd","HIV 1/2, Clearview Complete Kit, 25 Tests","HIV 1/2, Clearview Complete Kit",Clearview,no_dosage,Test kit,25,271,20325.0,75.0,3.0,Inverness USA,True,260.0,1496.76,32.52
702,7007,108-VN-T01,Pre-PQ Process,SCMS-19630,ASN-1718,Vietnam,PMO - US,Direct Drop,DDU,Truck,2007-09-21,2008-03-21,2008-05-12,2008-04-16,2008-04-16,ARV,Adult,CENTRAL PHARMACEUTICAL COMPANY NO. 1,"Tenofovir Disoproxil Fumarate 300mg [Viread], tablets, 30 Tabs",Tenofovir Disoproxil Fumarate,Viread,300mg,Tablet,30,1968,40717.92,20.69,0.69,Gilead(Nycomed) Oranienburg DE,True,668.5,1401.49,65.15
703,7008,116-ZA-T01,Pre-PQ Process,SCMS-19800,ASN-1665,South Africa,PMO - US,Direct Drop,DDP,Truck,2007-08-20,2008-02-20,2008-04-24,2008-04-24,2008-04-24,ARV,Pediatric,S. BUYS WHOLESALER,"Lopinavir/Ritonavir 80/20mg/ml [Kaletra], oral solution, cool, Bottle 5 x 60 ml",Lopinavir/Ritonavir,Kaletra,80/20mg/ml,Oral solution,300,10,394.0,39.4,0.13,ABBVIE (Abbott) Logis. UK,False,38.0,0.0,0.63
704,7009,116-ZA-T01,Pre-PQ Process,SCMS-19800,ASN-1665,South Africa,PMO - US,Direct Drop,DDP,Truck,2007-08-20,2008-02-20,2008-04-24,2008-04-24,2008-04-24,ARV,Pediatric,S. BUYS WHOLESALER,"Zidovudine 10mg/ml [Retrovir], oral solution, Bottle, 200 ml",Zidovudine,Retrovir,10mg/ml,Oral solution,200,100,676.0,6.76,0.03,GSK Mississauga (Canada),False,36.0,0.0,1.08
705,7030,108-VN-T01,Pre-PQ Process,SCMS-20330,ASN-1984,Vietnam,PMO - US,Direct Drop,CIP,Air,2007-09-30,2008-03-31,2008-07-17,2008-07-17,2008-07-17,ARV,Pediatric,BRISTOL-MYERS SQUIBB,"Didanosine 25mg [Videx], chewable tablets, 60 Tabs",Didanosine,Videx,25mg,Chewable/dispersible tablet,60,400,2800.0,7.0,0.12,"BMS Meymac, France",True,82.0,2211.05,4.48
706,7032,108-VN-T01,Pre-PQ Process,SCMS-20490,ASN-1795,Vietnam,PMO - US,Direct Drop,EXW,Air,2007-09-30,2008-03-31,2008-06-02,2008-06-02,2008-06-02,ARV,Pediatric,Aurobindo Pharma Limited,"Zidovudine 100mg, capsules, 100 Caps",Zidovudine,Generic,100mg,Capsule,100,630,3458.7,5.49,0.05,"Aurobindo Unit III, India",True,48.0,2729.91,5.53
707,7055,116-ZA-T01,Pre-PQ Process,SCMS-21460,ASN-1667,South Africa,PMO - US,Direct Drop,DDP,Truck,2007-10-04,2008-04-04,2008-04-25,2008-04-07,2008-04-07,ARV,Pediatric,S. BUYS WHOLESALER,"Didanosine 100mg [Videx],chewable tablets, 60 Tabs",Didanosine,Videx,100mg,Chewable/dispersible tablet,60,6,81.66,13.61,0.23,"BMS Meymac, France",False,9.0,0.0,0.13
708,7056,116-ZA-T01,Pre-PQ Process,SCMS-21460,ASN-1666,South Africa,PMO - US,Direct Drop,DDP,Truck,2007-10-04,2008-04-04,2008-04-25,2008-04-08,2008-04-08,ARV,Adult,S. BUYS WHOLESALER,"Lopinavir/Ritonavir 133.3/33.3mg [Kaletra], capsules, cool, 2 x 90 Caps",Lopinavir/Ritonavir,Kaletra,133.3/33.3mg,Capsule,180,400,14352.0,35.88,0.2,ABBVIE (Abbott) Logis. UK,True,81.0,0.0,22.96
709,7091,102-BW-T01,Pre-PQ Process,SCMS-22680,ASN-1832,Botswana,PMO - US,Direct Drop,EXW,Air,2007-10-28,2008-04-28,2008-07-03,2008-07-03,2008-07-03,HRDT,HIV test,"Trinity Biotech, Plc","HIV 1/2, Uni-Gold HIV Kit, 20 Tests","HIV 1/2, Uni-Gold HIV Kit",Uni-Gold,no_dosage,Test kit,20,500,16000.0,32.0,1.6,"Trinity Biotech, Plc",True,500.0,2442.32,25.6
710,7093,102-BW-T01,Pre-PQ Process,SCMS-22710,ASN-1833,Botswana,PMO - US,Direct Drop,EXW,Air,2007-10-28,2008-04-28,2008-07-03,2008-07-03,2008-07-03,HRDT,HIV test,"Trinity Biotech, Plc","HIV 1/2, Uni-Gold HIV Kit, 20 Tests","HIV 1/2, Uni-Gold HIV Kit",Uni-Gold,no_dosage,Test kit,20,500,16000.0,32.0,1.6,"Trinity Biotech, Plc",True,500.0,2442.32,25.6
711,7120,108-VN-T01,Pre-PQ Process,SCMS-23440,ASN-2335,Vietnam,PMO - US,Direct Drop,EXW,Air,2007-11-13,2008-05-13,2008-09-20,2008-09-20,2008-09-20,ARV,Adult,MYLAN LABORATORIES LTD (FORMERLY MATRIX LABORATORIES),"Tenofovir Disoproxil Fumarate 300mg, tablets, 30 Tabs",Tenofovir Disoproxil Fumarate,Generic,300mg,Tablet,30,672,9179.52,13.66,0.46,Mylan (formerly Matrix) Nashik,False,55.0,4400.805,14.69
712,7121,108-VN-T01,Pre-PQ Process,SCMS-23450,ASN-2336,Vietnam,PMO - US,Direct Drop,EXW,Air,2007-11-14,2008-05-14,2008-09-19,2008-09-19,2008-09-19,ARV,Adult,MYLAN LABORATORIES LTD (FORMERLY MATRIX LABORATORIES),"Zidovudine 300mg, tablets, 60 Tabs",Zidovudine,Generic,300mg,Tablet,60,648,4860.0,7.5,0.12,Mylan (formerly Matrix) Nashik,False,88.5,4400.805,7.78
713,7122,108-VN-T01,Pre-PQ Process,SCMS-23460,ASN-2243,Vietnam,PMO - US,Direct Drop,EXW,Air,2007-11-13,2008-05-13,2008-08-11,2008-08-11,2008-08-11,ARV,Adult,STRIDES ARCOLAB LIMITED,"Stavudine 30mg, capsules, 60 Caps",Stavudine,Generic,30mg,Capsule,60,9275,13448.75,1.45,0.02,"Strides, Bangalore, India.",True,432.0,7444.35,21.52
714,7125,116-ZA-T01,Pre-PQ Process,SCMS-23500,ASN-2293,South Africa,PMO - US,Direct Drop,DDP,Truck,2007-08-20,2008-02-20,2008-08-20,2008-05-08,2008-05-08,ARV,Pediatric,S. BUYS WHOLESALER,"Lopinavir/Ritonavir 80/20mg/ml [Kaletra], oral solution, cool, Bottle 5 x 60 ml",Lopinavir/Ritonavir,Kaletra,80/20mg/ml,Oral solution,300,40,1479.6,36.99,0.12,ABBVIE (Abbott) Logis. UK,False,56.5,0.0,2.37
715,7126,116-ZA-T01,Pre-PQ Process,SCMS-23500,ASN-2484,South Africa,PMO - US,Direct Drop,DDP,Truck,2007-08-20,2008-02-20,2008-08-20,2008-08-14,2008-08-14,ARV,Adult,S. BUYS WHOLESALER,"Emtricitabine/Tenofovir Disoproxil Fumarate 200/300mg [Truvada], tablets, 30 Tabs",Emtricitabine/Tenofovir Disoproxil Fumarate,Truvada,300/200mg,Tablet - FDC,30,150,5737.5,38.25,1.27,Gilead(Nycomed) Oranienburg DE,True,53.5,0.0,9.18
716,7127,116-ZA-T01,Pre-PQ Process,SCMS-23500,ASN-2293,South Africa,PMO - US,Direct Drop,DDP,Truck,2007-08-20,2008-02-20,2008-08-20,2008-05-08,2008-05-08,ARV,Adult,S. BUYS WHOLESALER,"Efavirenz 600mg, tablets, 30 Tabs",Efavirenz,Generic,600mg,Tablet,30,1500,23790.0,15.86,0.53,"Cipla, Goa, India",False,575.0,0.0,38.06
717,7128,116-ZA-T01,Pre-PQ Process,SCMS-23500,ASN-2300,South Africa,PMO - US,Direct Drop,DDP,Truck,2007-08-20,2008-02-20,2008-08-20,2008-05-14,2008-05-14,ARV,Pediatric,S. BUYS WHOLESALER,"Lamivudine 10mg/ml [Epivir], oral solution, Bottle, 240 ml",Lamivudine,Epivir,10mg/ml,Oral solution,240,470,2942.2,6.26,0.03,GSK Mississauga (Canada),False,31.0,0.0,4.71
718,7129,116-ZA-T01,Pre-PQ Process,SCMS-23500,ASN-2299,South Africa,PMO - US,Direct Drop,DDP,Truck,2007-08-20,2008-02-20,2008-08-20,2008-05-14,2008-05-14,ARV,Pediatric,S. BUYS WHOLESALER,"Zidovudine 10mg/ml [Retrovir], oral solution, Bottle, 200 ml",Zidovudine,Retrovir,10mg/ml,Oral solution,200,140,960.4,6.86,0.03,GSK Mississauga (Canada),True,17.0,0.0,1.54
719,7172,130-NG-T01,Pre-PQ Process,SCMS-24590,ASN-2024,Nigeria,PMO - US,Direct Drop,EXW,Air,2007-12-02,2008-06-02,2008-07-31,2008-07-31,2008-07-31,ANTM,Malaria,IDA FOUNDATION,"Sulfadoxine/Pyrimethamine 500/25mg, tablets, 1000 Tabs",Sulfadoxine/Pyrimethamine,Generic,500/25mg,Tablet - FDC,1000,20,527.0,26.35,0.03,"Micro Labs Ltd. (Brown & Burk), India",True,1920.0,20134.43,0.84
720,7176,107-RW-T01,Pre-PQ Process,SCMS-25080,ASN-2396,Rwanda,PMO - US,Direct Drop,EXW,Air,2007-12-12,2008-06-12,2008-10-18,2008-10-18,2008-10-18,HRDT,HIV test,"Trinity Biotech, Plc","HIV 1/2, Uni-Gold HIV Kit, 20 Tests","HIV 1/2, Uni-Gold HIV Kit",Uni-Gold,no_dosage,Test kit,20,3400,108800.0,32.0,1.6,"Trinity Biotech, Plc",True,1131.0,22370.64,174.08
721,7183,107-RW-T01,Pre-PQ Process,SCMS-25210,ASN-1966,Rwanda,PMO - US,Direct Drop,EXW,Air,2007-12-12,2008-06-12,2008-07-04,2008-07-04,2008-07-04,HRDT,HIV test,Premier Medical Corporation Ltd.,"HIV 1/2/O, First Response HIV 1-2.0, v.3.0 Cards Kit, 30 Tests","HIV 1/2/O, First Response HIV 1-2.0, v.3.0 Cards Kit",First Response,no_dosage,Test kit,30,6180,101970.0,16.5,0.55,Premier Med. Corp Ltd. India,True,2130.0,17331.66,163.15
722,7184,113-ZW-T01,Pre-PQ Process,SCMS-25310,ASN-2632,Zimbabwe,PMO - US,Direct Drop,EXW,Air,2007-12-12,2008-06-12,2008-11-17,2008-11-17,2008-11-17,HRDT,HIV test,"Standard Diagnostics, Inc.","HIV 1/2, Bioline 3.0 Kit, Lancets, Capillary pipets, Alcohol swabs included, 25 Tests","HIV 1/2, Bioline 3.0 Kit, Lancets, Capillary pipets, Alcohol swabs included",Bioline,no_dosage,Test kit,25,7864,157280.0,20.0,0.8,"Standard Diagnostics, Korea",True,2450.0,18087.86,308.27
723,7201,107-RW-T01,Pre-PQ Process,SCMS-25530,ASN-2068,Rwanda,PMO - US,Direct Drop,CIP,Air,2007-12-13,2008-06-13,2008-07-22,2008-07-22,2008-07-22,ARV,Adult,Aurobindo Pharma Limited,"Lamivudine/Zidovudine 150/300mg, tablets, 60 Tabs",Lamivudine/Zidovudine,Generic,150/300mg,Tablet - FDC,60,45168,414642.24,9.18,0.15,"Aurobindo Unit III, India",True,3953.0,23071.26,663.43
724,7202,116-ZA-T01,Pre-PQ Process,SCMS-25550,ASN-2294,South Africa,PMO - US,Direct Drop,DDP,Truck,2007-06-17,2007-12-17,2008-06-17,2008-06-17,2008-06-17,ARV,Adult,S. BUYS WHOLESALER,"Emtricitabine/Tenofovir Disoproxil Fumarate 200/300mg [Truvada], tablets, 30 Tabs",Emtricitabine/Tenofovir Disoproxil Fumarate,Truvada,300/200mg,Tablet - FDC,30,60,2368.2,39.47,1.32,"Aspen-OSD, Port Elizabeth, SA",True,108.0,0.0,3.79
725,7218,108-VN-T01,Pre-PQ Process,SCMS-26180,ASN-2274,Vietnam,PMO - US,Direct Drop,EXW,Air,2008-01-01,2008-07-01,2008-09-19,2008-09-19,2008-09-19,ARV,Adult,Aurobindo Pharma Limited,"Nevirapine 200mg, tablets, 60 Tabs",Nevirapine,Generic,200mg,Tablet,60,4200,12180.0,2.9,0.05,"Aurobindo Unit III, India",False,275.0,4400.805,19.49
726,7244,116-ZA-T01,Pre-PQ Process,SCMS-26820,ASN-2488,South Africa,PMO - US,Direct Drop,DDP,Truck,2007-07-10,2008-01-10,2008-07-10,2008-07-08,2008-07-08,ARV,Adult,S. BUYS WHOLESALER,"Nevirapine 200mg, tablets, 60 Tabs",Nevirapine,Generic,200mg,Tablet,60,120,2428.8,20.24,0.34,"Cipla, Goa, India",False,22.0,0.0,3.89
727,7259,102-GY-T01,Pre-PQ Process,SCMS-27030,ASN-2639,Guyana,PMO - US,Direct Drop,EXW,Air,2008-02-21,2008-08-21,2008-10-29,2008-10-13,2008-10-13,HRDT,HIV test - Ancillary,"Orgenics, Ltd","HIV, Lancet, Safety, for HIV Test kits, 100 Pcs","HIV, Lancet, Safety, for HIV Test kits, 100 Pcs",Generic,no_dosage,Test kit - Ancillary,100,213,2.13,0.01,0.0,Inverness Japan,True,14.0,180.0,0.0
728,7260,133-NG-T01,Pre-PQ Process,SCMS-27070,ASN-2353,Nigeria,PMO - US,Direct Drop,EXW,Air,2008-02-21,2008-08-21,2008-09-12,2008-09-03,2008-09-03,HRDT,HIV test - Ancillary,"Orgenics, Ltd","HIV, Lancet, Safety, for HIV Test kits, 100 Pcs","HIV, Lancet, Safety, for HIV Test kits, 100 Pcs",Generic,no_dosage,Test kit - Ancillary,100,6875,68.75,0.01,0.0,Inverness Japan,True,1566.0,10144.765,0.11
729,7276,117-ET-T01,Pre-PQ Process,SCMS-27810,ASN-2591,Ethiopia,PMO - US,Direct Drop,EXW,Air,2008-01-31,2008-07-31,2008-10-06,2008-10-06,2008-10-06,HRDT,HIV test,"Trinity Biotech, Plc","HIV 1/2, Uni-Gold HIV Kit, 20 Tests","HIV 1/2, Uni-Gold HIV Kit",Uni-Gold,no_dosage,Test kit,20,4200,134400.0,32.0,1.6,"Trinity Biotech, Plc",True,1413.0,18180.65,215.04
730,7321,111-MZ-T01,Pre-PQ Process,SCMS-28730,ASN-2658,Mozambique,PMO - US,Direct Drop,EXW,Air,2008-02-26,2008-08-26,2008-11-01,2008-11-01,2008-11-01,HRDT,HIV test,"Orgenics, Ltd","HIV 1/2, Determine HIV Kit, without Lancets, 100 Tests","HIV 1/2, Determine HIV Kit, without Lancets",Determine,no_dosage,Test kit,100,7690,553603.1,71.99,0.72,Inverness Japan,False,2278.0,3247.5699999999997,1085.06
731,7325,116-ZA-T01,Pre-PQ Process,SCMS-28830,ASN-2502,South Africa,PMO - US,Direct Drop,DDP,Truck,2007-08-25,2008-02-25,2008-08-25,2008-08-18,2008-08-18,ARV,Adult,S. BUYS WHOLESALER,"Nevirapine 200mg, tablets, 60 Tabs",Nevirapine,Generic,200mg,Tablet,60,240,4860.0,20.25,0.34,"Cipla, Goa, India",False,25.0,0.0,7.78
732,7326,116-ZA-T01,Pre-PQ Process,SCMS-28830,ASN-2503,South Africa,PMO - US,Direct Drop,DDP,Truck,2007-08-25,2008-02-25,2008-08-25,2008-08-14,2008-08-14,ARV,Pediatric,S. BUYS WHOLESALER,"Stavudine 1mg/ml [Zerit], powder for oral solution, Bottle, 200 ml",Stavudine,Zerit,1mg/ml,Powder for oral solution,200,120,176.4,1.47,0.01,"BMS Meymac, France",False,22.0,0.0,0.28
733,7327,116-ZA-T01,Pre-PQ Process,SCMS-28830,ASN-2503,South Africa,PMO - US,Direct Drop,DDP,Truck,2007-08-25,2008-02-25,2008-08-25,2008-08-14,2008-08-14,ARV,Adult,S. BUYS WHOLESALER,"Lamivudine 150mg [Epivir], tablets, 60 Tabs",Lamivudine,Epivir,150mg,Tablet,60,1500,7965.0,5.31,0.09,GSK Cape Town Factory (South Africa),False,575.0,0.0,12.74
734,7338,104-CI-T01,Pre-PQ Process,SCMS-29330,ASN-2923,Côte d'Ivoire,PMO - US,Direct Drop,EXW,Air,2008-03-03,2008-09-03,2009-01-23,2009-01-23,2009-01-23,ACT,ACT,IDA FOUNDATION,"Artesunate+Amodiaquine 50+153mg, tablets, co-blister 12+12 Tabs",Artesunate+Amodiaquine,Generic,50+153mg,Tablet - FDC + co-blister,24,25000,17500.0,0.7,0.03,Ipca Dadra/Nagar Haveli IN,True,634.0,8530.29,34.3
735,7398,104-CI-T01,Pre-PQ Process,SCMS-30410,ASN-2712,Côte d'Ivoire,PMO - US,Direct Drop,EXW,Air,2008-03-18,2008-09-18,2008-11-24,2008-11-24,2008-11-24,HRDT,HIV test,BIO-RAD LABORATORIES (FRANCE),"#108853** HIV, Genie II HIV-1/HIV-2 Kit, 40 Tests","HIV, Genie II HIV-1/HIV-2 Kit",Genie,no_dosage,Test kit,40,603,45828.0,76.0,1.9,Bio-Rad Laboratories,True,679.0,9698.22,89.82
736,7421,119-NA-T01,Pre-PQ Process,SCMS-31190,ASN-2718,Namibia,PMO - US,Direct Drop,CIP,Air,2008-03-24,2008-09-24,2008-10-28,2008-10-28,2008-10-28,HRDT,HIV test,"Orgenics, Ltd","HIV 1/2, Clearview Complete Kit, 25 Tests","HIV 1/2, Clearview Complete Kit",Clearview,no_dosage,Test kit,25,7,525.0,75.0,3.0,Inverness USA,True,3.0,85.27,1.03
737,7436,108-VN-T01,Pre-PQ Process,SCMS-31720,ASN-3312,Vietnam,PMO - US,Direct Drop,EXW,Air,2008-04-21,2008-10-21,2009-02-27,2009-02-27,2009-02-27,ARV,Adult,Aurobindo Pharma Limited,"Nevirapine 200mg, tablets, 60 Tabs",Nevirapine,Generic,200mg,Tablet,60,7800,22620.0,2.9,0.05,"Aurobindo Unit III, India",False,521.0,4400.805,44.34
738,7467,117-ET-T01,Pre-PQ Process,SCMS-32630,ASN-3154,Ethiopia,PMO - US,Direct Drop,EXW,Air,2008-04-27,2008-10-27,2009-01-26,2009-01-26,2009-01-26,HRDT,HIV test,"SHANGHAI KEHUA BIOENGINEERING CO.,LTD.  (KHB)","HIV 1/2, SKB Colloidal Gold, Diagnostic Kit, Antibody, 50 Tests","HIV 1/2, Colloidal Gold, Diagnostic Kit, Antibody",Colloidal Gold,no_dosage,Test kit,1,3510,80730.0,23.0,23.0,"KHB Test Kit Facility, Shanghai China",True,2535.0,20083.74,158.23
739,7468,117-ET-T01,Pre-PQ Process,SCMS-32640,ASN-2933,Ethiopia,PMO - US,Direct Drop,EXW,Air,2008-04-27,2008-10-27,2008-12-03,2008-12-01,2008-12-01,HRDT,HIV test,"SHANGHAI KEHUA BIOENGINEERING CO.,LTD.  (KHB)","HIV 1/2, SKB Colloidal Gold, Diagnostic Kit, Antibody, 50 Tests","HIV 1/2, Colloidal Gold, Diagnostic Kit, Antibody",Colloidal Gold,no_dosage,Test kit,1,3510,80730.0,23.0,23.0,"KHB Test Kit Facility, Shanghai China",True,2535.0,23035.69,158.23
740,7469,117-ET-T01,Pre-PQ Process,SCMS-32640,ASN-2934,Ethiopia,PMO - US,Direct Drop,EXW,Air,2008-04-27,2008-10-27,2008-12-03,2008-12-01,2008-12-01,HRDT,HIV test,"SHANGHAI KEHUA BIOENGINEERING CO.,LTD.  (KHB)","HIV 1/2, SKB Colloidal Gold, Diagnostic Kit, Antibody, 50 Tests","HIV 1/2, Colloidal Gold, Diagnostic Kit, Antibody",Colloidal Gold,no_dosage,Test kit,1,3510,80730.0,23.0,23.0,"KHB Test Kit Facility, Shanghai China",True,2535.0,23035.69,158.23
741,7475,116-ZA-T01,Pre-PQ Process,SCMS-33320,ASN-3553,South Africa,PMO - US,Direct Drop,DDP,Truck,2008-05-17,2008-11-17,2009-05-17,2008-10-09,2008-10-09,ARV,Adult,S. BUYS WHOLESALER,"Zidovudine 300mg [Retrovir], tablets, 60 Tabs",Zidovudine,Retrovir,300mg,Tablet,60,350,4417.0,12.62,0.21,GSK Aranda,False,45.0,0.0,8.66
742,7476,116-ZA-T01,Pre-PQ Process,SCMS-33320,ASN-3553,South Africa,PMO - US,Direct Drop,DDP,Truck,2008-05-17,2008-11-17,2009-05-17,2008-10-09,2008-10-09,ARV,Adult,S. BUYS WHOLESALER,"Lamivudine 150mg [Epivir], tablets, 60 Tabs",Lamivudine,Epivir,150mg,Tablet,60,1200,5772.0,4.81,0.08,GSK Cape Town Factory (South Africa),False,128.0,0.0,11.31
743,7477,116-ZA-T01,Pre-PQ Process,SCMS-33320,ASN-3553,South Africa,PMO - US,Direct Drop,DDP,Truck,2008-05-17,2008-11-17,2009-05-17,2008-10-09,2008-10-09,ARV,Pediatric,S. BUYS WHOLESALER,"Didanosine 25mg [Videx], chewable tablets, 60 Tabs",Didanosine,Videx,25mg,Chewable/dispersible tablet,60,10,123.1,12.31,0.21,"BMS Meymac, France",False,38.0,0.0,0.24
744,7607,108-VN-T01,Pre-PQ Process,SCMS-37160,ASN-3561,Vietnam,PMO - US,Direct Drop,EXW,Air,2008-07-16,2009-01-16,2009-04-07,2009-04-07,2009-04-07,ARV,Adult,Aurobindo Pharma Limited,"Lamivudine/Zidovudine 150/300mg, tablets, 60 Tabs",Lamivudine/Zidovudine,Generic,150/300mg,Tablet - FDC,60,4032,34715.52,8.61,0.14,"Aurobindo Unit III, India",False,336.0,4400.805,68.04
745,7638,109-TZ-T01,Pre-PQ Process,SCMS-38400,ASN-3694,Tanzania,PMO - US,Direct Drop,FCA,Air,2008-08-05,2009-02-05,2009-05-27,2009-05-27,2009-05-27,ARV,Adult,ABBVIE LOGISTICS (FORMERLY ABBOTT LOGISTICS BV),"Lopinavir/Ritonavir 200/50mg [Aluvia], tablets, 120 Tabs",Lopinavir/Ritonavir,Aluvia,200/50mg,Tablet,120,12560,516216.0,41.1,0.34,ABBVIE Ludwigshafen Germany,True,3073.0,12815.42,1011.78
746,7675,104-CI-T01,Pre-PQ Process,SCMS-39420,ASN-3632,Côte d'Ivoire,PMO - US,Direct Drop,EXW,Air,2008-08-24,2009-02-24,2009-03-24,2009-03-24,2009-03-24,HRDT,HIV test,"Orgenics, Ltd","HIV 1/2, Determine HIV Kit, without Lancets, 100 Tests","HIV 1/2, Determine HIV Kit, without Lancets",Determine,no_dosage,Test kit,100,2000,140000.0,70.0,0.7,Inverness Japan,True,453.0,8603.58,274.4
747,7695,106-HT-T01,Pre-PQ Process,SCMS-39970,ASN-3628,Haiti,PMO - US,Direct Drop,EXW,Air,2008-09-06,2009-03-06,2009-04-02,2009-04-02,2009-04-02,ARV,Pediatric,Aurobindo Pharma Limited,"Didanosine 200mg, chewable/dispersible tablets, 60 Tabs",Didanosine,Generic,200mg,Chewable/dispersible tablet,60,40,620.0,15.5,0.26,"Aurobindo Unit III, India",False,56.5,2946.7200000000003,1.22
748,7708,106-HT-T01,Pre-PQ Process,SCMS-40310,ASN-3664,Haiti,PMO - US,Direct Drop,EXW,Air,2008-09-09,2009-03-09,2009-03-24,2009-03-24,2009-03-24,HRDT,HIV test,"Trinity Biotech, Plc","HIV 1/2, Capillus HIV Kit, 100 Tests","HIV 1/2, Capillus HIV Kit",Capillus,no_dosage,Test kit,100,110,15290.0,139.0,1.39,"Trinity Biotech, Plc",True,78.0,1953.6,29.97
749,7718,116-ZA-T01,Pre-PQ Process,SCMS-40780,ASN-3607,South Africa,PMO - US,Direct Drop,DDP,Air,2008-03-17,2008-09-17,2009-03-17,2008-11-28,2008-11-28,ARV,Adult,S. BUYS WHOLESALER,"Zidovudine 300mg, tablets, 60 Tabs",Zidovudine,Generic,300mg,Tablet,60,300,3699.0,12.33,0.21,"Aurobindo Unit III, India",False,42.0,0.0,7.25
750,7719,116-ZA-T01,Pre-PQ Process,SCMS-40780,ASN-3607,South Africa,PMO - US,Direct Drop,DDP,Air,2008-03-17,2008-09-17,2009-03-17,2008-11-28,2008-11-28,ARV,Pediatric,S. BUYS WHOLESALER,"Zidovudine 10mg/ml, oral solution, Bottle, 240 ml",Zidovudine,Generic,10mg/ml,Oral solution,240,540,2030.4,3.76,0.02,"Aurobindo Unit III, India",False,519.0,0.0,3.98
751,7720,116-ZA-T01,Pre-PQ Process,SCMS-40780,ASN-3607,South Africa,PMO - US,Direct Drop,DDP,Air,2008-03-17,2008-09-17,2009-03-17,2008-11-28,2008-11-28,ARV,Adult,S. BUYS WHOLESALER,"Lopinavir/Ritonavir 200/50mg [Aluvia], tablets, 120 Tabs",Lopinavir/Ritonavir,Aluvia,200/50mg,Tablet,120,1500,47880.0,31.92,0.27,ABBVIE Ludwigshafen Germany,False,575.0,0.0,93.84
752,7721,116-ZA-T01,Pre-PQ Process,SCMS-40810,ASN-3634,South Africa,PMO - US,Direct Drop,DDP,Air,2008-03-30,2008-09-30,2009-03-31,2008-12-02,2008-12-02,ARV,Adult,S. BUYS WHOLESALER,"Efavirenz 600mg, tablets, 30 Tabs",Efavirenz,Generic,600mg,Tablet,30,6734,98383.74,14.61,0.49,"Cipla, Goa, India",False,668.5,0.0,192.83
753,7728,116-ZA-T01,Pre-PQ Process,SCMS-41050,ASN-3635,South Africa,PMO - US,Direct Drop,DDP,Air,2008-04-21,2008-10-21,2009-04-21,2008-12-05,2008-12-05,ARV,Pediatric,S. BUYS WHOLESALER,"Efavirenz 50mg, capsule, 30 Caps",Efavirenz,Generic,50mg,Capsule,30,144,440.64,3.06,0.1,"Aurobindo Unit III, India",False,47.0,0.0,0.86
754,7729,116-ZA-T01,Pre-PQ Process,SCMS-41090,ASN-3626,South Africa,PMO - US,Direct Drop,DDP,Air,2008-06-09,2008-12-09,2009-06-09,2009-01-27,2009-01-27,ARV,Pediatric,S. BUYS WHOLESALER,"Efavirenz 50mg, capsule, 30 Caps",Efavirenz,Generic,50mg,Capsule,30,2996,9197.72,3.07,0.1,"Aurobindo Unit III, India",True,6022.0,0.0,18.03
755,7730,116-ZA-T01,Pre-PQ Process,SCMS-41140,ASN-3752,South Africa,PMO - US,Direct Drop,DDP,Air,2008-03-30,2008-09-30,2009-03-31,2008-11-21,2008-11-21,ARV,Adult,S. BUYS WHOLESALER,"Saquinavir 200mg [Invirase], capsules, 270 Caps",Saquinavir,Invirase,200mg,Capsule,270,30,1634.7,54.49,0.2,Roche Basel,False,55.0,0.0,3.2
756,7731,116-ZA-T01,Pre-PQ Process,SCMS-41140,ASN-3752,South Africa,PMO - US,Direct Drop,DDP,Air,2008-03-30,2008-09-30,2009-03-31,2008-11-21,2008-11-21,ARV,Pediatric,S. BUYS WHOLESALER,"Efavirenz 50mg [Stocrin/Sustiva], capsule, 30 Caps",Efavirenz,Stocrin/Sustiva,50mg,Capsule,30,400,912.0,2.28,0.08,"MSD Midrand, J'burg, SA",False,81.0,0.0,1.79
757,7732,116-ZA-T01,Pre-PQ Process,SCMS-41140,ASN-3752,South Africa,PMO - US,Direct Drop,DDP,Air,2008-03-30,2008-09-30,2009-03-31,2008-11-21,2008-11-21,ARV,Pediatric,S. BUYS WHOLESALER,"Didanosine 100mg [Videx],chewable tablets, 60 Tabs",Didanosine,Videx,100mg,Chewable/dispersible tablet,60,10,100.6,10.06,0.17,"BMS Meymac, France",False,38.0,0.0,0.2
758,7734,116-ZA-T01,Pre-PQ Process,SCMS-41190,ASN-3732,South Africa,PMO - US,Direct Drop,DDP,Air,2008-03-30,2008-09-30,2009-03-30,2009-01-21,2009-01-21,ARV,Pediatric,S. BUYS WHOLESALER,"Stavudine 1mg/ml [Zerit], powder for oral solution, Bottle, 200 ml",Stavudine,Zerit,1mg/ml,Powder for oral solution,200,650,741.0,1.14,0.01,"BMS Meymac, France",False,66.5,0.0,1.45
759,7735,116-ZA-T01,Pre-PQ Process,SCMS-41190,ASN-3732,South Africa,PMO - US,Direct Drop,DDP,Air,2008-03-30,2008-09-30,2009-03-30,2009-01-21,2009-01-21,ARV,Pediatric,S. BUYS WHOLESALER,"Lamivudine 10mg/ml [Epivir], oral solution, Bottle, 240 ml",Lamivudine,Epivir,10mg/ml,Oral solution,240,350,1781.5,5.09,0.02,GSK Mississauga (Canada),False,45.0,0.0,3.49
760,7736,116-ZA-T01,Pre-PQ Process,SCMS-41200,ASN-3735,South Africa,PMO - US,Direct Drop,DDP,Air,2008-03-30,2008-09-30,2009-03-30,2009-01-21,2009-01-21,ARV,Pediatric,S. BUYS WHOLESALER,"Lopinavir/Ritonavir 80/20mg/ml [Kaletra], oral solution, cool, Bottle 5 x 60 ml",Lopinavir/Ritonavir,Kaletra,80/20mg/ml,Oral solution,300,70,2163.7,30.91,0.1,ABBVIE (Abbott) Logis. UK,True,43.5,0.0,4.24
761,7741,116-ZA-T01,Pre-PQ Process,SCMS-41440,ASN-4180,South Africa,PMO - US,Direct Drop,DDP,Truck,2008-09-18,2009-03-18,2009-04-14,2009-04-14,2009-04-14,ARV,Pediatric,S. BUYS WHOLESALER,"Lopinavir/Ritonavir 80/20mg/ml [Kaletra], oral solution, cool, Bottle 5 x 60 ml",Lopinavir/Ritonavir,Kaletra,80/20mg/ml,Oral solution,300,440,15831.2,35.98,0.12,ABBVIE (Abbott) Logis. UK,True,27.0,0.0,31.03
762,7748,116-ZA-T01,Pre-PQ Process,SCMS-41581,ASN-4196,South Africa,PMO - US,Direct Drop,DDP,Air,2008-09-27,2009-03-27,2009-06-25,2009-04-14,2009-04-14,ARV,Pediatric,S. BUYS WHOLESALER,"Stavudine 1mg/ml, powder for oral solution, 200 ml",Stavudine,Generic,1mg/ml,Oral solution,200,1500,3150.0,2.1,0.01,"Aurobindo Unit III, India",False,575.0,0.0,6.17
763,7749,116-ZA-T01,Pre-PQ Process,SCMS-41584,ASN-4385,South Africa,PMO - US,Direct Drop,DDP,Air,2008-09-27,2009-03-27,2009-06-25,2009-04-20,2009-04-20,ARV,Adult,S. BUYS WHOLESALER,"Lopinavir/Ritonavir 200/50mg [Aluvia], tablets, 120 Tabs",Lopinavir/Ritonavir,Aluvia,200/50mg,Tablet,120,2965,106680.7,35.98,0.3,ABBVIE Ludwigshafen Germany,False,668.5,0.0,209.09
764,7750,116-ZA-T01,Pre-PQ Process,SCMS-41585,ASN-4386,South Africa,PMO - US,Direct Drop,DDP,Air,2008-09-27,2009-03-27,2009-06-25,2009-04-21,2009-04-21,ARV,Pediatric,S. BUYS WHOLESALER,"Lamivudine 10mg/ml [Epivir], oral solution, Bottle, 240 ml",Lamivudine,Epivir,10mg/ml,Oral solution,240,1900,10564.0,5.56,0.02,GSK Mississauga (Canada),False,2356.0,0.0,20.71
765,7751,116-ZA-T01,Pre-PQ Process,SCMS-41580,ASN-4603,South Africa,PMO - US,Direct Drop,DDP,Truck,2008-09-27,2009-03-27,2009-06-25,2009-06-05,2009-06-05,ARV,Adult,S. BUYS WHOLESALER,"Stavudine 30mg, capsules, 60 Caps",Stavudine,Generic,30mg,Capsule,60,4553,13659.0,3.0,0.05,"Aurobindo Unit III, India",False,668.5,0.0,26.77
766,7775,102-GY-T01,Pre-PQ Process,SCMS-42300,ASN-4318,Guyana,PMO - US,Direct Drop,EXW,Air,2008-09-30,2009-03-31,2009-07-09,2009-07-09,2009-07-09,HRDT,HIV test,"Trinity Biotech, Plc","HIV 1/2, Uni-Gold HIV Kit, 20 Tests","HIV 1/2, Uni-Gold HIV Kit",Uni-Gold,no_dosage,Test kit,20,1371,43872.0,32.0,1.6,"Trinity Biotech, Plc",True,468.0,5733.61,85.99
767,7778,116-ZA-T01,Pre-PQ Process,SCMS-42440,ASN-4514,South Africa,PMO - US,Direct Drop,DDP,Truck,2008-10-02,2009-04-02,2009-06-08,2009-06-08,2009-06-08,ARV,Pediatric,S. BUYS WHOLESALER,"Efavirenz 50mg, capsule, 30 Caps",Efavirenz,Generic,50mg,Capsule,30,600,1890.0,3.15,0.1,"Aurobindo Unit III, India",True,231.5,0.0,3.7
768,7779,116-ZA-T01,Pre-PQ Process,SCMS-47430,ASN-4244,South Africa,PMO - US,Direct Drop,DDP,Truck,2008-10-02,2009-04-02,2009-05-15,2009-04-17,2009-04-17,ARV,Adult,S. BUYS WHOLESALER,"Nevirapine 200mg [Viramune], tablets, 60 Tabs",Nevirapine,Viramune,200mg,Tablet,60,300,5031.0,16.77,0.28,"Boehringer Ing., Koropi, GR",False,42.0,0.0,9.86
769,7837,108-VN-T01,Pre-PQ Process,SCMS-45080,ASN-4420,Vietnam,PMO - US,Direct Drop,EXW,Air,2008-10-29,2009-04-29,2009-07-10,2009-07-10,2009-07-10,ARV,Adult,Aurobindo Pharma Limited,"Lamivudine 150mg, tablets, 60 Tabs",Lamivudine,Generic,150mg,Tablet,60,18000,43200.0,2.4,0.04,"Aurobindo Unit III, India",False,1764.0,4400.805,84.67
770,7847,119-NA-T01,Pre-PQ Process,SCMS-45620,ASN-4511,Namibia,PMO - US,Direct Drop,EXW,Air,2008-11-08,2009-05-08,2009-08-18,2009-08-18,2009-08-18,ARV,Pediatric,CIPLA LIMITED,"Lamivudine/Nevirapine/Stavudine 30/50/6mg, dispersible tablets, 60 Tabs",Lamivudine/Nevirapine/Stavudine,Generic,30/50/6mg,Chewable/dispersible tablet - FDC,60,1812,4348.8,2.4,0.04,"Cipla, Goa, India",False,668.5,2541.8,8.52
771,7849,114-UG-T01,Pre-PQ Process,SCMS-45660,ASN-4378,Uganda,PMO - US,Direct Drop,CIP,Air,2008-11-11,2009-05-11,2009-07-06,2009-07-06,2009-07-06,ARV,Adult,BRISTOL-MYERS SQUIBB,"Didanosine EC 250mg [Videx EC], delayed-release capsules, Blister 3 x 10 Caps",Didanosine EC,Videx EC,250mg,Delayed-release capsules - blister,30,84,1540.56,18.34,0.61,"BMS Meymac, France",True,4.0,390.81,3.02
772,7857,102-BW-T01,Pre-PQ Process,SCMS-46080,ASN-4216,Botswana,PMO - US,Direct Drop,EXW,Air,2008-11-18,2009-05-18,2009-07-07,2009-07-07,2009-07-07,HRDT,HIV test,"Orgenics, Ltd","HIV 1/2, Determine HIV Kit, without Lancets, 100 Tests","HIV 1/2, Determine HIV Kit, without Lancets",Determine,no_dosage,Test kit,100,15,1050.0,70.0,0.7,Inverness Japan,True,4.0,383.65,2.06
773,7868,109-TZ-T01,Pre-PQ Process,SCMS-46510,ASN-4696,Tanzania,PMO - US,Direct Drop,FCA,Air,2008-11-28,2009-05-28,2009-09-25,2009-09-25,2009-09-25,ARV,Adult,Hoffmann-La Roche ltd Basel,"Saquinavir 200mg [Invirase], capsules, 270 Caps",Saquinavir,Invirase,200mg,Capsule,270,5178,461436.41,89.11,0.33,Roche Basel,True,2666.0,16751.58,904.42
774,7894,119-NA-T01,Pre-PQ Process,SCMS-47130,ASN-4416,Namibia,PMO - US,Direct Drop,EXW,Air,2008-12-05,2009-06-05,2009-07-27,2009-07-27,2009-07-27,HRDT,HIV test,"Orgenics, Ltd","HIV 1/2, Determine HIV Kit, without Lancets, 100 Tests","HIV 1/2, Determine HIV Kit, without Lancets",Determine,no_dosage,Test kit,100,24,1680.0,70.0,0.7,Inverness Japan,True,6.0,868.31,3.29
775,7921,108-VN-T01,Pre-PQ Process,SCMS-19,ASN-13,Vietnam,PMO - US,Direct Drop,EXW,Air,2005-09-03,2006-03-03,2006-09-03,2006-09-03,2006-09-03,ARV,Adult,Hoffmann-La Roche ltd Basel,"Nelfinavir (as mesilate) 250mg [Viracept], tablets, 270 Tabs",Nelfinavir (as mesilate),Viracept,250mg,Tablet,270,1000,164620.0,164.62,0.61,Roche Madrid,True,254.0,7828.28,0.0
776,7922,104-CI-T01,Pre-PQ Process,SCMS-21,ASN-15,Côte d'Ivoire,PMO - US,Direct Drop,FCA,Air,2005-09-16,2006-03-16,2006-09-16,2006-09-16,2006-09-16,HRDT,HIV test,Abbott GmbH & Co. KG,"HIV 1/2, Determine Complete HIV Kit, 100 Tests","HIV 1/2, Determine Complete HIV Kit",Determine,no_dosage,Test kit,100,500,40000.0,80.0,0.8,ABBVIE GmbH & Co.KG Wiesbaden,True,171.0,1275.12,0.0
777,7926,102-NG-T01,Pre-PQ Process,SCMS-33,ASN-19,Nigeria,PMO - US,Direct Drop,DDU,Air Charter,2005-07-21,2006-01-21,2006-07-21,2006-07-21,2006-07-21,HRDT,HIV test,ACCOUN NIGERIA LIMITED,"HIV 1/2, Determine Complete HIV Kit, 100 Tests","HIV 1/2, Determine Complete HIV Kit",Determine,no_dosage,Test kit,100,500,60000.0,120.0,1.2,ABBVIE (Abbott) Japan Co. Ltd.,True,170.0,0.0,0.0
778,7929,110-ZM-T01,Pre-PQ Process,SCMS-39,ASN-37,Zambia,PMO - US,Direct Drop,FCA,Air,2005-09-19,2006-03-19,2006-09-19,2006-09-19,2006-09-19,HRDT,HIV test,Abbott GmbH & Co. KG,"HIV 1/2, Determine Complete HIV Kit, 100 Tests","HIV 1/2, Determine Complete HIV Kit",Determine,no_dosage,Test kit,100,1000,80000.0,80.0,0.8,ABBVIE GmbH & Co.KG Wiesbaden,True,343.0,2373.73,0.0
779,7939,106-HT-T01,Pre-PQ Process,SCMS-75,ASN-75,Haiti,PMO - US,Direct Drop,DDP,Air,2005-09-15,2006-03-15,2006-09-15,2006-09-15,2006-09-15,HRDT,HIV test,REINBOLD EXPORT IMPORT,"HIV 1/2, Determine Complete HIV Kit, 100 Tests","HIV 1/2, Determine Complete HIV Kit",Determine,no_dosage,Test kit,100,150,22500.0,150.0,1.5,ABBVIE (Abbott) Japan Co. Ltd.,True,49.0,0.0,0.0
780,7953,104-CI-T01,Pre-PQ Process,SCMS-107,ASN-69,Côte d'Ivoire,PMO - US,Direct Drop,FCA,Air,2005-11-14,2006-05-14,2006-11-14,2006-11-14,2006-11-14,HRDT,HIV test,Abbott GmbH & Co. KG,"HIV 1/2, Determine Complete HIV Kit, 100 Tests","HIV 1/2, Determine Complete HIV Kit",Determine,no_dosage,Test kit,100,850,68000.0,80.0,0.8,ABBVIE GmbH & Co.KG Wiesbaden,True,291096.0,156.97,0.0
781,7954,110-ZM-T01,Pre-PQ Process,SCMS-109,ASN-68,Zambia,PMO - US,Direct Drop,FCA,Air,2005-10-30,2006-04-30,2006-10-31,2006-10-31,2006-10-31,HRDT,HIV test,Abbott GmbH & Co. KG,"HIV 1/2, Determine Complete HIV Kit, 100 Tests","HIV 1/2, Determine Complete HIV Kit",Determine,no_dosage,Test kit,100,1250,100000.0,80.0,0.8,ABBVIE GmbH & Co.KG Wiesbaden,True,426.0,2487.58,0.0
782,7968,110-ZM-T01,Pre-PQ Process,SCMS-139,ASN-130,Zambia,PMO - US,Direct Drop,DDU,Air,2006-01-08,2006-07-08,2007-01-08,2007-01-08,2007-01-08,ARV,Adult,MERCK SHARP & DOHME IDEA GMBH (FORMALLY MERCK SHARP & DOHME B.V.),"Indinavir 400mg [Crixivan], capsules, 180 Caps",Indinavir,Crixivan,400mg,Capsule,180,1307,64461.24,49.32,0.27,MSD Elkton USA,False,668.5,0.0,0.0
783,7970,108-VN-T01,Pre-PQ Process,SCMS-167,ASN-270,Vietnam,PMO - US,Direct Drop,EXW,Air,2006-05-14,2006-11-14,2007-03-14,2007-03-14,2007-03-14,ARV,Adult,SUN PHARMACEUTICAL INDUSTRIES LTD (RANBAXY LABORATORIES LIMITED),"Zidovudine 300mg, tablets, 60 Tabs",Zidovudine,Generic,300mg,Tablet,60,100,1084.0,10.84,0.18,"Ranbaxy, Paonta Shahib, India",False,36.0,4400.805,0.0
784,7975,114-UG-T01,Pre-PQ Process,SCMS-176,ASN-129,Uganda,PMO - US,Direct Drop,EXW,Air,2005-12-22,2006-06-22,2006-12-22,2006-12-22,2006-12-22,ARV,Adult,ASPEN PHARMACARE,"Lamivudine/Zidovudine+Nevirapine 150/300+200mg, tablets, co-blister, 60+60 Tabs",Lamivudine/Zidovudine+Nevirapine,Generic,150/300+200mg,Tablet - FDC + co-blister,120,1270,26670.0,21.0,0.18,"Aspen-OSD, Port Elizabeth, SA",True,201.0,1262.91,0.0
785,7983,113-ZW-T01,Pre-PQ Process,SCMS-231,ASN-139,Zimbabwe,PMO - US,Direct Drop,CIP,Air,2005-12-18,2006-06-18,2006-12-18,2006-12-18,2006-12-18,ARV,Pediatric,BRISTOL-MYERS SQUIBB,"#102198**Didanosine 200mg [Videx], tablets, 60 Tabs",Didanosine,Videx,200mg,Tablet,60,425,10837.5,25.5,0.42,"BMS Meymac, France",True,668.5,0.0,0.0
786,7984,106-HT-T01,Pre-PQ Process,SCMS-275,ASN-193,Haiti,PMO - US,Direct Drop,EXW,Air,2006-01-23,2006-07-23,2007-01-23,2007-01-23,2007-01-23,HRDT,HIV test,"Trinity Biotech, Plc","HIV 1/2, Capillus HIV Kit, 100 Tests","HIV 1/2, Capillus HIV Kit",Capillus,no_dosage,Test kit,100,60,10500.0,175.0,1.75,Not Applicable,True,40.0,749.96,0.0
787,7990,102-NG-T01,Pre-PQ Process,SCMS-344,ASN-207,Nigeria,PMO - US,Direct Drop,EXW,Air,2006-03-15,2006-09-15,2007-03-15,2007-03-05,2007-03-05,HRDT,HIV test,"CHEMBIO DIAGNOSTIC SYSTEMS, INC.","HIV 1/2, Stat-Pak HIV, Kit, 20 Tests","HIV 1/2, Stat-Pak HIV, Kit",Stat-Pak,no_dosage,Test kit,20,2496,67392.0,27.0,1.35,Chembio Diagnostics Sys. Inc.,True,702.0,4474.15,0.0
788,7991,102-NG-T01,Pre-PQ Process,SCMS-344,ASN-280,Nigeria,PMO - US,Direct Drop,EXW,Air,2006-03-15,2006-09-15,2007-03-15,2007-03-15,2007-03-15,HRDT,HIV test,"CHEMBIO DIAGNOSTIC SYSTEMS, INC.","HIV 1/2, Stat-Pak HIV, Kit, 20 Tests","HIV 1/2, Stat-Pak HIV, Kit",Stat-Pak,no_dosage,Test kit,20,5004,135108.0,27.0,1.35,Chembio Diagnostics Sys. Inc.,True,1531.0,11731.15,0.0
789,8005,102-GY-T01,Pre-PQ Process,SCMS-433,ASN-281,Guyana,PMO - US,Direct Drop,EXW,Air,2006-09-01,2007-03-01,2007-03-27,2007-03-27,2007-03-27,HRDT,HIV test,"CHEMBIO DIAGNOSTIC SYSTEMS, INC.","HIV 1/2, Stat-Pak HIV, Kit, 20 Tests","HIV 1/2, Stat-Pak HIV, Kit",Stat-Pak,no_dosage,Test kit,20,50,1350.0,27.0,1.35,Chembio Diagnostics Sys. Inc.,True,18.0,378.6,0.0
790,8017,100-HT-T01,Pre-PQ Process,SCMS-539,ASN-364,Haiti,PMO - US,Direct Drop,EXW,Air,2006-10-04,2007-04-04,2007-05-03,2007-05-03,2007-05-03,HRDT,HIV test,Abbott GmbH & Co. KG,"HIV 1/2, Determine Complete HIV Kit, 100 Tests","HIV 1/2, Determine Complete HIV Kit",Determine,no_dosage,Test kit,100,1000,80000.0,80.0,0.8,ABBVIE GmbH & Co.KG Wiesbaden,True,343.0,2802.42,0.0
791,8023,102-NG-T01,Pre-PQ Process,SCMS-587,ASN-417,Nigeria,PMO - US,Direct Drop,EXW,Air,2006-10-30,2007-04-30,2007-05-31,2007-05-31,2007-05-31,HRDT,HIV test,Abbott GmbH & Co. KG,"HIV 1/2, Determine Complete HIV Kit, 100 Tests","HIV 1/2, Determine Complete HIV Kit",Determine,no_dosage,Test kit,100,2500,200000.0,80.0,0.8,ABBVIE GmbH & Co.KG Wiesbaden,True,851.0,5469.91,0.0
792,8038,108-VN-T01,Pre-PQ Process,SCMS-753,ASN-781,Vietnam,PMO - US,Direct Drop,EXW,Air,2007-01-04,2007-07-04,2007-10-15,2007-10-15,2007-10-15,ARV,Pediatric,Aurobindo Pharma Limited,"Lamivudine 10mg/ml, oral solution, Bottle, 240 ml",Lamivudine,Generic,10mg/ml,Oral solution,240,500,950.0,1.9,0.01,"Aurobindo Unit III, India",False,83.0,4400.805,1.52
793,8061,109-TZ-T01,Pre-PQ Process,SCMS-10250,ASN-682,Tanzania,PMO - US,Direct Drop,EXW,Air,2006-10-25,2007-04-25,2007-10-25,2007-10-25,2007-10-25,HRDT,HIV test,"Standard Diagnostics, Inc.","HIV 1/2, Bioline 3.0 Kit, Lancets, Capillary pipets, Alcohol swabs included, 25 Tests","HIV 1/2, Bioline 3.0 Kit, Lancets, Capillary pipets, Alcohol swabs included",Bioline,no_dosage,Test kit,25,10000,200000.0,20.0,0.8,"Standard Diagnostics, Korea",True,3336.0,28837.28,320.0
794,8062,109-TZ-T01,Pre-PQ Process,SCMS-10330,ASN-1932,Tanzania,PMO - US,Direct Drop,EXW,Air,2007-11-14,2008-05-14,2008-07-22,2008-07-22,2008-07-22,HRDT,HIV test,"Standard Diagnostics, Inc.","HIV 1/2, Bioline 3.0 Kit, Lancets, Capillary pipets, Alcohol swabs included, 25 Tests","HIV 1/2, Bioline 3.0 Kit, Lancets, Capillary pipets, Alcohol swabs included",Bioline,no_dosage,Test kit,25,10000,200000.0,20.0,0.8,"Standard Diagnostics, Korea",True,3122.0,22691.75,320.0
795,8100,113-ZW-T01,Pre-PQ Process,SCMS-11690,ASN-871,Zimbabwe,PMO - US,Direct Drop,CIP,Air,2007-03-28,2007-09-28,2008-01-10,2008-01-10,2008-01-10,HRDT,HIV test,Orasure Technologies Inc.,"HIV 1/2, OraQuick Advance HIV Rapid Antibody Kit, 100 Tests","HIV 1/2, OraQuick Advance HIV Rapid Antibody Kit",OraQuick,no_dosage,Test kit,100,5,1750.0,350.0,3.5,"Pacific Biotech, Thailand",True,3.0,0.0,2.8
796,8185,116-ZA-T01,Pre-PQ Process,SCMS-14050,ASN-1251,South Africa,PMO - US,Direct Drop,DDP,Truck,2007-05-12,2007-11-12,2008-01-29,2008-01-29,2008-01-29,ARV,Pediatric,"JSI R&T INSTITUTE, INC.","Efavirenz 200mg [Stocrin/Sustiva], capsule, 90 Caps",Efavirenz,Stocrin/Sustiva,200mg,Capsule,90,60,2112.0,35.2,0.39,"MSD Midrand, J'burg, SA",False,108.0,0.0,3.38
797,8186,116-ZA-T01,Pre-PQ Process,SCMS-14050,ASN-1251,South Africa,PMO - US,Direct Drop,DDP,Truck,2007-05-12,2007-11-12,2008-01-29,2008-01-29,2008-01-29,ARV,Adult,"JSI R&T INSTITUTE, INC.","Lamivudine 150mg [Epivir], tablets, 60 Tabs",Lamivudine,Epivir,150mg,Tablet,60,1500,9600.0,6.4,0.11,GSK Cape Town Factory (South Africa),False,575.0,0.0,15.36
798,8192,107-RW-T01,Pre-PQ Process,SCMS-14220,ASN-1305,Rwanda,PMO - US,Direct Drop,CIP,Air,2007-05-21,2007-11-21,2008-04-28,2008-03-11,2008-03-11,ARV,Adult,CIPLA LIMITED,"Lamivudine/Nevirapine/Stavudine 150/200/30mg, tablets, 60 Tabs",Lamivudine/Nevirapine/Stavudine,Generic,150/200/30mg,Tablet - FDC,60,100000,700000.0,7.0,0.12,"Cipla, Goa, India",True,10303.0,35034.75,1120.0
799,8204,102-BW-T01,Pre-PQ Process,SCMS-14600,ASN-1154,Botswana,PMO - US,Direct Drop,CIF,Air,2007-05-27,2007-11-27,2007-12-27,2007-12-27,2007-12-27,HRDT,HIV test,Orasure Technologies Inc.,"HIV 1/2, OraQuick Advance HIV Rapid Antibody Kit, 100 Tests","HIV 1/2, OraQuick Advance HIV Rapid Antibody Kit",OraQuick,no_dosage,Test kit,100,5,1750.0,350.0,3.5,"Pacific Biotech, Thailand",True,3.0,0.0,2.8
800,8207,107-RW-T01,Pre-PQ Process,SCMS-14730,ASN-1066,Rwanda,PMO - US,Direct Drop,CIP,Air,2007-06-03,2007-12-03,2008-01-03,2008-01-03,2008-01-03,ARV,Adult,Aurobindo Pharma Limited,"Efavirenz 600mg, tablets, 30 Tabs",Efavirenz,Generic,600mg,Tablet,30,32510,381992.5,11.75,0.39,"Aurobindo Unit III, India",True,2791.0,28336.18,611.19
801,8209,100-KZ-T01,Pre-PQ Process,SCMS-14780,ASN-1139,Kazakhstan,PMO - US,Direct Drop,DDP,Air,2007-05-30,2007-11-30,2008-01-23,2008-01-23,2008-01-23,HRDT,HIV test,Orasure Technologies Inc.,"HIV 1/2, OraQuick Advance HIV Rapid Antibody Kit, 100 Tests","HIV 1/2, OraQuick Advance HIV Rapid Antibody Kit",OraQuick,no_dosage,Test kit,100,50,17500.0,350.0,3.5,"Pacific Biotech, Thailand",True,18.0,0.0,28.0
802,8213,102-NG-T01,Pre-PQ Process,SCMS-15060,ASN-1366,Nigeria,PMO - US,Direct Drop,DDP,Air Charter,2007-06-20,2007-12-20,2008-01-24,2008-01-24,2008-01-24,HRDT,HIV test,BUNDI INTERNATIONAL DIAGNOSTICS LTD,"HIV 1/2, Bundi Rapid HIV Kit, 25 Tests","HIV 1/2, Bundi Rapid HIV Kit",Bundi,no_dosage,Test kit,1,600,22500.0,37.5,37.5,Not Applicable,True,205.0,0.0,36.0
803,8218,109-TZ-T01,Pre-PQ Process,SCMS-15220,ASN-1696,Tanzania,PMO - US,Direct Drop,CIP,Air,2007-06-10,2007-12-10,2008-05-08,2008-05-08,2008-05-08,ARV,Pediatric,BRISTOL-MYERS SQUIBB,"Didanosine 2g [Videx], powder for oral solution 10mg/ml, reconstitute to 200 ml",Didanosine,Videx,2g,Powder for oral solution,200,712,8964.08,12.59,0.06,"BMS Meymac, France",True,154.5,0.0,14.34
804,8231,100-HT-T01,Pre-PQ Process,SCMS-15470,ASN-2759,Haiti,PMO - US,Direct Drop,EXW,Air,2007-07-05,2008-01-05,2008-11-11,2008-11-11,2008-11-11,HRDT,HIV test,"Trinity Biotech, Plc","HIV 1/2, Capillus HIV Kit, 100 Tests","HIV 1/2, Capillus HIV Kit",Capillus,no_dosage,Test kit,100,2,278.0,139.0,1.39,"Trinity Biotech, Plc",True,4.0,523.12,0.54
805,8232,106-HT-T01,Pre-PQ Process,SCMS-15510,ASN-1273,Haiti,PMO - US,Direct Drop,EXW,Air,2007-02-11,2007-08-11,2008-02-11,2008-02-11,2008-02-11,HRDT,HIV test,"Trinity Biotech, Plc","HIV 1/2, Capillus HIV Kit, 100 Tests","HIV 1/2, Capillus HIV Kit",Capillus,no_dosage,Test kit,100,125,17375.0,139.0,1.39,"Trinity Biotech, Plc",True,92.0,1425.77,27.8
806,8258,116-ZA-T01,Pre-PQ Process,SCMS-16600,ASN-1520,South Africa,PMO - US,Direct Drop,DDP,Truck,2007-07-04,2008-01-04,2008-01-21,2008-01-04,2008-01-04,ARV,Adult,"JSI R&T INSTITUTE, INC.","Lopinavir/Ritonavir 133.3/33.3mg [Kaletra], capsules, cool, 2 x 90 Caps",Lopinavir/Ritonavir,Kaletra,133.3/33.3mg,Capsule,180,400,18460.0,46.15,0.26,ABBVIE (Abbott) Logis. UK,False,81.0,0.0,29.54
807,8263,102-NG-T01,Pre-PQ Process,SCMS-16890,ASN-2267,Nigeria,PMO - US,Direct Drop,EXW,Air,2007-07-29,2008-01-29,2008-09-19,2008-08-20,2008-08-20,HRDT,HIV test,"CHEMBIO DIAGNOSTIC SYSTEMS, INC.","HIV 1/2, Stat-Pak HIV, Kit, 20 Tests","HIV 1/2, Stat-Pak HIV, Kit",Stat-Pak,no_dosage,Test kit,20,6520,176040.0,27.0,1.35,Chembio Diagnostics Sys. Inc.,True,2224.0,12768.47,281.66
808,8264,102-NG-T01,Pre-PQ Process,SCMS-16900,ASN-1410,Nigeria,PMO - US,Direct Drop,EXW,Air,2007-07-29,2008-01-29,2008-03-12,2008-03-10,2008-03-10,HRDT,HIV test - Ancillary,"Orgenics, Ltd","HIV, Lancet, Safety, for HIV Test kits, 100 Pcs","HIV, Lancet, Safety, for HIV Test kits, 100 Pcs",Generic,no_dosage,Test kit - Ancillary,100,6199,61.99,0.01,0.0,Inverness Japan,True,394.0,10144.765,0.1
809,8271,128-BJ-T01,Pre-PQ Process,SCMS-17290,ASN-1355,Benin,PMO - US,Direct Drop,EXW,Air,2007-08-06,2008-02-06,2008-03-04,2008-03-04,2008-03-04,HRDT,HIV test,"Standard Diagnostics, Inc.","HIV 1/2, Bioline 3.0 Kit, Lancets, Capillary pipets, Alcohol swabs included, 25 Tests","HIV 1/2, Bioline 3.0 Kit, Lancets, Capillary pipets, Alcohol swabs included",Bioline,no_dosage,Test kit,25,232,4640.0,20.0,0.8,"Standard Diagnostics, Korea",True,70.0,1136.37,7.42
810,8315,106-HT-T01,Pre-PQ Process,SCMS-18270,ASN-1463,Haiti,PMO - US,Direct Drop,EXW,Air,2007-08-27,2008-02-27,2008-03-29,2008-03-29,2008-03-29,HRDT,HIV test,Orasure Technologies Inc.,"HIV 1/2, OraQuick Advance HIV Rapid Antibody Kit, 100 Tests","HIV 1/2, OraQuick Advance HIV Rapid Antibody Kit",OraQuick,no_dosage,Test kit,100,30,10500.0,350.0,3.5,"Pacific Biotech, Thailand",True,72.0,2556.61,16.8
811,8316,104-CI-T01,Pre-PQ Process,SCMS-18330,ASN-3024,Côte d'Ivoire,PMO - US,Direct Drop,EXW,Air,2007-08-27,2008-02-27,2009-02-18,2009-02-18,2009-02-18,HRDT,HIV test,"CHEMBIO DIAGNOSTIC SYSTEMS, INC.","HIV 1/2, Stat-Pak HIV, Kit, 20 Tests","HIV 1/2, Stat-Pak HIV, Kit",Stat-Pak,no_dosage,Test kit,20,289,7803.0,27.0,1.35,Chembio Diagnostics Sys. Inc.,True,84.0,1550.95,15.29
812,8317,111-MZ-T01,Pre-PQ Process,SCMS-18340,ASN-1747,Mozambique,PMO - US,Direct Drop,EXW,Air,2007-08-27,2008-02-27,2008-07-09,2008-07-09,2008-07-09,HRDT,HIV test - Ancillary,"Orgenics, Ltd","HIV, Lancet, Safety, for HIV Test kits, 100 Pcs","HIV, Lancet, Safety, for HIV Test kits, 100 Pcs",Generic,no_dosage,Test kit - Ancillary,100,3000,30.0,0.01,0.0,Inverness Japan,True,881.0,3247.5699999999997,0.05
813,8344,129-KG-T01,Pre-PQ Process,SCMS-19120,ASN-2356,Kyrgyzstan,PMO - US,Direct Drop,DDP,Air,2007-09-18,2008-03-18,2008-09-19,2008-09-19,2008-09-19,HRDT,HIV test,"Orgenics, Ltd","HIV 1/2, DoubleCheck II Kit, 40 Tests","HIV 1/2, DoubleCheck II Kit",DoubleCheck,no_dosage,Test kit,40,500,39500.0,79.0,1.98,Not Applicable,True,170.0,0.0,63.2
814,8378,108-VN-T01,Pre-PQ Process,SCMS-20360,ASN-2043,Vietnam,PMO - US,Direct Drop,EXW,Air,2007-09-30,2008-03-31,2008-07-17,2008-07-17,2008-07-17,ARV,Adult,MYLAN LABORATORIES LTD (FORMERLY MATRIX LABORATORIES),"Efavirenz 600mg, tablets, 30 Tabs",Efavirenz,Generic,600mg,Tablet,30,10080,115718.4,11.48,0.38,Mylan (formerly Matrix) Nashik,True,772.0,4408.29,185.15
815,8407,102-NG-T01,Pre-PQ Process,SCMS-21580,ASN-1786,Nigeria,PMO - US,Direct Drop,EXW,Air,2007-05-28,2007-11-28,2008-05-28,2008-05-28,2008-05-28,HRDT,HIV test,"Orgenics, Ltd","HIV 1/2, Determine HIV Kit, without Lancets, 100 Tests","HIV 1/2, Determine HIV Kit, without Lancets",Determine,no_dosage,Test kit,100,1130,90388.7,79.99,0.8,Inverness Japan,True,258.0,3748.24,144.62
816,8437,102-BW-T01,Pre-PQ Process,SCMS-22700,ASN-1908,Botswana,PMO - US,Direct Drop,EXW,Air,2007-10-28,2008-04-28,2008-07-31,2008-07-31,2008-07-31,HRDT,HIV test,"Orgenics, Ltd","HIV 1/2, Determine HIV Kit, without Lancets, 100 Tests","HIV 1/2, Determine HIV Kit, without Lancets",Determine,no_dosage,Test kit,100,100,7199.0,71.99,0.72,Inverness Japan,True,28.0,641.06,11.52
817,8438,102-BW-T01,Pre-PQ Process,SCMS-22700,ASN-1909,Botswana,PMO - US,Direct Drop,EXW,Air,2007-10-28,2008-04-28,2008-07-31,2008-07-11,2008-07-11,HRDT,HIV test - Ancillary,"Orgenics, Ltd","HIV, Lancet, Safety, for HIV Test kits, 100 Pcs","HIV, Lancet, Safety, for HIV Test kits, 100 Pcs",Generic,no_dosage,Test kit - Ancillary,100,100,1.0,0.01,0.0,Inverness Japan,True,34.0,700.7049999999999,0.0
818,8440,102-BW-T01,Pre-PQ Process,SCMS-22740,ASN-2400,Botswana,PMO - US,Direct Drop,EXW,Air,2007-10-28,2008-04-28,2008-11-18,2008-11-18,2008-11-18,HRDT,HIV test,"Trinity Biotech, Plc","HIV 1/2, Uni-Gold HIV Kit, 20 Tests","HIV 1/2, Uni-Gold HIV Kit",Uni-Gold,no_dosage,Test kit,20,500,16000.0,32.0,1.6,"Trinity Biotech, Plc",True,166.0,1225.17,25.6
819,8459,108-VN-T01,Pre-PQ Process,SCMS-23300,ASN-2485,Vietnam,PMO - US,Direct Drop,EXW,Air,2007-11-13,2008-05-13,2008-10-06,2008-10-06,2008-10-06,ARV,Adult,CIPLA LIMITED,"Lamivudine/Nevirapine/Stavudine 150/200/30mg, tablets, 60 Tabs",Lamivudine/Nevirapine/Stavudine,Generic,150/200/30mg,Tablet - FDC,60,9792,72460.8,7.4,0.12,"Cipla, Goa, India",True,836.0,5136.08,115.94
820,8460,108-VN-T01,Pre-PQ Process,SCMS-23340,ASN-2277,Vietnam,PMO - US,Direct Drop,EXW,Air,2007-11-13,2008-05-13,2008-09-19,2008-09-19,2008-09-19,ARV,Adult,Aurobindo Pharma Limited,"Nevirapine 200mg, tablets, 60 Tabs",Nevirapine,Generic,200mg,Tablet,60,3840,12326.4,3.21,0.05,"Aurobindo Unit III, India",False,668.5,4400.805,19.72
821,8461,108-VN-T01,Pre-PQ Process,SCMS-23440,ASN-2335,Vietnam,PMO - US,Direct Drop,EXW,Air,2007-11-13,2008-05-13,2008-09-20,2008-09-20,2008-09-20,ARV,Adult,MYLAN LABORATORIES LTD (FORMERLY MATRIX LABORATORIES),"Zidovudine 300mg, tablets, 60 Tabs",Zidovudine,Generic,300mg,Tablet,60,432,3240.0,7.5,0.12,Mylan (formerly Matrix) Nashik,False,668.5,4400.805,5.18
822,8462,108-VN-T01,Pre-PQ Process,SCMS-23450,ASN-2336,Vietnam,PMO - US,Direct Drop,EXW,Air,2007-11-14,2008-05-14,2008-09-19,2008-09-19,2008-09-19,ARV,Adult,MYLAN LABORATORIES LTD (FORMERLY MATRIX LABORATORIES),"Lamivudine 150mg, tablets, 60 Tabs",Lamivudine,Generic,150mg,Tablet,60,14364,37346.4,2.6,0.04,Mylan (formerly Matrix) Nashik,False,668.5,4400.805,59.75
823,8463,116-ZA-T01,Pre-PQ Process,SCMS-23500,ASN-2293,South Africa,PMO - US,Direct Drop,DDP,Truck,2007-08-20,2008-02-20,2008-08-20,2008-05-08,2008-05-08,ARV,Adult,S. BUYS WHOLESALER,"Stavudine 40mg [Zerit], capsules, 60 Caps",Stavudine,Zerit,40mg,Capsule,60,100,517.0,5.17,0.09,"BMS Meymac, France",False,36.0,0.0,0.83
824,8735,111-MZ-T01,Pre-PQ Process,SCMS-31750,ASN-3507,Mozambique,PMO - US,Direct Drop,EXW,Air,2008-04-14,2008-10-14,2009-04-14,2009-04-14,2009-04-14,HRDT,HIV test,"Orgenics, Ltd","HIV 1/2, Determine Complete HIV Kit, 100 Tests","HIV 1/2, Determine Complete HIV Kit",Determine,no_dosage,Test kit,100,4800,345600.0,72.0,0.72,Inverness Japan,True,1417.0,13093.27,677.38
825,8464,116-ZA-T01,Pre-PQ Process,SCMS-23500,ASN-2293,South Africa,PMO - US,Direct Drop,DDP,Truck,2007-08-20,2008-02-20,2008-08-20,2008-05-08,2008-05-08,ARV,Adult,S. BUYS WHOLESALER,"Didanosine EC 400mg [Videx EC], delayed-release capsules, Blister 3 x 10 Caps",Didanosine EC,Videx EC,400mg,Delayed-release capsules - blister,30,80,1968.0,24.6,0.82,"BMS Meymac, France",False,19.0,0.0,3.15
826,8465,116-ZA-T01,Pre-PQ Process,SCMS-23500,ASN-2293,South Africa,PMO - US,Direct Drop,DDP,Truck,2007-08-20,2008-02-20,2008-08-20,2008-05-08,2008-05-08,ARV,Pediatric,S. BUYS WHOLESALER,"Efavirenz 50mg [Stocrin/Sustiva], capsule, 30 Caps",Efavirenz,Stocrin/Sustiva,50mg,Capsule,30,240,717.6,2.99,0.1,"MSD Midrand, J'burg, SA",False,25.0,0.0,1.15
827,8470,125-HT-T01,Pre-PQ Process,SCMS-23580,ASN-1821,Haiti,PMO - US,Direct Drop,EXW,Air,2007-11-13,2008-05-13,2008-06-06,2008-06-06,2008-06-06,HRDT,HIV test,"Trinity Biotech, Plc","HIV 1/2, Capillus HIV Kit, 100 Tests","HIV 1/2, Capillus HIV Kit",Capillus,no_dosage,Test kit,100,4,556.0,139.0,1.39,"Trinity Biotech, Plc",True,3.0,1808.19,0.89
828,8475,106-HT-T01,Pre-PQ Process,SCMS-23790,ASN-2146,Haiti,PMO - US,Direct Drop,CIP,Air,2007-11-20,2008-05-20,2008-08-20,2008-08-20,2008-08-20,HRDT,HIV test,Orasure Technologies Inc.,"HIV 1/2, OraQuick Advance HIV Rapid Antibody Kit, 100 Tests","HIV 1/2, OraQuick Advance HIV Rapid Antibody Kit",OraQuick,no_dosage,Test kit,100,54,18900.0,350.0,3.5,"Pacific Biotech, Thailand",True,394.0,0.0,30.24
829,8554,110-ZM-T01,Pre-PQ Process,SCMS-25710,ASN-2843,Zambia,PMO - US,Direct Drop,EXW,Air,2007-12-20,2008-06-20,2008-11-18,2008-11-18,2008-11-18,HRDT,HIV test,"Standard Diagnostics, Inc.","HIV 1/2, Bioline 3.0 Kit, Lancets, Capillary pipets, Alcohol swabs included, 25 Tests","HIV 1/2, Bioline 3.0 Kit, Lancets, Capillary pipets, Alcohol swabs included",Bioline,no_dosage,Test kit,25,500,10000.0,20.0,0.8,"Standard Diagnostics, Korea",True,157.0,1754.04,19.6
830,8590,116-ZA-T01,Pre-PQ Process,SCMS-26820,ASN-2488,South Africa,PMO - US,Direct Drop,DDP,Truck,2007-07-10,2008-01-10,2008-07-10,2008-07-08,2008-07-08,ARV,Pediatric,S. BUYS WHOLESALER,"Lopinavir/Ritonavir 80/20mg/ml [Kaletra], oral solution, cool, Bottle 5 x 60 ml",Lopinavir/Ritonavir,Kaletra,80/20mg/ml,Oral solution,300,10,354.6,35.46,0.12,ABBVIE (Abbott) Logis. UK,False,38.0,0.0,0.57
831,8603,108-VN-T01,Pre-PQ Process,SCMS-27300,ASN-2855,Vietnam,PMO - US,Direct Drop,FCA,Air,2008-01-24,2008-07-24,2008-12-03,2008-12-03,2008-12-03,ARV,Adult,ABBVIE LOGISTICS (FORMERLY ABBOTT LOGISTICS BV),"Lopinavir/Ritonavir 200/50mg [Aluvia], tablets, 120 Tabs",Lopinavir/Ritonavir,Aluvia,200/50mg,Tablet,120,1080,88776.0,82.2,0.68,ABBVIE Ludwigshafen Germany,True,259.0,2985.93,174.0
832,8604,108-VN-T01,Pre-PQ Process,SCMS-27310,ASN-2809,Vietnam,PMO - US,Direct Drop,EXW,Air,2008-01-24,2008-07-24,2008-11-24,2008-11-24,2008-11-24,ARV,Adult,Aurobindo Pharma Limited,"Abacavir 300mg, tablets, 60 Tabs",Abacavir,Generic,300mg,Tablet,60,380,8930.0,23.5,0.39,"Aurobindo Unit III, India",False,44.0,4400.805,17.5
833,8605,108-VN-T01,Pre-PQ Process,SCMS-27320,ASN-2792,Vietnam,PMO - US,Direct Drop,EXW,Air,2008-01-24,2008-07-24,2008-11-21,2008-11-21,2008-11-21,ARV,Adult,Aurobindo Pharma Limited,"Lamivudine/Nevirapine/Zidovudine 150/200/300mg, tablets, 60 Tabs",Lamivudine/Nevirapine/Zidovudine,Generic,150/300/200mg,Tablet - FDC,60,2200,25080.0,11.4,0.19,"Aurobindo Unit III, India",False,192.0,4400.805,49.16
834,8616,106-HT-T01,Pre-PQ Process,SCMS-27880,ASN-2378,Haiti,PMO - US,Direct Drop,FCA,Air,2008-02-05,2008-08-05,2008-09-29,2008-09-29,2008-09-29,ARV,Pediatric,ABBVIE LOGISTICS (FORMERLY ABBOTT LOGISTICS BV),"Lopinavir/Ritonavir 100/25mg [Aluvia], tablets, 60 Tabs",Lopinavir/Ritonavir,Generic,100/25mg,Tablet,60,20,205.6,10.28,0.17,ABBVIE Ludwigshafen Germany,True,19.0,658.68,0.33
835,8642,117-ET-T01,Pre-PQ Process,SCMS-28710,ASN-2575,Ethiopia,PMO - US,Direct Drop,EXW,Air,2008-02-22,2008-08-22,2008-10-07,2008-10-06,2008-10-06,HRDT,HIV test,"SHANGHAI KEHUA BIOENGINEERING CO.,LTD.  (KHB)","HIV 1/2, SKB Colloidal Gold, Diagnostic Kit, Antibody, 50 Tests","HIV 1/2, Colloidal Gold, Diagnostic Kit, Antibody",Colloidal Gold,no_dosage,Test kit,1,7002,161046.0,23.0,23.0,"KHB Test Kit Facility, Shanghai China",True,5057.0,44347.71,257.67
836,8645,116-ZA-T01,Pre-PQ Process,SCMS-28830,ASN-2503,South Africa,PMO - US,Direct Drop,DDP,Truck,2007-08-25,2008-02-25,2008-08-25,2008-08-14,2008-08-14,ARV,Adult,S. BUYS WHOLESALER,"Efavirenz 600mg, tablets, 30 Tabs",Efavirenz,Generic,600mg,Tablet,30,1500,24300.0,16.2,0.54,"Cipla, Goa, India",False,575.0,0.0,38.88
837,8646,116-ZA-T01,Pre-PQ Process,SCMS-28830,ASN-2503,South Africa,PMO - US,Direct Drop,DDP,Truck,2007-08-25,2008-02-25,2008-08-25,2008-08-14,2008-08-14,ARV,Pediatric,S. BUYS WHOLESALER,"Efavirenz 50mg [Stocrin/Sustiva], capsule, 30 Caps",Efavirenz,Stocrin/Sustiva,50mg,Capsule,30,200,572.0,2.86,0.1,"MSD Midrand, J'burg, SA",False,22.0,0.0,0.92
838,8648,133-NG-T01,Pre-PQ Process,SCMS-28870,ASN-2794,Nigeria,PMO - US,Direct Drop,EXW,Air,2008-02-26,2008-08-26,2009-01-15,2008-11-20,2008-11-20,HRDT,HIV test,"CHEMBIO DIAGNOSTIC SYSTEMS, INC.","HIV 1/2, Stat-Pak HIV, Kit, 20 Tests","HIV 1/2, Stat-Pak HIV, Kit",Stat-Pak,no_dosage,Test kit,20,10594,286038.0,27.0,1.35,Chembio Diagnostics Sys. Inc.,True,3039.0,24025.77,560.63
839,8692,131-NG-T01,Pre-PQ Process,SCMS-30500,ASN-2896,Nigeria,PMO - US,Direct Drop,CIP,Air,2008-03-23,2008-09-23,2009-03-10,2008-11-24,2008-11-24,ARV,Adult,MERCK SHARP & DOHME IDEA GMBH (FORMALLY MERCK SHARP & DOHME B.V.),"Efavirenz/Emtricitabine/Tenofovir Disoproxil Fumarate 600/200/300mg [Atripla], tablets, 30 Tabs",Efavirenz/Emtricitabine/Tenofovir Disoproxil Fumarate,Atripla,600/200/300mg,Tablet - FDC,30,2000,100800.0,50.4,1.68,"MSD, Haarlem, NL",True,169.0,924.4,197.57
840,8693,131-NG-T01,Pre-PQ Process,SCMS-30501,ASN-3706,Nigeria,PMO - US,Direct Drop,CIP,Air,2008-03-23,2008-09-23,2009-03-10,2009-03-10,2009-03-10,ARV,Adult,MERCK SHARP & DOHME IDEA GMBH (FORMALLY MERCK SHARP & DOHME B.V.),"Efavirenz/Emtricitabine/Tenofovir Disoproxil Fumarate 600/200/300mg [Atripla], tablets, 30 Tabs",Efavirenz/Emtricitabine/Tenofovir Disoproxil Fumarate,Atripla,600/200/300mg,Tablet - FDC,30,3991,201146.4,50.4,1.68,"MSD, Haarlem, NL",True,668.5,0.0,394.25
841,8713,102-BW-T01,Pre-PQ Process,SCMS-31360,ASN-2737,Botswana,PMO - US,Direct Drop,EXW,Air,2008-04-02,2008-10-02,2008-11-20,2008-11-20,2008-11-20,HRDT,HIV test - Ancillary,Orasure Technologies Inc.,"#109435**HIV, OraQuick Controls Kit, 3 Vials","HIV, OraQuick Controls Kit, 3 Vials",OraQuick,no_dosage,Test kit - Ancillary,3,10,152.5,15.25,5.08,"Orasure Technologies, Inc USA",True,7.0,526.05,0.3
842,8714,110-ZM-T01,Pre-PQ Process,SCMS-31390,ASN-3508,Zambia,PMO - US,Direct Drop,EXW,Air,2008-04-02,2008-10-02,2009-03-18,2009-03-18,2009-03-18,HRDT,HIV test - Ancillary,"Orgenics, Ltd","HIV, Lancet, Safety, for HIV Test kits, 100 Pcs","HIV, Lancet, Safety, for HIV Test kits, 100 Pcs",Generic,no_dosage,Test kit - Ancillary,100,5500,55.0,0.01,0.0,Inverness Japan,False,2023.0,14019.38,0.11
843,8737,119-NA-T01,Pre-PQ Process,SCMS-31790,ASN-2947,Namibia,PMO - US,Direct Drop,EXW,Air,2008-04-14,2008-10-14,2008-12-22,2008-12-22,2008-12-22,HRDT,HIV test,"Trinity Biotech, Plc","HIV 1/2, Uni-Gold HIV Kit, 20 Tests","HIV 1/2, Uni-Gold HIV Kit",Uni-Gold,no_dosage,Test kit,20,650,20800.0,32.0,1.6,"Trinity Biotech, Plc",True,278.0,7936.81,40.77
844,8738,119-NA-T01,Pre-PQ Process,SCMS-31800,ASN-3210,Namibia,PMO - US,Direct Drop,EXW,Air,2008-04-14,2008-10-14,2009-01-23,2009-01-23,2009-01-23,HRDT,HIV test,"Orgenics, Ltd","HIV 1/2, Clearview Complete Kit, 25 Tests","HIV 1/2, Clearview Complete Kit",Clearview,no_dosage,Test kit,25,20,1500.0,75.0,3.0,Inverness USA,True,9.0,1153.43,2.94
845,8760,141-NA-T01,Pre-PQ Process,SCMS-32420,ASN-3079,Namibia,PMO - US,Direct Drop,EXW,Air,2008-04-24,2008-10-24,2009-01-14,2009-01-14,2009-01-14,HRDT,HIV test,"Trinity Biotech, Plc","HIV 1/2, Uni-Gold HIV Kit, 20 Tests","HIV 1/2, Uni-Gold HIV Kit",Uni-Gold,no_dosage,Test kit,20,35,1120.0,32.0,1.6,"Trinity Biotech, Plc",True,12.0,585.12,2.2
846,8770,117-ET-T01,Pre-PQ Process,SCMS-32640,ASN-2936,Ethiopia,PMO - US,Direct Drop,EXW,Air,2008-04-27,2008-10-27,2008-12-03,2008-12-01,2008-12-01,HRDT,HIV test,"SHANGHAI KEHUA BIOENGINEERING CO.,LTD.  (KHB)","HIV 1/2, SKB Colloidal Gold, Diagnostic Kit, Antibody, 50 Tests","HIV 1/2, Colloidal Gold, Diagnostic Kit, Antibody",Colloidal Gold,no_dosage,Test kit,1,3470,79810.0,23.0,23.0,"KHB Test Kit Facility, Shanghai China",True,2509.0,22803.8,156.43
847,8802,109-TZ-T01,Pre-PQ Process,SCMS-34430,ASN-3699,Tanzania,PMO - US,Direct Drop,EXW,Air,2008-06-02,2008-12-02,2009-05-17,2009-05-17,2009-05-17,HRDT,HIV test,"Trinity Biotech, Plc","HIV 1/2, Uni-Gold HIV Kit, 20 Tests","HIV 1/2, Uni-Gold HIV Kit",Uni-Gold,no_dosage,Test kit,20,839,26848.0,32.0,1.6,"Trinity Biotech, Plc",True,277.0,3146.63,52.62
848,8803,109-TZ-T01,Pre-PQ Process,SCMS-34690,ASN-3853,Tanzania,PMO - US,Direct Drop,CIP,Air,2008-06-30,2008-12-30,2009-06-15,2009-06-15,2009-06-15,ARV,Adult,MERCK SHARP & DOHME IDEA GMBH (FORMALLY MERCK SHARP & DOHME B.V.),"Efavirenz/Emtricitabine/Tenofovir Disoproxil Fumarate 600/200/300mg [Atripla], tablets, 30 Tabs",Efavirenz/Emtricitabine/Tenofovir Disoproxil Fumarate,Atripla,600/200/300mg,Tablet - FDC,30,2680,135072.0,50.4,1.68,"MSD, Haarlem, NL",False,549.0,8925.0,264.74
849,8864,109-TZ-T01,Pre-PQ Process,SCMS-36490,ASN-3170,Tanzania,PMO - US,Direct Drop,FCA,Air,2008-06-30,2008-12-30,2009-02-23,2009-02-23,2009-02-23,ARV,Adult,ABBVIE LOGISTICS (FORMERLY ABBOTT LOGISTICS BV),"Lopinavir/Ritonavir 200/50mg [Aluvia], tablets, 120 Tabs",Lopinavir/Ritonavir,Aluvia,200/50mg,Tablet,120,12500,513750.0,41.1,0.34,ABBVIE Ludwigshafen Germany,True,3088.0,12937.16,1006.95
850,8892,108-VN-T01,Pre-PQ Process,SCMS-37200,ASN-3630,Vietnam,PMO - US,Direct Drop,EXW,Air,2008-07-16,2009-01-16,2009-04-09,2009-04-09,2009-04-09,ARV,Adult,MYLAN LABORATORIES LTD (FORMERLY MATRIX LABORATORIES),"Zidovudine 300mg, tablets, 60 Tabs",Zidovudine,Generic,300mg,Tablet,60,168,1260.0,7.5,0.12,Mylan (formerly Matrix) Nashik,True,9.0,2793.62,2.47
851,8893,108-VN-T01,Pre-PQ Process,SCMS-37190,ASN-3522,Vietnam,PMO - US,Direct Drop,EXW,Air,2008-07-16,2009-01-16,2009-03-27,2009-03-27,2009-03-27,ARV,Adult,CIPLA LIMITED,"Lamivudine/Nevirapine/Stavudine 150/200/30mg, tablets, 60 Tabs",Lamivudine/Nevirapine/Stavudine,Generic,150/200/30mg,Tablet - FDC,60,24480,168912.0,6.9,0.12,"Cipla, Goa, India",True,2165.0,4443.97,331.07
852,8909,144-BW-T01,Pre-PQ Process,SCMS-38050,ASN-3424,Botswana,PMO - US,Direct Drop,EXW,Air,2008-08-06,2009-02-06,2009-03-03,2009-03-03,2009-03-03,HRDT,HIV test,Orasure Technologies Inc.,"HIV 1/2, OraQuick Advance HIV Rapid Antibody Kit, 100 Tests","HIV 1/2, OraQuick Advance HIV Rapid Antibody Kit",OraQuick,no_dosage,Test kit,100,5,1750.0,350.0,3.5,"Pacific Biotech, Thailand",True,12.0,810.85,3.43
853,8922,109-TZ-T01,Pre-PQ Process,SCMS-38410,ASN-4381,Tanzania,PMO - US,Direct Drop,FCA,Air,2008-08-05,2009-02-05,2009-08-11,2009-08-11,2009-08-11,ARV,Adult,ABBVIE LOGISTICS (FORMERLY ABBOTT LOGISTICS BV),"Lopinavir/Ritonavir 200/50mg [Aluvia], tablets, 120 Tabs",Lopinavir/Ritonavir,Aluvia,200/50mg,Tablet,120,60,2466.0,41.1,0.34,ABBVIE Ludwigshafen Germany,False,108.0,8925.0,4.83
854,8951,107-RW-T01,Pre-PQ Process,SCMS-38680,ASN-3697,Rwanda,PMO - US,Direct Drop,EXW,Air,2008-08-18,2009-02-18,2009-04-06,2009-04-06,2009-04-06,HRDT,HIV test,"Trinity Biotech, Plc","HIV 1/2, Uni-Gold HIV Kit, 20 Tests","HIV 1/2, Uni-Gold HIV Kit",Uni-Gold,no_dosage,Test kit,20,1163,37216.0,32.0,1.6,"Trinity Biotech, Plc",True,385.0,6269.97,72.94
855,8989,107-RW-T01,Pre-PQ Process,SCMS-30311,ASN-3852,Rwanda,PMO - US,Direct Drop,CIP,Air,2008-04-21,2008-10-21,2009-04-21,2009-04-21,2009-04-21,ARV,Adult,CIPLA LIMITED,"Lamivudine/Zidovudine 150/300mg, tablets, 60 Tabs",Lamivudine/Zidovudine,Generic,150/300mg,Tablet - FDC,60,22752,207043.2,9.1,0.15,"Cipla, Goa, India",True,2086.0,853.87,405.8
856,8996,106-HT-T01,Pre-PQ Process,SCMS-39940,ASN-3753,Haiti,PMO - US,Direct Drop,FCA,Air,2008-09-04,2009-03-04,2009-04-15,2009-04-15,2009-04-15,ARV,Pediatric,ABBVIE LOGISTICS (FORMERLY ABBOTT LOGISTICS BV),"Lopinavir/Ritonavir 100/25mg [Aluvia], tablets, 60 Tabs",Lopinavir/Ritonavir,Generic,100/25mg,Tablet,60,14,143.92,10.28,0.17,ABBVIE Ludwigshafen Germany,True,7.0,810.36,0.28
857,9000,106-HT-T01,Pre-PQ Process,SCMS-40050,ASN-3743,Haiti,PMO - US,Direct Drop,EXW,Air,2008-09-06,2009-03-06,2009-04-21,2009-04-21,2009-04-21,ARV,Adult,MYLAN LABORATORIES LTD (FORMERLY MATRIX LABORATORIES),"Tenofovir Disoproxil Fumarate 300mg, tablets, 30 Tabs",Tenofovir Disoproxil Fumarate,Generic,300mg,Tablet,30,560,5040.0,9.0,0.3,Mylan (formerly Matrix) Nashik,True,32050.0,806.55,9.88
858,9002,106-HT-T01,Pre-PQ Process,SCMS-40060,ASN-3712,Haiti,PMO - US,Direct Drop,FCA,Air,2008-09-06,2009-03-06,2009-04-20,2009-04-20,2009-04-20,ARV,Pediatric,ABBVIE LOGISTICS (FORMERLY ABBOTT LOGISTICS BV),"Lopinavir/Ritonavir 80/20mg/ml [Kaletra], oral solution, cool, Bottle 5 x 60 ml",Lopinavir/Ritonavir,Kaletra,80/20mg/ml,Oral solution,300,50,2055.0,41.1,0.14,ABBVIE (Abbott) Logis. UK,True,99.0,2704.58,4.03
859,9022,116-ZA-T01,Pre-PQ Process,SCMS-40800,ASN-3577,South Africa,PMO - US,Direct Drop,DDP,Air,2008-03-24,2008-09-24,2009-03-24,2008-12-01,2008-12-01,ARV,Pediatric,S. BUYS WHOLESALER,"Lopinavir/Ritonavir 80/20mg/ml [Kaletra], oral solution, cool, Bottle 5 x 60 ml",Lopinavir/Ritonavir,Kaletra,80/20mg/ml,Oral solution,300,90,2834.1,31.49,0.1,ABBVIE (Abbott) Logis. UK,True,7.5,0.0,5.55
860,9023,116-ZA-T01,Pre-PQ Process,SCMS-40830,ASN-3578,South Africa,PMO - US,Direct Drop,DDP,Air,2008-04-28,2008-10-28,2009-04-28,2008-12-19,2008-12-19,ARV,Adult,S. BUYS WHOLESALER,"Efavirenz 600mg, tablets, 30 Tabs",Efavirenz,Generic,600mg,Tablet,30,3710,60732.7,16.37,0.55,"Aurobindo Unit III, India",True,668.5,0.0,119.04
861,9024,116-ZA-T01,Pre-PQ Process,SCMS-40840,ASN-3779,South Africa,PMO - US,Direct Drop,DDP,Air,2008-04-03,2008-10-03,2009-04-03,2009-04-03,2009-04-03,ARV,Adult,S. BUYS WHOLESALER,"Stavudine 30mg, capsules, 60 Caps",Stavudine,Generic,30mg,Capsule,60,25637,63323.39,2.47,0.04,"Aurobindo Unit III, India",True,668.5,0.0,124.11
862,9025,116-ZA-T01,Pre-PQ Process,SCMS-40870,ASN-3582,South Africa,PMO - US,Direct Drop,DDP,Air,2008-06-30,2008-12-30,2009-06-30,2009-01-30,2009-01-30,ARV,Adult,S. BUYS WHOLESALER,"Lamivudine 150mg, tablets, 60 Tabs",Lamivudine,Generic,150mg,Tablet,60,1200,6564.0,5.47,0.09,"Aurobindo Unit III, India",True,128.0,0.0,12.87
863,9026,116-ZA-T01,Pre-PQ Process,SCMS-40880,ASN-3610,South Africa,PMO - US,Direct Drop,DDP,Air,2008-07-07,2009-01-07,2009-07-07,2009-02-02,2009-02-02,ARV,Adult,S. BUYS WHOLESALER,"Lamivudine 150mg, tablets, 60 Tabs",Lamivudine,Generic,150mg,Tablet,60,16000,85280.0,5.33,0.09,"Aurobindo Unit III, India",False,1680.0,0.0,167.15
864,9032,116-ZA-T01,Pre-PQ Process,SCMS-41040,ASN-3623,South Africa,PMO - US,Direct Drop,DDP,Air,2008-04-07,2008-10-07,2009-04-07,2008-12-03,2008-12-03,ARV,Pediatric,S. BUYS WHOLESALER,"Lamivudine 10mg/ml [Epivir], oral solution, Bottle, 240 ml",Lamivudine,Epivir,10mg/ml,Oral solution,240,2000,10380.0,5.19,0.02,GSK Mississauga (Canada),False,274.0,0.0,20.34
865,9033,116-ZA-T01,Pre-PQ Process,SCMS-41080,ASN-3637,South Africa,PMO - US,Direct Drop,DDP,Air,2008-05-26,2008-11-26,2009-05-26,2009-01-22,2009-01-22,ARV,Pediatric,S. BUYS WHOLESALER,"Lamivudine 10mg/ml, oral solution, Bottle, 240 ml",Lamivudine,Generic,10mg/ml,Oral solution,240,1500,5445.0,3.63,0.02,"Aurobindo Unit III, India",False,575.0,0.0,10.67
866,9034,116-ZA-T01,Pre-PQ Process,SCMS-41100,ASN-4668,South Africa,PMO - US,Direct Drop,DDP,Air,2008-09-13,2009-03-13,2009-06-17,2009-04-03,2009-04-03,ARV,Adult,S. BUYS WHOLESALER,"Zidovudine 300mg, tablets, 60 Tabs",Zidovudine,Generic,300mg,Tablet,60,4023,46988.64,11.68,0.19,"Aurobindo Unit III, India",True,668.5,0.0,92.1
867,9036,116-ZA-T01,Pre-PQ Process,SCMS-41140,ASN-3752,South Africa,PMO - US,Direct Drop,DDP,Air,2008-03-30,2008-09-30,2009-03-31,2008-11-21,2008-11-21,ARV,Adult,S. BUYS WHOLESALER,"Nevirapine 200mg, tablets, 60 Tabs",Nevirapine,Generic,200mg,Tablet,60,200,2998.0,14.99,0.25,"Cipla, Goa, India",False,22.0,0.0,5.88
868,9037,116-ZA-T01,Pre-PQ Process,SCMS-41140,ASN-3752,South Africa,PMO - US,Direct Drop,DDP,Air,2008-03-30,2008-09-30,2009-03-31,2008-11-21,2008-11-21,ARV,Pediatric,S. BUYS WHOLESALER,"Efavirenz 200mg [Stocrin/Sustiva], capsule, 90 Caps",Efavirenz,Stocrin/Sustiva,200mg,Capsule,90,100,2454.0,24.54,0.27,"MSD Midrand, J'burg, SA",False,36.0,0.0,4.81
869,9038,116-ZA-T01,Pre-PQ Process,SCMS-41150,ASN-3759,South Africa,PMO - US,Direct Drop,DDP,Air,2008-04-01,2008-10-01,2009-04-01,2008-11-21,2008-11-21,ARV,Pediatric,S. BUYS WHOLESALER,"Lopinavir/Ritonavir 80/20mg/ml [Kaletra], oral solution, cool, Bottle 5 x 60 ml",Lopinavir/Ritonavir,Kaletra,80/20mg/ml,Oral solution,300,80,2388.8,29.86,0.1,ABBVIE (Abbott) Logis. UK,False,19.0,0.0,4.68
870,9039,116-ZA-T01,Pre-PQ Process,SCMS-41190,ASN-3732,South Africa,PMO - US,Direct Drop,DDP,Air,2008-03-30,2008-09-30,2009-03-30,2009-01-21,2009-01-21,ARV,Adult,S. BUYS WHOLESALER,"Lopinavir/Ritonavir 200/50mg [Aluvia], tablets, 120 Tabs",Lopinavir/Ritonavir,Aluvia,200/50mg,Tablet,120,200,6182.0,30.91,0.26,ABBVIE Ludwigshafen Germany,False,22.0,0.0,12.12
871,9040,116-ZA-T01,Pre-PQ Process,SCMS-41190,ASN-3732,South Africa,PMO - US,Direct Drop,DDP,Air,2008-03-30,2008-09-30,2009-03-30,2009-01-21,2009-01-21,ARV,Pediatric,S. BUYS WHOLESALER,"Zidovudine 10mg/ml [Retrovir], oral solution, Bottle, 200 ml",Zidovudine,Retrovir,10mg/ml,Oral solution,200,140,833.0,5.95,0.03,GSK Mississauga (Canada),False,17.0,0.0,1.63
872,9041,116-ZA-T01,Pre-PQ Process,SCMS-41190,ASN-3732,South Africa,PMO - US,Direct Drop,DDP,Air,2008-03-30,2008-09-30,2009-03-30,2009-01-21,2009-01-21,ARV,Adult,S. BUYS WHOLESALER,"Emtricitabine/Tenofovir Disoproxil Fumarate 200/300mg [Truvada], tablets, 30 Tabs",Emtricitabine/Tenofovir Disoproxil Fumarate,Truvada,300/200mg,Tablet - FDC,30,60,1813.2,30.22,1.01,"Aspen-OSD, Port Elizabeth, SA",False,108.0,0.0,3.55
873,9042,116-ZA-T01,Pre-PQ Process,SCMS-41190,ASN-3732,South Africa,PMO - US,Direct Drop,DDP,Air,2008-03-30,2008-09-30,2009-03-30,2009-01-21,2009-01-21,ARV,Pediatric,S. BUYS WHOLESALER,"Nevirapine 10mg/ml [Viramune], oral suspension, Bottle, 240 ml",Nevirapine,Viramune,10mg/ml,Oral suspension,240,30,323.4,10.78,0.04,"BI, Ingelheim, Germany",False,55.0,0.0,0.63
874,9043,116-ZA-T01,Pre-PQ Process,SCMS-41210,ASN-3737,South Africa,PMO - US,Direct Drop,DDP,Air,2008-03-30,2008-09-30,2009-03-30,2009-01-23,2009-01-23,ARV,Adult,S. BUYS WHOLESALER,"Lamivudine 150mg [Epivir], tablets, 60 Tabs",Lamivudine,Epivir,150mg,Tablet,60,1200,6012.0,5.01,0.08,GSK Cape Town Factory (South Africa),False,128.0,0.0,11.78
875,9053,116-ZA-T01,Pre-PQ Process,SCMS-41588,ASN-4359,South Africa,PMO - US,Direct Drop,DDP,Air,2008-09-27,2009-03-27,2009-06-25,2009-04-17,2009-04-17,ARV,Pediatric,S. BUYS WHOLESALER,"Didanosine 100mg [Videx],chewable tablets, 60 Tabs",Didanosine,Videx,100mg,Chewable/dispersible tablet,60,2160,23133.6,10.71,0.18,"BMS Meymac, France",True,1122.0,0.0,45.34
876,9054,116-ZA-T01,Pre-PQ Process,SCMS-41585,ASN-4386,South Africa,PMO - US,Direct Drop,DDP,Air,2008-09-27,2009-03-27,2009-06-25,2009-04-21,2009-04-21,ARV,Adult,S. BUYS WHOLESALER,"Lamivudine 150mg [Epivir], tablets, 60 Tabs",Lamivudine,Epivir,150mg,Tablet,60,3000,16080.0,5.36,0.09,GSK Cape Town Factory (South Africa),False,342.0,0.0,31.52
877,9055,116-ZA-T01,Pre-PQ Process,SCMS-41586,ASN-4387,South Africa,PMO - US,Direct Drop,DDP,Air,2008-09-27,2009-03-27,2009-06-25,2009-04-15,2009-04-15,ARV,Adult,S. BUYS WHOLESALER,"Nevirapine 200mg [Viramune], tablets, 60 Tabs",Nevirapine,Viramune,200mg,Tablet,60,6000,100560.0,16.76,0.28,"Boehringer Ing., Koropi, GR",False,581.0,0.0,197.1
878,9056,116-ZA-T01,Pre-PQ Process,SCMS-41587,ASN-4602,South Africa,PMO - US,Direct Drop,DDP,Air,2008-09-27,2009-03-27,2009-06-25,2009-04-16,2009-04-16,ARV,Pediatric,S. BUYS WHOLESALER,"Didanosine 100mg [Videx],chewable tablets, 60 Tabs",Didanosine,Videx,100mg,Chewable/dispersible tablet,60,6840,73256.4,10.71,0.18,"BMS Meymac, France",False,778.0,0.0,143.58
879,9078,116-ZA-T01,Pre-PQ Process,SCMS-47390,ASN-4402,South Africa,PMO - US,Direct Drop,DDP,Truck,2008-10-02,2009-04-02,2009-07-31,2009-04-21,2009-04-21,ARV,Adult,S. BUYS WHOLESALER,"Ritonavir 100mg [Norvir], capsules, cool, 84 Caps",Ritonavir,Norvir,100mg,Capsule,84,10,84.0,8.4,0.1,ABBVIE (Abbott) Logis. UK,False,38.0,0.0,0.16
880,9080,116-ZA-T01,Pre-PQ Process,SCMS-47320,ASN-4224,South Africa,PMO - US,Direct Drop,DDP,Truck,2008-10-02,2009-04-02,2009-05-15,2009-05-15,2009-05-15,ARV,Adult,S. BUYS WHOLESALER,"Didanosine EC 400mg [Videx EC], delayed-release capsules, Blister 3 x 10 Caps",Didanosine EC,Videx EC,400mg,Delayed-release capsules - blister,30,80,1502.4,18.78,0.63,"BMS Meymac, France",True,19.0,0.0,2.94
881,9081,116-ZA-T01,Pre-PQ Process,SCMS-47500,ASN-4332,South Africa,PMO - US,Direct Drop,DDP,Truck,2008-10-02,2009-04-02,2009-05-15,2009-04-23,2009-04-23,ARV,Pediatric,S. BUYS WHOLESALER,"Zidovudine 10mg/ml, oral solution, Bottle, 240 ml",Zidovudine,Generic,10mg/ml,Oral solution,240,200,1208.0,6.04,0.03,"Aurobindo Unit III, India",False,22.0,0.0,2.37
882,9085,104-CI-T01,Pre-PQ Process,SCMS-42600,ASN-4242,Côte d'Ivoire,PMO - US,Direct Drop,EXW,Air,2008-10-02,2009-04-02,2009-07-01,2009-07-01,2009-07-01,HRDT,HIV test,"Standard Diagnostics, Inc.","HIV 1/2, Bioline 3.0 Kit, Lancets, Capillary pipets, Alcohol swabs included, 25 Tests","HIV 1/2, Bioline 3.0 Kit, Lancets, Capillary pipets, Alcohol swabs included",Bioline,no_dosage,Test kit,25,500,10000.0,20.0,0.8,"Standard Diagnostics, Korea",True,136.0,2094.08,19.6
883,9086,110-ZM-T01,Pre-PQ Process,SCMS-42640,ASN-4439,Zambia,PMO - US,Direct Drop,EXW,Air,2008-10-02,2009-04-02,2009-07-23,2009-07-23,2009-07-23,HRDT,HIV test,"Orgenics, Ltd","HIV 1/2, Determine Complete HIV Kit, 100 Tests","HIV 1/2, Determine Complete HIV Kit",Determine,no_dosage,Test kit,100,4500,324000.0,72.0,0.72,Inverness Japan,True,1330.0,11559.65,635.04
884,9088,106-HT-T01,Pre-PQ Process,SCMS-42680,ASN-3808,Haiti,PMO - US,Direct Drop,EXW,Air,2008-10-02,2009-04-02,2009-04-24,2009-04-24,2009-04-24,HRDT,HIV test,"Trinity Biotech, Plc","HIV 1/2, Capillus HIV Kit, 100 Tests","HIV 1/2, Capillus HIV Kit",Capillus,no_dosage,Test kit,100,150,20850.0,139.0,1.39,"Trinity Biotech, Plc",True,105.0,1894.41,40.87
885,9089,106-HT-T01,Pre-PQ Process,SCMS-42690,ASN-4799,Haiti,PMO - US,Direct Drop,EXW,Air,2008-10-02,2009-04-02,2009-08-31,2009-08-31,2009-08-31,HRDT,HIV test,"Trinity Biotech, Plc","HIV 1/2, Capillus HIV Kit, 100 Tests","HIV 1/2, Capillus HIV Kit",Capillus,no_dosage,Test kit,100,150,20850.0,139.0,1.39,"Trinity Biotech, Plc",True,113.0,2486.15,40.87
886,9090,106-HT-T01,Pre-PQ Process,SCMS-42700,ASN-4005,Haiti,PMO - US,Direct Drop,EXW,Air,2008-10-02,2009-04-02,2009-06-03,2009-06-03,2009-06-03,HRDT,HIV test,Orasure Technologies Inc.,"HIV 1/2, OraQuick Advance HIV Rapid Antibody Kit, 100 Tests","HIV 1/2, OraQuick Advance HIV Rapid Antibody Kit",OraQuick,no_dosage,Test kit,100,55,19250.0,350.0,3.5,"Pacific Biotech, Thailand",True,132.0,3013.19,37.73
887,9093,112-NG-T01,Pre-PQ Process,SCMS-42830,ASN-3984,Nigeria,PMO - US,Direct Drop,FCA,Air,2008-10-01,2009-04-01,2009-05-20,2009-05-20,2009-05-20,ARV,Adult,ABBVIE LOGISTICS (FORMERLY ABBOTT LOGISTICS BV),"Lopinavir/Ritonavir 200/50mg [Aluvia], tablets, 120 Tabs",Lopinavir/Ritonavir,Aluvia,200/50mg,Tablet,120,159,6534.9,41.1,0.34,ABBVIE Ludwigshafen Germany,False,668.5,10144.765,12.81
888,9095,102-KE-T01,Pre-PQ Process,SCMS-42981,ASN-4647,Kenya,PMO - US,Direct Drop,EXW,Air,2008-11-14,2009-05-14,2009-07-10,2009-08-28,2009-08-28,HRDT,HIV test,"Orgenics, Ltd","HIV 1/2, Determine Complete HIV Kit, 100 Tests","HIV 1/2, Determine Complete HIV Kit",Determine,no_dosage,Test kit,100,7500,600000.0,80.0,0.8,Inverness Japan,True,2215.0,17974.69,1176.0
889,9096,102-KE-T01,Pre-PQ Process,SCMS-42990,ASN-3894,Kenya,PMO - US,Direct Drop,EXW,Air,2008-10-04,2009-04-04,2009-05-20,2009-05-20,2009-05-20,HRDT,HIV test,"Standard Diagnostics, Inc.","HIV 1/2, Bioline 3.0 Kit, (no accessories), 30 Tests","HIV 1/2, Bioline 3.0 Kit (no accessories)",Bioline,no_dosage,Test kit,30,5000,120000.0,24.0,0.8,"Standard Diagnostics, Korea",True,1558.0,11653.64,235.2
890,9100,133-NG-T01,Pre-PQ Process,SCMS-43320,ASN-4100,Nigeria,PMO - US,Direct Drop,EXW,Air,2008-10-09,2009-04-09,2009-06-24,2009-06-08,2009-06-08,HRDT,HIV test,"Orgenics, Ltd","HIV 1/2, Determine Complete HIV Kit, 100 Tests","HIV 1/2, Determine Complete HIV Kit",Determine,no_dosage,Test kit,100,1500,120000.0,80.0,0.8,Inverness Japan,True,445.0,7120.0,235.2
891,9145,139-NA-T01,Pre-PQ Process,SCMS-44710,ASN-3897,Namibia,PMO - US,Direct Drop,EXW,Air,2008-10-20,2009-04-20,2009-06-05,2009-06-05,2009-06-05,HRDT,HIV test,"Trinity Biotech, Plc","HIV 1/2, Uni-Gold HIV Kit, 20 Tests","HIV 1/2, Uni-Gold HIV Kit",Uni-Gold,no_dosage,Test kit,20,600,19200.0,32.0,1.6,"Trinity Biotech, Plc",True,205.0,6148.29,37.63
892,9151,108-VN-T01,Pre-PQ Process,SCMS-45010,ASN-4303,Vietnam,PMO - US,Direct Drop,EXW,Air,2008-10-29,2009-04-29,2009-07-11,2009-07-11,2009-07-11,ARV,Adult,CIPLA LIMITED,"Lamivudine/Nevirapine/Stavudine 150/200/30mg, tablets, 60 Tabs",Lamivudine/Nevirapine/Stavudine,Generic,150/200/30mg,Tablet - FDC,60,19392,130896.0,6.75,0.11,"Cipla, Goa, India",True,1899.0,5209.46,256.56
893,9154,108-VN-T01,Pre-PQ Process,SCMS-45070,ASN-4419,Vietnam,PMO - US,Direct Drop,EXW,Air,2008-10-29,2009-04-29,2009-07-10,2009-07-10,2009-07-10,ARV,Adult,Aurobindo Pharma Limited,"Lamivudine 150mg, tablets, 60 Tabs",Lamivudine,Generic,150mg,Tablet,60,6000,14400.0,2.4,0.04,"Aurobindo Unit III, India",False,581.0,4400.805,28.22
894,9173,119-NA-T01,Pre-PQ Process,SCMS-45630,ASN-4079,Namibia,PMO - US,Direct Drop,EXW,Air,2008-11-08,2009-05-08,2009-06-08,2009-06-08,2009-06-08,ARV,Pediatric,Aurobindo Pharma Limited,"Stavudine 1mg/ml, powder for oral solution, 200 ml",Stavudine,Generic,1mg/ml,Oral solution,200,800,1072.0,1.34,0.01,"Aurobindo Unit III, India",True,98.0,1770.43,2.1
895,9179,102-BW-T01,Pre-PQ Process,SCMS-46110,ASN-4184,Botswana,PMO - US,Direct Drop,EXW,Air,2008-11-18,2009-05-18,2009-06-19,2009-06-19,2009-06-19,HRDT,HIV test,"Trinity Biotech, Plc","HIV 1/2, Uni-Gold HIV Kit, 20 Tests","HIV 1/2, Uni-Gold HIV Kit",Uni-Gold,no_dosage,Test kit,20,75,2400.0,32.0,1.6,"Trinity Biotech, Plc",True,25.0,808.0,4.7
896,9187,108-VN-T01,Pre-PQ Process,SCMS-46540,ASN-4487,Vietnam,PMO - US,Direct Drop,CIP,Air,2008-11-27,2009-05-27,2009-07-23,2009-07-23,2009-07-23,ARV,Pediatric,BRISTOL-MYERS SQUIBB,"Didanosine 25mg [Videx], chewable tablets, 60 Tabs",Didanosine,Videx,25mg,Chewable/dispersible tablet,60,80,560.0,7.0,0.12,"BMS Meymac, France",False,19.0,0.0,1.1
897,9200,116-ZA-T01,Pre-PQ Process,SCMS-47050,ASN-4819,South Africa,PMO - US,Direct Drop,DDP,Truck,2008-12-05,2009-06-05,2009-10-12,2009-07-21,2009-07-21,ARV,Adult,S. BUYS WHOLESALER,"Efavirenz 600mg, tablets, 30 Tabs",Efavirenz,Generic,600mg,Tablet,30,1000,17020.0,17.02,0.57,"Cipla, Goa, India",False,132.0,0.0,33.36
898,9201,116-ZA-T01,Pre-PQ Process,SCMS-47050,ASN-4819,South Africa,PMO - US,Direct Drop,DDP,Truck,2008-12-05,2009-06-05,2009-10-12,2009-07-21,2009-07-21,ARV,Adult,S. BUYS WHOLESALER,"Emtricitabine/Tenofovir Disoproxil Fumarate 200/300mg [Truvada], tablets, 30 Tabs",Emtricitabine/Tenofovir Disoproxil Fumarate,Truvada,300/200mg,Tablet - FDC,30,260,10670.4,41.04,1.37,"Aspen-OSD, Port Elizabeth, SA",False,55.0,0.0,20.91
899,9202,116-ZA-T01,Pre-PQ Process,SCMS-47052,ASN-5370,South Africa,PMO - US,Direct Drop,DDP,Truck,2008-12-05,2009-06-05,2009-10-12,2009-10-08,2009-10-08,ARV,Pediatric,S. BUYS WHOLESALER,"Stavudine 1mg/ml, powder for oral solution, 200 ml",Stavudine,Generic,1mg/ml,Oral solution,200,1200,2796.0,2.33,0.01,"Aurobindo Unit III, India",True,128.0,0.0,6.03
900,9225,123-NG-T01,Pre-PQ Process,SCMS-48440,ASN-4596,Nigeria,PMO - US,Direct Drop,FCA,Air,2009-01-13,2009-07-13,2009-09-03,2009-09-03,2009-09-03,ARV,Adult,ABBVIE LOGISTICS (FORMERLY ABBOTT LOGISTICS BV),"Lopinavir/Ritonavir 200/50mg [Aluvia], tablets, 120 Tabs",Lopinavir/Ritonavir,Aluvia,200/50mg,Tablet,120,5000,205500.0,41.1,0.34,ABBVIE Ludwigshafen Germany,True,1246.0,10490.77,402.78
901,9243,104-CI-T01,Pre-PQ Process,SCMS-29,ASN-114,Côte d'Ivoire,PMO - US,Direct Drop,EXW,Air,2005-10-10,2006-04-10,2006-10-10,2006-10-10,2006-10-10,HRDT,HIV test,BIO-RAD LABORATORIES (FRANCE),"#108853** HIV, Genie II HIV-1/HIV-2 Kit, 40 Tests","HIV, Genie II HIV-1/HIV-2 Kit",Genie,no_dosage,Test kit,40,733,55231.55,75.35,1.88,Bio-Rad Laboratories,True,783.0,7079.25,0.0
902,9252,110-ZM-T01,Pre-PQ Process,SCMS-61,ASN-43,Zambia,PMO - US,Direct Drop,EXW,Air,2005-09-30,2006-03-30,2006-09-30,2006-09-30,2006-09-30,HRDT,HIV test,Abbott GmbH & Co. KG,"HIV 1/2, Determine Complete HIV Kit, 100 Tests","HIV 1/2, Determine Complete HIV Kit",Determine,no_dosage,Test kit,100,1250,100000.0,80.0,0.8,ABBVIE GmbH & Co.KG Wiesbaden,True,428.0,2829.61,0.0
903,9253,106-HT-T01,Pre-PQ Process,SCMS-63,ASN-83,Haiti,PMO - US,Direct Drop,EXW,Air,2005-10-18,2006-04-18,2006-10-18,2006-10-18,2006-10-18,HRDT,HIV test,Abbott GmbH & Co. KG,"HIV 1/2, Determine Complete HIV Kit, 100 Tests","HIV 1/2, Determine Complete HIV Kit",Determine,no_dosage,Test kit,100,500,40000.0,80.0,0.8,ABBVIE GmbH & Co.KG Wiesbaden,True,169.0,1215.84,0.0
904,9255,108-VN-T01,Pre-PQ Process,SCMS-77,ASN-56,Vietnam,PMO - US,Direct Drop,EXW,Air,2005-10-03,2006-04-03,2006-10-03,2006-10-03,2006-10-03,ARV,Adult,Aurobindo Pharma Limited,"Abacavir 300mg, tablets, 60 Tabs",Abacavir,Generic,300mg,Tablet,60,1000,44500.0,44.5,0.74,"Aurobindo Unit III, India",True,91.0,7878.06,0.0
905,9269,105-GY-T01,Pre-PQ Process,SCMS-123,ASN-78,Guyana,PMO - US,Direct Drop,EXW,Air,2005-11-08,2006-05-08,2006-11-08,2006-11-08,2006-11-08,ARV,Adult,Aurobindo Pharma Limited,"Zidovudine 300mg, tablets, 60 Tabs",Zidovudine,Generic,300mg,Tablet,60,245,2707.25,11.05,0.18,"Aurobindo Unit III, India",True,13.0,1020.6,0.0
906,9279,114-UG-T01,Pre-PQ Process,SCMS-157,ASN-127,Uganda,PMO - US,Direct Drop,EXW,Air,2005-12-21,2006-06-21,2006-12-21,2006-12-21,2006-12-21,ARV,Adult,Aurobindo Pharma Limited,"Efavirenz 600mg, tablets, 30 Tabs",Efavirenz,Generic,600mg,Tablet,30,5080,85090.0,16.75,0.56,"Aurobindo Unit III, India",False,1172.0,2485.92,0.0
907,9280,110-ZM-T01,Pre-PQ Process,SCMS-163,ASN-123,Zambia,PMO - US,Direct Drop,EXW,Air,2005-12-20,2006-06-20,2006-12-20,2006-12-20,2006-12-20,ARV,Adult,Aurobindo Pharma Limited,"Lamivudine/Zidovudine 150/300mg, tablets, 60 Tabs",Lamivudine/Zidovudine,Generic,150/300mg,Tablet - FDC,60,38534,423874.0,11.0,0.18,"Aurobindo Unit III, India",False,668.5,14019.38,0.0
908,9316,102-NG-T01,Pre-PQ Process,SCMS-694,ASN-582,Nigeria,PMO - US,Direct Drop,EXW,Air,2006-12-06,2007-06-06,2007-08-06,2007-08-06,2007-08-06,HRDT,HIV test,Abbott GmbH & Co. KG,"HIV 1/2, Determine Complete HIV Kit, 100 Tests","HIV 1/2, Determine Complete HIV Kit",Determine,no_dosage,Test kit,100,3500,280000.0,80.0,0.8,ABBVIE GmbH & Co.KG Wiesbaden,True,1192.0,10879.22,448.0
909,9321,104-CI-T01,Pre-PQ Process,SCMS-698,ASN-727,Côte d'Ivoire,PMO - US,Direct Drop,CIP,Air,2007-01-13,2007-07-13,2007-10-02,2007-10-02,2007-10-02,ARV,Adult,BRISTOL-MYERS SQUIBB,"Stavudine 20mg [Zerit], capsules, 60 Caps",Stavudine,Zerit,20mg,Capsule,60,1389,7833.96,5.64,0.09,"BMS Meymac, France",False,668.5,0.0,12.53
910,9331,108-VN-T01,Pre-PQ Process,SCMS-749,ASN-737,Vietnam,PMO - US,Direct Drop,EXW,Air,2007-01-03,2007-07-03,2007-10-02,2007-10-02,2007-10-02,ARV,Adult,Aurobindo Pharma Limited,"Lamivudine/Nevirapine/Zidovudine 150/200/300mg, tablets, 60 Tabs",Lamivudine/Nevirapine/Zidovudine,Generic,150/300/200mg,Tablet - FDC,60,7000,94500.0,13.5,0.22,"Aurobindo Unit III, India",False,719.5,4400.805,151.2
911,9351,109-TZ-T01,Pre-PQ Process,SCMS-10280,ASN-787,Tanzania,PMO - US,Direct Drop,EXW,Air,2006-11-22,2007-05-22,2007-11-22,2007-11-22,2007-11-22,HRDT,HIV test,"Standard Diagnostics, Inc.","HIV 1/2, Bioline 3.0 Kit, Lancets, Capillary pipets, Alcohol swabs included, 25 Tests","HIV 1/2, Bioline 3.0 Kit, Lancets, Capillary pipets, Alcohol swabs included",Bioline,no_dosage,Test kit,25,10000,200000.0,20.0,0.8,"Standard Diagnostics, Korea",True,3345.0,29470.0,320.0
912,9352,109-TZ-T01,Pre-PQ Process,SCMS-10350,ASN-1933,Tanzania,PMO - US,Direct Drop,EXW,Air,2007-04-23,2007-10-23,2008-07-22,2008-07-22,2008-07-22,HRDT,HIV test,"Standard Diagnostics, Inc.","HIV 1/2, Bioline 3.0 Kit, Lancets, Capillary pipets, Alcohol swabs included, 25 Tests","HIV 1/2, Bioline 3.0 Kit, Lancets, Capillary pipets, Alcohol swabs included",Bioline,no_dosage,Test kit,25,10000,200000.0,20.0,0.8,"Standard Diagnostics, Korea",True,3110.0,22663.18,320.0
913,9353,102-BW-T01,Pre-PQ Process,SCMS-10390,ASN-644,Botswana,PMO - US,Direct Drop,EXW,Air,2007-01-31,2007-07-31,2007-08-31,2007-08-31,2007-08-31,HRDT,HIV test,Orasure Technologies Inc.,"HIV 1/2, OraQuick Advance HIV Rapid Antibody Kit, 100 Tests","HIV 1/2, OraQuick Advance HIV Rapid Antibody Kit",OraQuick,no_dosage,Test kit,100,10,3500.0,350.0,3.5,"Pacific Biotech, Thailand",True,24.0,1091.64,5.6
914,9366,108-VN-T01,Pre-PQ Process,SCMS-10980,ASN-1016,Vietnam,PMO - US,Direct Drop,EXW,Air,2007-01-04,2007-07-04,2007-12-06,2007-12-06,2007-12-06,ARV,Pediatric,Aurobindo Pharma Limited,"Didanosine 100mg, chewable/dispersible tablets, 60 Tabs",Didanosine,Generic,100mg,Chewable/dispersible tablet,60,1300,10075.0,7.75,0.13,"Aurobindo Unit III, India",True,270.0,3850.43,16.12
915,9389,102-GY-T01,Pre-PQ Process,SCMS-11660,ASN-766,Guyana,PMO - US,Direct Drop,EXW,Air,2007-02-28,2007-08-28,2007-10-05,2007-10-05,2007-10-05,HRDT,HIV test,"CHEMBIO DIAGNOSTIC SYSTEMS, INC.","HIV 1/2, Stat-Pak HIV, Kit, 20 Tests","HIV 1/2, Stat-Pak HIV, Kit",Stat-Pak,no_dosage,Test kit,20,120,3240.0,27.0,1.35,Chembio Diagnostics Sys. Inc.,True,35.0,379.62,5.18
916,9390,113-ZW-T01,Pre-PQ Process,SCMS-11680,ASN-746,Zimbabwe,PMO - US,Direct Drop,EXW,Air,2007-02-28,2007-08-28,2007-10-09,2007-10-09,2007-10-09,HRDT,HIV test,Orasure Technologies Inc.,"HIV 1/2, OraQuick Advance HIV Rapid Antibody Kit, 100 Tests","HIV 1/2, OraQuick Advance HIV Rapid Antibody Kit",OraQuick,no_dosage,Test kit,100,10,3500.0,350.0,3.5,"Pacific Biotech, Thailand",True,24.0,536.08,5.6
917,9422,107-RW-T01,Pre-PQ Process,SCMS-13010,ASN-904,Rwanda,PMO - US,Direct Drop,EXW,Air,2007-04-18,2007-10-18,2007-11-16,2007-11-16,2007-11-16,HRDT,HIV test,Premier Medical Corporation Ltd.,"HIV 1/2/O, First Response HIV 1-2.0, v.3.0 Cards Kit, 30 Tests","HIV 1/2/O, First Response HIV 1-2.0, v.3.0 Cards Kit",First Response,no_dosage,Test kit,30,3991,65851.5,16.5,0.55,Premier Med. Corp Ltd. India,True,1150.0,9898.8,105.36
918,9487,107-RW-T01,Pre-PQ Process,SCMS-14150,ASN-1085,Rwanda,PMO - US,Direct Drop,EXW,Air,2007-05-19,2007-11-19,2008-01-18,2008-01-18,2008-01-18,HRDT,HIV test,"Trinity Biotech, Plc","HIV 1/2, Capillus HIV Kit, 100 Tests","HIV 1/2, Capillus HIV Kit",Capillus,no_dosage,Test kit,100,463,64357.0,139.0,1.39,"Trinity Biotech, Plc",True,450.0,4360.83,102.97
919,9488,107-RW-T01,Pre-PQ Process,SCMS-14150,ASN-1085,Rwanda,PMO - US,Direct Drop,EXW,Air,2007-05-19,2007-11-19,2008-01-18,2008-01-18,2008-01-18,HRDT,HIV test,"Trinity Biotech, Plc","HIV 1/2, Capillus HIV Kit, 100 Tests","HIV 1/2, Capillus HIV Kit",Capillus,no_dosage,Test kit,100,300,41700.0,139.0,1.39,"Trinity Biotech, Plc",False,160.0,5865.805,66.72
920,9489,108-VN-T01,Pre-PQ Process,SCMS-14201,ASN-1172,Vietnam,PMO - US,Direct Drop,EXW,Air,2007-05-21,2007-11-21,2008-01-22,2008-01-25,2008-01-25,ARV,Adult,SUN PHARMACEUTICAL INDUSTRIES LTD (RANBAXY LABORATORIES LIMITED),"Zidovudine 300mg, tablets, 60 Tabs",Zidovudine,Generic,300mg,Tablet,60,600,5028.0,8.38,0.14,"Ranbaxy, Paonta Shahib, India",True,34.0,2127.22,8.04
921,9530,100-HT-T01,Pre-PQ Process,SCMS-15490,ASN-4374,Haiti,PMO - US,Direct Drop,EXW,Air,2007-07-08,2008-01-08,2009-07-06,2009-07-06,2009-07-06,HRDT,HIV test,"Trinity Biotech, Plc","HIV 1/2, Capillus HIV Kit, 100 Tests","HIV 1/2, Capillus HIV Kit",Capillus,no_dosage,Test kit,100,3,417.0,139.0,1.39,"Trinity Biotech, Plc",True,2.0,1800.33,0.82
922,9531,106-HT-T01,Pre-PQ Process,SCMS-15520,ASN-1199,Haiti,PMO - US,Direct Drop,EXW,Air,2007-01-23,2007-07-23,2008-01-23,2008-01-23,2008-01-23,HRDT,HIV test,"Orgenics, Ltd","HIV 1/2, Determine HIV Kit, without Lancets, 100 Tests","HIV 1/2, Determine HIV Kit, without Lancets",Determine,no_dosage,Test kit,100,1000,70000.0,70.0,0.7,Inverness Japan,True,228.0,4829.61,112.0
923,9536,100-HT-T01,Pre-PQ Process,SCMS-15870,ASN-1319,Haiti,PMO - US,Direct Drop,EXW,Air,2007-07-03,2008-01-03,2008-02-18,2008-02-18,2008-02-18,HRDT,HIV test,"Trinity Biotech, Plc","HIV 1/2, Capillus HIV Kit, 100 Tests","HIV 1/2, Capillus HIV Kit",Capillus,no_dosage,Test kit,100,2,278.0,139.0,1.39,"Trinity Biotech, Plc",True,2.0,2946.7200000000003,0.44
924,9550,117-ET-T01,Pre-PQ Process,SCMS-16220,ASN-1329,Ethiopia,PMO - US,Direct Drop,EXW,Air,2007-07-03,2008-01-03,2008-03-04,2008-03-04,2008-03-04,ARV,Adult,ASPEN PHARMACARE,"Tenofovir Disoproxil Fumarate 300mg [Viread], tablets, 30 Tabs",Tenofovir Disoproxil Fumarate,Viread,300mg,Tablet,30,780,7.8,0.01,0.0,"Aspen-OSD, Port Elizabeth, SA",False,102.0,4672.77,0.01
925,9564,116-ZA-T01,Pre-PQ Process,SCMS-16600,ASN-2292,South Africa,PMO - US,Direct Drop,DDP,Truck,2007-07-04,2008-01-04,2008-01-21,2008-04-25,2008-04-25,ARV,Pediatric,"JSI R&T INSTITUTE, INC.","Didanosine 2g [Videx], powder for oral solution 10mg/ml, reconstitute to 200 ml",Didanosine,Videx,2g,Powder for oral solution,200,4,57.92,14.48,0.07,"BMS Meymac, France",True,78.0,0.0,0.09
926,9565,116-ZA-T01,Pre-PQ Process,SCMS-16600,ASN-1526,South Africa,PMO - US,Direct Drop,DDP,Truck,2007-07-04,2008-01-04,2008-01-21,2008-01-21,2008-01-21,ARV,Adult,"JSI R&T INSTITUTE, INC.","Stavudine 30mg [Zerit], capsules, 60 Caps",Stavudine,Zerit,30mg,Capsule,60,2500,14325.0,5.73,0.1,"BMS Meymac, France",True,284.0,0.0,22.92
927,9566,116-ZA-T01,Pre-PQ Process,SCMS-16600,ASN-1520,South Africa,PMO - US,Direct Drop,DDP,Truck,2007-07-04,2008-01-04,2008-01-21,2008-01-04,2008-01-04,ARV,Pediatric,"JSI R&T INSTITUTE, INC.","Efavirenz 200mg [Stocrin/Sustiva], capsule, 90 Caps",Efavirenz,Stocrin/Sustiva,200mg,Capsule,90,100,3297.0,32.97,0.37,"MSD Midrand, J'burg, SA",False,36.0,0.0,5.28
928,9567,116-ZA-T01,Pre-PQ Process,SCMS-16600,ASN-1520,South Africa,PMO - US,Direct Drop,DDP,Truck,2007-07-04,2008-01-04,2008-01-21,2008-01-04,2008-01-04,ARV,Adult,"JSI R&T INSTITUTE, INC.","Tenofovir Disoproxil Fumarate 300mg [Viread], tablets, 30 Tabs",Tenofovir Disoproxil Fumarate,Viread,300mg,Tablet,30,150,3838.5,25.59,0.85,"Aspen-OSD, Port Elizabeth, SA",False,53.5,0.0,6.14
929,9578,106-HT-T01,Pre-PQ Process,SCMS-16700,ASN-1327,Haiti,PMO - US,Direct Drop,EXW,Air,2007-08-04,2008-02-04,2008-02-18,2008-02-18,2008-02-18,HRDT,HIV test,"Trinity Biotech, Plc","HIV 1/2, Capillus HIV Kit, 100 Tests","HIV 1/2, Capillus HIV Kit",Capillus,no_dosage,Test kit,100,250,34750.0,139.0,1.39,"Trinity Biotech, Plc",True,78.0,2946.7200000000003,55.6
930,9579,102-NG-T01,Pre-PQ Process,SCMS-16880,ASN-1592,Nigeria,PMO - US,Direct Drop,EXW,Air,2007-07-07,2008-01-07,2008-04-21,2008-04-21,2008-04-21,HRDT,HIV test,"CHEMBIO DIAGNOSTIC SYSTEMS, INC.","HIV 1/2, Stat-Pak HIV, Kit, 20 Tests","HIV 1/2, Stat-Pak HIV, Kit",Stat-Pak,no_dosage,Test kit,20,7719,208413.0,27.0,1.35,Chembio Diagnostics Sys. Inc.,True,2502.0,15636.7,333.46
931,9585,111-MZ-T01,Pre-PQ Process,SCMS-17260,ASN-2532,Mozambique,PMO - US,Direct Drop,EXW,Air,2007-08-06,2008-02-06,2008-10-17,2008-10-17,2008-10-17,HRDT,HIV test,"Trinity Biotech, Plc","HIV 1/2, Uni-Gold HIV Kit, 20 Tests","HIV 1/2, Uni-Gold HIV Kit",Uni-Gold,no_dosage,Test kit,20,5300,169600.0,32.0,1.6,"Trinity Biotech, Plc",True,1796.0,32437.45,271.36
932,9603,116-ZA-T01,Pre-PQ Process,SCMS-17630,ASN-1532,South Africa,PMO - US,Direct Drop,DDP,Truck,2007-07-21,2008-01-21,2008-02-05,2008-01-21,2008-01-21,ARV,Adult,"JSI R&T INSTITUTE, INC.","Stavudine 30mg [Zerit], capsules, 60 Caps",Stavudine,Zerit,30mg,Capsule,60,600,3426.0,5.71,0.1,"BMS Meymac, France",False,231.5,0.0,5.48
933,9628,102-GY-T01,Pre-PQ Process,SCMS-18480,ASN-1503,Guyana,PMO - US,Direct Drop,EXW,Air,2007-08-28,2008-02-28,2008-04-09,2008-04-09,2008-04-09,HRDT,HIV test,"Orgenics, Ltd","HIV 1/2, Determine HIV Kit, without Lancets, 100 Tests","HIV 1/2, Determine HIV Kit, without Lancets",Determine,no_dosage,Test kit,100,240,17277.6,71.99,0.72,Inverness Japan,True,55.0,1442.92,27.64
934,9629,117-ET-T01,Pre-PQ Process,SCMS-18520,ASN-1591,Ethiopia,PMO - US,Direct Drop,EXW,Air,2007-08-29,2008-02-29,2008-04-17,2008-04-17,2008-04-17,HRDT,HIV test,"SHANGHAI KEHUA BIOENGINEERING CO.,LTD.  (KHB)","HIV 1/2, SKB Colloidal Gold, Diagnostic Kit, Antibody, 50 Tests","HIV 1/2, Colloidal Gold, Diagnostic Kit, Antibody",Colloidal Gold,no_dosage,Test kit,1,1044,24012.0,23.0,23.0,"KHB Test Kit Facility, Shanghai China",True,754.0,6267.38,38.42
935,9639,106-HT-T01,Pre-PQ Process,SCMS-18720,ASN-1610,Haiti,PMO - US,Direct Drop,EXW,Air,2007-09-11,2008-03-11,2008-05-09,2008-05-09,2008-05-09,HRDT,HIV test,"Orgenics, Ltd","HIV 1/2, Determine HIV Kit, without Lancets, 100 Tests","HIV 1/2, Determine HIV Kit, without Lancets",Determine,no_dosage,Test kit,100,955,63985.0,67.0,0.67,Inverness Japan,True,164.0,1802.14,102.38
936,9640,102-GY-T01,Pre-PQ Process,SCMS-18800,ASN-1613,Guyana,PMO - US,Direct Drop,EXW,Air,2007-09-13,2008-03-13,2008-05-06,2008-05-06,2008-05-06,HRDT,HIV test,"Trinity Biotech, Plc","HIV 1/2, Uni-Gold HIV Kit, 20 Tests","HIV 1/2, Uni-Gold HIV Kit",Uni-Gold,no_dosage,Test kit,20,748,23936.0,32.0,1.6,"Trinity Biotech, Plc",True,748.0,3740.04,38.3
937,9655,116-ZA-T01,Pre-PQ Process,SCMS-19800,ASN-1665,South Africa,PMO - US,Direct Drop,DDP,Truck,2007-08-20,2008-02-20,2008-04-24,2008-04-24,2008-04-24,ARV,Pediatric,S. BUYS WHOLESALER,"Efavirenz 200mg [Stocrin/Sustiva], capsule, 90 Caps",Efavirenz,Stocrin/Sustiva,200mg,Capsule,90,80,2252.0,28.15,0.31,"MSD Midrand, J'burg, SA",False,19.0,0.0,3.6
938,9656,116-ZA-T01,Pre-PQ Process,SCMS-19800,ASN-1665,South Africa,PMO - US,Direct Drop,DDP,Truck,2007-08-20,2008-02-20,2008-04-24,2008-04-24,2008-04-24,ARV,Adult,S. BUYS WHOLESALER,"Ritonavir 100mg [Norvir], capsules, cool, 84 Caps",Ritonavir,Norvir,100mg,Capsule,84,10,91.9,9.19,0.11,ABBVIE (Abbott) Logis. UK,False,38.0,0.0,0.15
939,9657,116-ZA-T01,Pre-PQ Process,SCMS-19800,ASN-1665,South Africa,PMO - US,Direct Drop,DDP,Truck,2007-08-20,2008-02-20,2008-04-24,2008-04-24,2008-04-24,ARV,Adult,S. BUYS WHOLESALER,"Stavudine 30mg [Zerit], capsules, 60 Caps",Stavudine,Zerit,30mg,Capsule,60,1000,4890.0,4.89,0.08,"BMS Meymac, France",False,132.0,0.0,7.82
940,9658,116-ZA-T01,Pre-PQ Process,SCMS-19800,ASN-1665,South Africa,PMO - US,Direct Drop,DDP,Truck,2007-08-20,2008-02-20,2008-04-24,2008-04-24,2008-04-24,ARV,Pediatric,S. BUYS WHOLESALER,"Efavirenz 50mg [Stocrin/Sustiva], capsule, 30 Caps",Efavirenz,Stocrin/Sustiva,50mg,Capsule,30,200,596.0,2.98,0.1,"MSD Midrand, J'burg, SA",False,22.0,0.0,0.95
941,9669,108-VN-T01,Pre-PQ Process,SCMS-20200,ASN-2017,Vietnam,PMO - US,Direct Drop,EXW,Air,2007-09-30,2008-03-31,2008-07-14,2008-07-14,2008-07-14,ARV,Pediatric,Aurobindo Pharma Limited,"Didanosine 100mg, chewable/dispersible tablets, 60 Tabs",Didanosine,Generic,100mg,Chewable/dispersible tablet,60,360,2790.0,7.75,0.13,"Aurobindo Unit III, India",False,46.0,4400.805,4.46
942,9673,108-VN-T01,Pre-PQ Process,SCMS-20520,ASN-1794,Vietnam,PMO - US,Direct Drop,EXW,Air,2007-09-30,2008-03-31,2008-06-02,2008-06-02,2008-06-02,ARV,Pediatric,Aurobindo Pharma Limited,"Zidovudine 100mg, capsules, 100 Caps",Zidovudine,Generic,100mg,Capsule,100,1400,7686.0,5.49,0.05,"Aurobindo Unit III, India",True,106.0,2869.03,12.3
943,9675,108-VN-T01,Pre-PQ Process,SCMS-20540,ASN-2044,Vietnam,PMO - US,Direct Drop,EXW,Air,2007-09-30,2008-03-31,2008-07-18,2008-07-18,2008-07-18,ARV,Adult,MYLAN LABORATORIES LTD (FORMERLY MATRIX LABORATORIES),"Efavirenz 600mg, tablets, 30 Tabs",Efavirenz,Generic,600mg,Tablet,30,10080,115718.4,11.48,0.38,Mylan (formerly Matrix) Nashik,True,772.0,5893.08,185.15
944,9676,108-VN-T01,Pre-PQ Process,SCMS-20541,ASN-1793,Vietnam,PMO - US,Direct Drop,EXW,Air,2007-10-10,2008-04-10,2008-07-18,2008-06-02,2008-06-02,ARV,Adult,MYLAN LABORATORIES LTD (FORMERLY MATRIX LABORATORIES),"Tenofovir Disoproxil Fumarate 300mg, tablets, 30 Tabs",Tenofovir Disoproxil Fumarate,Generic,300mg,Tablet,30,2016,27538.56,13.66,0.46,Mylan (formerly Matrix) Nashik,True,122.0,2867.81,44.06
945,9694,116-ZA-T01,Pre-PQ Process,SCMS-21460,ASN-1667,South Africa,PMO - US,Direct Drop,DDP,Truck,2007-10-04,2008-04-04,2008-04-25,2008-04-07,2008-04-07,ARV,Adult,S. BUYS WHOLESALER,"Didanosine EC 400mg [Videx EC], delayed-release capsules, Blister 3 x 10 Caps",Didanosine EC,Videx EC,400mg,Delayed-release capsules - blister,30,100,2386.0,23.86,0.8,"BMS Meymac, France",False,36.0,0.0,3.82
946,9749,108-VN-T01,Pre-PQ Process,SCMS-23360,ASN-2490,Vietnam,PMO - US,Direct Drop,FCA,Air,2007-11-15,2008-05-15,2008-11-16,2008-11-16,2008-11-16,ARV,Adult,ABBVIE LOGISTICS (FORMERLY ABBOTT LOGISTICS BV),"Lopinavir/Ritonavir 200/50mg [Aluvia], tablets, 120 Tabs",Lopinavir/Ritonavir,Aluvia,200/50mg,Tablet,120,1480,121656.0,82.2,0.68,ABBVIE Ludwigshafen Germany,True,370.0,2652.33,194.65
947,9750,108-VN-T01,Pre-PQ Process,SCMS-23440,ASN-2335,Vietnam,PMO - US,Direct Drop,EXW,Air,2007-11-13,2008-05-13,2008-09-20,2008-09-20,2008-09-20,ARV,Adult,MYLAN LABORATORIES LTD (FORMERLY MATRIX LABORATORIES),"Efavirenz 600mg, tablets, 30 Tabs",Efavirenz,Generic,600mg,Tablet,30,5040,51609.6,10.24,0.34,Mylan (formerly Matrix) Nashik,False,301.0,4400.805,82.58
948,9751,116-ZA-T01,Pre-PQ Process,SCMS-23500,ASN-2293,South Africa,PMO - US,Direct Drop,DDP,Truck,2007-08-20,2008-02-20,2008-08-20,2008-05-08,2008-05-08,ARV,Pediatric,S. BUYS WHOLESALER,"Efavirenz 200mg [Stocrin/Sustiva], capsule, 90 Caps",Efavirenz,Stocrin/Sustiva,200mg,Capsule,90,80,2572.0,32.15,0.36,"MSD Midrand, J'burg, SA",False,19.0,0.0,4.12
949,9752,116-ZA-T01,Pre-PQ Process,SCMS-23500,ASN-2300,South Africa,PMO - US,Direct Drop,DDP,Truck,2007-08-20,2008-02-20,2008-08-20,2008-05-14,2008-05-14,ARV,Adult,S. BUYS WHOLESALER,"Emtricitabine/Tenofovir Disoproxil Fumarate 200/300mg [Truvada], tablets, 30 Tabs",Emtricitabine/Tenofovir Disoproxil Fumarate,Truvada,300/200mg,Tablet - FDC,30,20,765.0,38.25,1.27,Gilead(Nycomed) Oranienburg DE,False,35.5,0.0,1.22
950,9753,116-ZA-T01,Pre-PQ Process,SCMS-23500,ASN-2300,South Africa,PMO - US,Direct Drop,DDP,Truck,2007-08-20,2008-02-20,2008-08-20,2008-05-14,2008-05-14,ARV,Adult,S. BUYS WHOLESALER,"Saquinavir 200mg [Invirase], capsules, 270 Caps",Saquinavir,Invirase,200mg,Capsule,270,4,285.52,71.38,0.26,Roche Basel,False,78.0,0.0,0.46
951,9804,117-ET-T01,Pre-PQ Process,SCMS-24890,ASN-2218,Ethiopia,PMO - US,Direct Drop,EXW,Air,2007-12-10,2008-06-10,2008-08-13,2008-08-13,2008-08-13,ANTM,Malaria,MISSIONPHARMA A/S,"Primaquine 15mg base (as diphosphate), tablets, 1000 Tabs",Primaquine base (as diphosphate),Generic,15mg,Tablet,1000,32,1434.88,44.84,0.04,"Weifa A.S., Hausmanngt. 6, P.O. Box 9113 GrÃ¸nland, 0133, Oslo, Norway",True,7.0,399.18,2.3
952,9815,113-ZW-T01,Pre-PQ Process,SCMS-25300,ASN-2997,Zimbabwe,PMO - US,Direct Drop,EXW,Air,2007-12-12,2008-06-12,2009-01-22,2009-01-22,2009-01-22,HRDT,HIV test - Ancillary,"Orgenics, Ltd","HIV, Lancet, Safety, for HIV Test kits, 100 Pcs","HIV, Lancet, Safety, for HIV Test kits, 100 Pcs",Generic,no_dosage,Test kit - Ancillary,100,1396,13.96,0.01,0.0,Inverness Japan,False,414.0,12894.85,0.03
953,9836,107-RW-T01,Pre-PQ Process,SCMS-25910,ASN-2390,Rwanda,PMO - US,Direct Drop,CIP,Air,2008-02-06,2008-08-06,2008-09-23,2008-09-23,2008-09-23,ARV,Adult,HETERO LABS LIMITED,"Efavirenz 600mg, tablets, 30 Tabs",Efavirenz,Generic,600mg,Tablet,30,83400,931578.0,11.17,0.37,Hetero Unit III Hyderabad IN,True,6701.0,87692.85,1490.52
954,9841,112-NG-T01,Pre-PQ Process,SCMS-26290,ASN-2106,Nigeria,PMO - US,Direct Drop,EXW,Air,2007-12-30,2008-06-30,2008-08-05,2008-08-05,2008-08-05,ACT,ACT,IDA FOUNDATION,"Artemether/Lumefantrine 20/120mg [Coartem], scored tablets, Blister 30 x 18 Tabs",Artemether/Lumefantrine,Coartem,20/120mg,Tablet - FDC + blister,540,34,1547.68,45.52,0.08,"Novartis Pharma AG, Switzerland",True,159.0,1976.57,2.48
955,9842,112-NG-T01,Pre-PQ Process,SCMS-26290,ASN-2106,Nigeria,PMO - US,Direct Drop,EXW,Air,2007-12-30,2008-06-30,2008-08-05,2008-08-05,2008-08-05,ACT,ACT,IDA FOUNDATION,"Artemether/Lumefantrine 20/120mg [Coartem], scored tablets, Blister 30 x 18 Tabs",Artemether/Lumefantrine,Coartem,20/120mg,Tablet - FDC + blister,540,34,1547.68,45.52,0.08,"Novartis Pharma AG, Switzerland",False,137.0,10144.765,2.48
956,9860,116-ZA-T01,Pre-PQ Process,SCMS-26820,ASN-2487,South Africa,PMO - US,Direct Drop,DDP,Truck,2007-07-10,2008-01-10,2008-07-10,2008-07-14,2008-07-14,ARV,Adult,S. BUYS WHOLESALER,"Lamivudine 150mg [Epivir], tablets, 60 Tabs",Lamivudine,Epivir,150mg,Tablet,60,1000,5310.0,5.31,0.09,GSK Cape Town Factory (South Africa),False,132.0,0.0,8.5
957,9866,133-NG-T01,Pre-PQ Process,SCMS-27060,ASN-2438,Nigeria,PMO - US,Direct Drop,EXW,Air,2008-01-18,2008-07-18,2008-10-15,2008-10-15,2008-10-15,HRDT,HIV test,"Orgenics, Ltd","HIV 1/2, Determine HIV Kit, without Lancets, 100 Tests","HIV 1/2, Determine HIV Kit, without Lancets",Determine,no_dosage,Test kit,100,6502,520094.98,79.99,0.8,Inverness Japan,False,1927.0,10144.765,832.15
958,9874,108-VN-T01,Pre-PQ Process,SCMS-27330,ASN-2861,Vietnam,PMO - US,Direct Drop,CIP,Air,2008-01-23,2008-07-23,2008-11-13,2008-11-13,2008-11-13,ARV,Pediatric,BRISTOL-MYERS SQUIBB,"Didanosine 25mg [Videx], chewable tablets, 60 Tabs",Didanosine,Videx,25mg,Chewable/dispersible tablet,60,240,1680.0,7.0,0.12,"BMS Meymac, France",True,52.0,1516.05,3.29
959,9916,123-NG-T01,Pre-PQ Process,SCMS-28390,ASN-2367,Nigeria,PMO - US,Direct Drop,EXW,Air,2008-02-15,2008-08-15,2008-10-23,2008-10-23,2008-10-23,ACT,ACT,IDA FOUNDATION,"Artemether/Lumefantrine 20/120mg [Coartem], scored tablets, Blister 30 x 18 Tabs",Artemether/Lumefantrine,Coartem,20/120mg,Tablet - FDC + blister,540,25,875.0,35.0,0.06,"Novartis Pharma AG, Switzerland",True,86.0,1528.06,1.4
960,9918,108-VN-T01,Pre-PQ Process,SCMS-26171,ASN-2515,Vietnam,PMO - US,Direct Drop,EXW,Air,2008-01-01,2008-07-01,2008-09-25,2008-09-25,2008-09-25,ARV,Adult,Aurobindo Pharma Limited,"Lamivudine/Zidovudine 150/300mg, tablets, 60 Tabs",Lamivudine/Zidovudine,Generic,150/300mg,Tablet - FDC,60,1800,15498.0,8.61,0.14,"Aurobindo Unit III, India",False,199.5,4400.805,24.8
961,9933,117-ET-T01,Pre-PQ Process,SCMS-28700,ASN-2720,Ethiopia,PMO - US,Direct Drop,EXW,Air,2008-02-22,2008-08-22,2008-10-30,2008-10-30,2008-10-30,HRDT,HIV test,"SHANGHAI KEHUA BIOENGINEERING CO.,LTD.  (KHB)","HIV 1/2, SKB Colloidal Gold, Diagnostic Kit, Antibody, 50 Tests","HIV 1/2, Colloidal Gold, Diagnostic Kit, Antibody",Colloidal Gold,no_dosage,Test kit,1,6998,160954.0,23.0,23.0,"KHB Test Kit Facility, Shanghai China",True,5056.0,44360.44,315.47
962,9936,116-ZA-T01,Pre-PQ Process,SCMS-28830,ASN-2502,South Africa,PMO - US,Direct Drop,DDP,Truck,2007-08-25,2008-02-25,2008-08-25,2008-08-18,2008-08-18,ARV,Adult,S. BUYS WHOLESALER,"Zidovudine 300mg [Retrovir], tablets, 60 Tabs",Zidovudine,Retrovir,300mg,Tablet,60,550,6820.0,12.4,0.21,GSK Aranda,False,54.0,0.0,10.91
963,9937,116-ZA-T01,Pre-PQ Process,SCMS-28830,ASN-2503,South Africa,PMO - US,Direct Drop,DDP,Truck,2007-08-25,2008-02-25,2008-08-25,2008-08-14,2008-08-14,ARV,Pediatric,S. BUYS WHOLESALER,"Didanosine 2g [Videx], powder for oral solution 10mg/ml, reconstitute to 200 ml",Didanosine,Videx,2g,Powder for oral solution,200,10,125.4,12.54,0.06,"BMS Meymac, France",False,38.0,0.0,0.2
964,9939,119-NA-T01,Pre-PQ Process,SCMS-28850,ASN-2513,Namibia,PMO - US,Direct Drop,EXW,Air,2008-02-26,2008-08-26,2008-09-25,2008-09-25,2008-09-25,HRDT,HIV test,"Orgenics, Ltd","HIV 1/2, Determine HIV Kit, without Lancets, 100 Tests","HIV 1/2, Determine HIV Kit, without Lancets",Determine,no_dosage,Test kit,100,2,140.0,70.0,0.7,Inverness Japan,False,2.0,2541.8,0.22
965,9952,104-CI-T01,Pre-PQ Process,SCMS-29340,ASN-2921,Côte d'Ivoire,PMO - US,Direct Drop,EXW,Air,2008-03-03,2008-09-03,2009-01-23,2009-01-23,2009-01-23,ACT,ACT,IDA FOUNDATION,"Artesunate+Amodiaquine 50+153mg, tablets, co-blister 12+12 Tabs",Artesunate+Amodiaquine,Generic,50+153mg,Tablet - FDC + co-blister,24,20000,14000.0,0.7,0.03,Ipca Dadra/Nagar Haveli IN,False,785.0,4063.81,27.44
966,9960,111-MZ-T01,Pre-PQ Process,SCMS-29440,ASN-2403,Mozambique,PMO - US,Direct Drop,EXW,Air,2008-02-29,2008-08-29,2008-10-03,2008-10-03,2008-10-03,HRDT,HIV test - Ancillary,"Orgenics, Ltd","HIV, Lancet, Safety, for HIV Test kits, 100 Pcs","HIV, Lancet, Safety, for HIV Test kits, 100 Pcs",Generic,no_dosage,Test kit - Ancillary,100,1000,10.0,0.01,0.0,Inverness Japan,False,342.0,3247.5699999999997,0.02
967,10062,108-VN-T01,Pre-PQ Process,SCMS-31730,ASN-3313,Vietnam,PMO - US,Direct Drop,EXW,Air,2008-04-21,2008-10-21,2009-02-23,2009-02-23,2009-02-23,ARV,Adult,Aurobindo Pharma Limited,"Lamivudine 150mg, tablets, 60 Tabs",Lamivudine,Generic,150mg,Tablet,60,6966,16718.4,2.4,0.04,"Aurobindo Unit III, India",False,1068.0,4400.805,32.77
968,10063,113-ZW-T01,Pre-PQ Process,SCMS-31850,ASN-2711,Zimbabwe,PMO - US,Direct Drop,CIP,Air,2008-04-10,2008-10-10,2008-11-15,2008-11-15,2008-11-15,HRDT,HIV test,BIOLYTICAL LABORATORIES INC.,"#109440**HIV 1/2, INSTI HIV Antibody Individual POC, 1 Test","HIV 1/2, INSTI HIV Antibody Individual POC, 1 Test",INSTi,no_dosage,Test kit,1,5000,13398.72,2.68,2.68,bioLytical Laboratories,True,1558.0,0.0,26.26
969,10085,117-ET-T01,Pre-PQ Process,SCMS-32410,ASN-3178,Ethiopia,PMO - US,Direct Drop,EXW,Air,2008-04-22,2008-10-22,2009-01-30,2009-01-20,2009-01-20,HRDT,HIV test,"CHEMBIO DIAGNOSTIC SYSTEMS, INC.","HIV 1/2, Stat-Pak HIV, Kit, 20 Tests","HIV 1/2, Stat-Pak HIV, Kit",Stat-Pak,no_dosage,Test kit,20,9325,251775.0,27.0,1.35,Chembio Diagnostics Sys. Inc.,True,3061.0,15288.75,493.48
970,10086,117-ET-T01,Pre-PQ Process,SCMS-32410,ASN-3259,Ethiopia,PMO - US,Direct Drop,EXW,Air,2008-04-22,2008-10-22,2009-01-30,2009-01-30,2009-01-30,HRDT,HIV test,"CHEMBIO DIAGNOSTIC SYSTEMS, INC.","HIV 1/2, Stat-Pak HIV, Kit, 20 Tests","HIV 1/2, Stat-Pak HIV, Kit",Stat-Pak,no_dosage,Test kit,20,3711,100197.0,27.0,1.35,Chembio Diagnostics Sys. Inc.,True,1341.0,6112.63,196.39
971,10089,102-BW-T01,Pre-PQ Process,SCMS-32490,ASN-2941,Botswana,PMO - US,Direct Drop,DDP,Truck,2008-04-21,2008-10-21,2008-11-12,2008-11-12,2008-11-12,HRDT,HIV test,AHN (PTY) LTD (AKA UCB (S.A.),"HIV 1/2, OraQuick Advance HIV Rapid Antibody Kit, 100 Tests","HIV 1/2, OraQuick Advance HIV Rapid Antibody Kit",OraQuick,no_dosage,Test kit,100,5,3500.0,700.0,7.0,"Pacific Biotech, Thailand",True,3.0,0.0,6.86
972,10102,133-NG-T01,Pre-PQ Process,SCMS-32920,ASN-2909,Nigeria,PMO - US,Direct Drop,EXW,Air,2008-04-30,2008-10-30,2008-12-02,2008-12-02,2008-12-02,HRDT,HIV test,"Orgenics, Ltd","HIV 1/2, Determine Complete HIV Kit, 100 Tests","HIV 1/2, Determine Complete HIV Kit",Determine,no_dosage,Test kit,100,3622,289760.0,80.0,0.8,Inverness Japan,True,1091.0,15045.56,567.93
973,10126,109-TZ-T01,Pre-PQ Process,SCMS-34690,ASN-3853,Tanzania,PMO - US,Direct Drop,CIP,Air,2008-06-30,2008-12-30,2009-06-15,2009-06-15,2009-06-15,ARV,Adult,MERCK SHARP & DOHME IDEA GMBH (FORMALLY MERCK SHARP & DOHME B.V.),"Efavirenz/Emtricitabine/Tenofovir Disoproxil Fumarate 600/200/300mg [Atripla], tablets, 30 Tabs",Efavirenz/Emtricitabine/Tenofovir Disoproxil Fumarate,Atripla,600/200/300mg,Tablet - FDC,30,2357,118792.8,50.4,1.68,"MSD, Haarlem, NL",False,668.5,8925.0,232.83
974,10155,102-GY-T01,Pre-PQ Process,SCMS-35540,ASN-3208,Guyana,PMO - US,Direct Drop,EXW,Air,2008-06-11,2008-12-11,2009-01-30,2009-01-30,2009-01-30,HRDT,HIV test,"Trinity Biotech, Plc","HIV 1/2, Uni-Gold HIV Kit, 20 Tests","HIV 1/2, Uni-Gold HIV Kit",Uni-Gold,no_dosage,Test kit,20,2086,66752.0,32.0,1.6,"Trinity Biotech, Plc",True,707.0,5926.53,130.83
975,10228,108-VN-T01,Pre-PQ Process,SCMS-37160,ASN-3561,Vietnam,PMO - US,Direct Drop,EXW,Air,2008-07-16,2009-01-16,2009-04-07,2009-04-07,2009-04-07,ARV,Adult,Aurobindo Pharma Limited,"Nevirapine 200mg, tablets, 60 Tabs",Nevirapine,Generic,200mg,Tablet,60,7800,22620.0,2.9,0.05,"Aurobindo Unit III, India",False,521.0,4400.805,44.34
976,10229,108-VN-T01,Pre-PQ Process,SCMS-37170,ASN-3562,Vietnam,PMO - US,Direct Drop,EXW,Air,2008-07-16,2009-01-16,2009-04-10,2009-04-10,2009-04-10,ARV,Adult,Aurobindo Pharma Limited,"Stavudine 30mg, capsules, 60 Caps",Stavudine,Generic,30mg,Capsule,60,22428,32520.6,1.45,0.02,"Aurobindo Unit III, India",False,668.5,4400.805,63.74
977,10239,110-ZM-T01,Pre-PQ Process,SCMS-37780,ASN-3698,Zambia,PMO - US,Direct Drop,EXW,Air,2008-07-27,2009-01-27,2009-04-09,2009-04-09,2009-04-09,HRDT,HIV test,"Trinity Biotech, Plc","HIV 1/2, Uni-Gold HIV Kit, 20 Tests","HIV 1/2, Uni-Gold HIV Kit",Uni-Gold,no_dosage,Test kit,20,8000,256000.0,32.0,1.6,"Trinity Biotech, Plc",True,2657.0,25513.66,501.76
978,10240,109-TZ-T01,Pre-PQ Process,SCMS-37800,ASN-3479,Tanzania,PMO - US,Direct Drop,DDP,Truck,2008-07-26,2009-01-26,2009-02-23,2009-02-23,2009-02-23,HRDT,HIV test,KAS MEDICS LIMITED,"HIV 1/2, Determine Complete HIV Kit, 100 Tests","HIV 1/2, Determine Complete HIV Kit",Determine,no_dosage,Test kit,100,110,12650.0,115.0,1.15,Inverness Japan,True,78.0,0.0,24.79
979,10246,108-VN-T01,Pre-PQ Process,SCMS-31731,ASN-3455,Vietnam,PMO - US,Direct Drop,EXW,Air,2008-04-21,2008-10-21,2009-03-10,2009-03-10,2009-03-10,ARV,Adult,Aurobindo Pharma Limited,"Lamivudine/Zidovudine 150/300mg, tablets, 60 Tabs",Lamivudine/Zidovudine,Generic,150/300mg,Tablet - FDC,60,1176,10125.36,8.61,0.14,"Aurobindo Unit III, India",True,105.0,865.6,19.85
980,10282,107-RW-T01,Pre-PQ Process,SCMS-38670,ASN-3678,Rwanda,PMO - US,Direct Drop,EXW,Air,2008-08-18,2009-02-18,2009-04-06,2009-04-06,2009-04-06,HRDT,HIV test,"Trinity Biotech, Plc","HIV 1/2, Uni-Gold HIV Kit, 20 Tests","HIV 1/2, Uni-Gold HIV Kit",Uni-Gold,no_dosage,Test kit,20,963,30816.0,32.0,1.6,"Trinity Biotech, Plc",True,320.0,3100.66,60.4
981,10298,104-CI-T01,Pre-PQ Process,SCMS-39430,ASN-3761,Côte d'Ivoire,PMO - US,Direct Drop,EXW,Air,2008-08-24,2009-02-24,2009-05-14,2009-05-14,2009-05-14,HRDT,HIV test,"Orgenics, Ltd","HIV 1/2, Determine HIV Kit, without Lancets, 100 Tests","HIV 1/2, Determine HIV Kit, without Lancets",Determine,no_dosage,Test kit,100,1500,105000.0,70.0,0.7,Inverness Japan,True,341.0,9749.73,205.8
982,10342,116-ZA-T01,Pre-PQ Process,SCMS-40780,ASN-3607,South Africa,PMO - US,Direct Drop,DDP,Air,2008-03-17,2008-09-17,2009-03-17,2008-11-28,2008-11-28,ARV,Pediatric,S. BUYS WHOLESALER,"Stavudine 1mg/ml [Zerit], powder for oral solution, Bottle, 200 ml",Stavudine,Zerit,1mg/ml,Powder for oral solution,200,180,210.6,1.17,0.01,"BMS Meymac, France",False,80.5,0.0,0.41
983,10343,116-ZA-T01,Pre-PQ Process,SCMS-40790,ASN-3575,South Africa,PMO - US,Direct Drop,DDP,Air,2008-03-24,2008-09-24,2009-03-24,2008-12-01,2008-12-01,ARV,Adult,S. BUYS WHOLESALER,"Lamivudine 150mg, tablets, 60 Tabs",Lamivudine,Generic,150mg,Tablet,60,6000,32520.0,5.42,0.09,"Aurobindo Unit III, India",False,581.0,0.0,63.74
984,10344,116-ZA-T01,Pre-PQ Process,SCMS-40810,ASN-3634,South Africa,PMO - US,Direct Drop,DDP,Air,2008-03-30,2008-09-30,2009-03-31,2008-12-02,2008-12-02,ARV,Adult,S. BUYS WHOLESALER,"Stavudine 30mg [Zerit], capsules, 60 Caps",Stavudine,Zerit,30mg,Capsule,60,3600,13896.0,3.86,0.06,"BMS Meymac, France",False,320.0,0.0,27.24
985,10345,116-ZA-T01,Pre-PQ Process,SCMS-40870,ASN-3582,South Africa,PMO - US,Direct Drop,DDP,Air,2008-06-30,2008-12-30,2009-06-30,2009-01-30,2009-01-30,ARV,Adult,S. BUYS WHOLESALER,"Zidovudine 300mg, tablets, 60 Tabs",Zidovudine,Generic,300mg,Tablet,60,5550,68098.5,12.27,0.2,"Aurobindo Unit III, India",False,668.5,0.0,133.47
986,10347,116-ZA-T01,Pre-PQ Process,SCMS-41070,ASN-3625,South Africa,PMO - US,Direct Drop,DDP,Air,2008-05-12,2008-11-12,2009-05-12,2008-12-30,2008-12-30,ARV,Pediatric,S. BUYS WHOLESALER,"Stavudine 1mg/ml [Zerit], powder for oral solution, Bottle, 200 ml",Stavudine,Zerit,1mg/ml,Powder for oral solution,200,40,48.4,1.21,0.01,"BMS Meymac, France",False,56.5,0.0,0.09
987,10348,116-ZA-T01,Pre-PQ Process,SCMS-41090,ASN-3626,South Africa,PMO - US,Direct Drop,DDP,Air,2008-06-09,2008-12-09,2009-06-09,2009-01-27,2009-01-27,ARV,Adult,S. BUYS WHOLESALER,"Stavudine 30mg, capsules, 60 Caps",Stavudine,Generic,30mg,Capsule,60,24150,59892.0,2.48,0.04,"Aurobindo Unit III, India",False,668.5,0.0,117.39
988,10350,116-ZA-T01,Pre-PQ Process,SCMS-41100,ASN-4018,South Africa,PMO - US,Direct Drop,DDP,Air,2008-09-13,2009-03-13,2009-06-17,2009-04-03,2009-04-03,ARV,Adult,S. BUYS WHOLESALER,"Lamivudine 150mg, tablets, 60 Tabs",Lamivudine,Generic,150mg,Tablet,60,100,520.0,5.2,0.09,"Aurobindo Unit III, India",False,36.0,0.0,1.02
989,10351,116-ZA-T01,Pre-PQ Process,SCMS-50670,ASN-4609,South Africa,PMO - US,Direct Drop,DDP,Air,2008-09-13,2009-03-13,2009-06-17,2009-06-17,2009-06-17,ARV,Pediatric,S. BUYS WHOLESALER,"Lamivudine 10mg/ml, oral solution, Bottle, 240 ml",Lamivudine,Generic,10mg/ml,Oral solution,240,1000,3550.0,3.55,0.01,"Aurobindo Unit III, India",True,132.0,0.0,6.96
990,10352,116-ZA-T01,Pre-PQ Process,SCMS-41140,ASN-3752,South Africa,PMO - US,Direct Drop,DDP,Air,2008-03-30,2008-09-30,2009-03-31,2008-11-21,2008-11-21,ARV,Pediatric,S. BUYS WHOLESALER,"Didanosine 25mg [Videx], chewable tablets, 60 Tabs",Didanosine,Videx,25mg,Chewable/dispersible tablet,60,10,94.9,9.49,0.16,"BMS Meymac, France",False,38.0,0.0,0.19
991,10353,116-ZA-T01,Pre-PQ Process,SCMS-41160,ASN-3760,South Africa,PMO - US,Direct Drop,DDP,Air,2008-04-01,2008-10-01,2009-04-01,2008-11-26,2008-11-26,ARV,Adult,S. BUYS WHOLESALER,"Lamivudine 150mg [Epivir], tablets, 60 Tabs",Lamivudine,Epivir,150mg,Tablet,60,2000,10460.0,5.23,0.09,GSK Cape Town Factory (South Africa),False,274.0,0.0,20.5
992,10354,116-ZA-T01,Pre-PQ Process,SCMS-41160,ASN-3760,South Africa,PMO - US,Direct Drop,DDP,Air,2008-04-01,2008-10-01,2009-04-01,2008-11-26,2008-11-26,ARV,Pediatric,S. BUYS WHOLESALER,"Zidovudine 10mg/ml [Retrovir], oral solution, Bottle, 200 ml",Zidovudine,Retrovir,10mg/ml,Oral solution,200,150,949.5,6.33,0.03,GSK Mississauga (Canada),False,53.5,0.0,1.86
993,10355,116-ZA-T01,Pre-PQ Process,SCMS-41230,ASN-3758,South Africa,PMO - US,Direct Drop,DDP,Air,2008-04-01,2008-10-01,2009-04-01,2009-02-11,2009-02-11,ARV,Adult,S. BUYS WHOLESALER,"Emtricitabine/Tenofovir Disoproxil Fumarate 200/300mg [Truvada], tablets, 30 Tabs",Emtricitabine/Tenofovir Disoproxil Fumarate,Truvada,300/200mg,Tablet - FDC,30,80,2542.4,31.78,1.06,"Aspen-OSD, Port Elizabeth, SA",True,19.0,0.0,4.98
994,10356,116-ZA-T01,Pre-PQ Process,SCMS-41230,ASN-3758,South Africa,PMO - US,Direct Drop,DDP,Air,2008-04-01,2008-10-01,2009-04-01,2009-02-11,2009-02-11,ARV,Adult,S. BUYS WHOLESALER,"Stavudine 20mg [Zerit], capsules, 60 Caps",Stavudine,Zerit,20mg,Capsule,60,300,1212.0,4.04,0.07,"BMS Meymac, France",False,42.0,0.0,2.38
995,10357,116-ZA-T01,Pre-PQ Process,SCMS-41230,ASN-3758,South Africa,PMO - US,Direct Drop,DDP,Air,2008-04-01,2008-10-01,2009-04-01,2009-02-11,2009-02-11,ARV,Adult,S. BUYS WHOLESALER,"Tenofovir Disoproxil Fumarate 300mg [Viread], tablets, 30 Tabs",Tenofovir Disoproxil Fumarate,Viread,300mg,Tablet,30,400,8692.0,21.73,0.72,"Aspen-OSD, Port Elizabeth, SA",False,81.0,0.0,17.04
996,10364,116-ZA-T01,Pre-PQ Process,SCMS-41582,ASN-4304,South Africa,PMO - US,Direct Drop,DDP,Air,2008-09-27,2009-03-27,2009-06-25,2009-04-08,2009-04-08,ARV,Adult,S. BUYS WHOLESALER,"Zidovudine 300mg, tablets, 60 Tabs",Zidovudine,Generic,300mg,Tablet,60,1000,19760.0,19.76,0.33,"Aurobindo Unit III, India",False,132.0,0.0,38.73
997,10365,116-ZA-T01,Pre-PQ Process,SCMS-41585,ASN-4386,South Africa,PMO - US,Direct Drop,DDP,Air,2008-09-27,2009-03-27,2009-06-25,2009-04-21,2009-04-21,ARV,Adult,S. BUYS WHOLESALER,"Lopinavir/Ritonavir 200/50mg [Aluvia], tablets, 120 Tabs",Lopinavir/Ritonavir,Aluvia,200/50mg,Tablet,120,1900,68362.0,35.98,0.3,ABBVIE Ludwigshafen Germany,False,2356.0,0.0,133.99
998,10366,116-ZA-T01,Pre-PQ Process,SCMS-41585,ASN-4386,South Africa,PMO - US,Direct Drop,DDP,Air,2008-09-27,2009-03-27,2009-06-25,2009-04-21,2009-04-21,ARV,Adult,S. BUYS WHOLESALER,"Lamivudine 150mg, tablets, 60 Tabs",Lamivudine,Generic,150mg,Tablet,60,3344,23675.52,7.08,0.12,"Aurobindo Unit III, India",False,668.5,0.0,46.4
999,10367,116-ZA-T01,Pre-PQ Process,SCMS-49550,ASN-4610,South Africa,PMO - US,Direct Drop,DDP,Truck,2008-09-27,2009-03-27,2009-06-25,2009-06-25,2009-06-25,ARV,Adult,S. BUYS WHOLESALER,"Lamivudine 150mg [Epivir], tablets, 60 Tabs",Lamivudine,Epivir,150mg,Tablet,60,7000,37520.0,5.36,0.09,GSK Cape Town Factory (South Africa),True,719.5,0.0,73.54
1000,10368,116-ZA-T01,Pre-PQ Process,SCMS-49530,ASN-4613,South Africa,PMO - US,Direct Drop,DDP,Truck,2008-09-27,2009-03-27,2009-06-25,2009-06-17,2009-06-17,ARV,Pediatric,S. BUYS WHOLESALER,"Lamivudine 10mg/ml, oral solution, Bottle, 240 ml",Lamivudine,Generic,10mg/ml,Oral solution,240,1000,5650.0,5.65,0.02,"Aurobindo Unit III, India",True,132.0,0.0,11.07
1001,10386,102-GY-T01,Pre-PQ Process,SCMS-42310,ASN-3896,Guyana,PMO - US,Direct Drop,EXW,Air,2008-09-30,2009-03-30,2009-05-18,2009-05-18,2009-05-18,HRDT,HIV test,"Trinity Biotech, Plc","HIV 1/2, Uni-Gold HIV Kit, 20 Tests","HIV 1/2, Uni-Gold HIV Kit",Uni-Gold,no_dosage,Test kit,20,2026,64832.0,32.0,1.6,"Trinity Biotech, Plc",True,675.0,8727.54,127.07
1002,10388,116-ZA-T01,Pre-PQ Process,SCMS-47320,ASN-4224,South Africa,PMO - US,Direct Drop,DDP,Truck,2008-10-02,2009-04-02,2009-05-15,2009-05-15,2009-05-15,ARV,Adult,S. BUYS WHOLESALER,"Stavudine 30mg, capsules, 60 Caps",Stavudine,Generic,30mg,Capsule,60,1800,5418.0,3.01,0.05,"Aurobindo Unit III, India",False,199.5,0.0,10.62
1003,10389,116-ZA-T01,Pre-PQ Process,SCMS-47320,ASN-4224,South Africa,PMO - US,Direct Drop,DDP,Truck,2008-10-02,2009-04-02,2009-05-15,2009-05-15,2009-05-15,ARV,Pediatric,S. BUYS WHOLESALER,"Lamivudine 10mg/ml [Epivir], oral solution, Bottle, 240 ml",Lamivudine,Epivir,10mg/ml,Oral solution,240,650,3614.0,5.56,0.02,GSK Mississauga (Canada),False,66.5,0.0,7.08
1004,10390,116-ZA-T01,Pre-PQ Process,SCMS-47380,ASN-4285,South Africa,PMO - US,Direct Drop,DDP,Truck,2008-10-02,2009-04-02,2009-05-15,2009-04-21,2009-04-21,ARV,Adult,S. BUYS WHOLESALER,"Saquinavir 200mg [Invirase], capsules, 270 Caps",Saquinavir,Invirase,200mg,Capsule,270,30,1970.4,65.68,0.24,Roche Basel,False,55.0,0.0,3.86
1005,10395,106-HT-T01,Pre-PQ Process,SCMS-42710,ASN-4322,Haiti,PMO - US,Direct Drop,EXW,Air,2008-10-02,2009-04-02,2009-07-06,2009-07-06,2009-07-06,HRDT,HIV test,Orasure Technologies Inc.,"HIV 1/2, OraQuick Advance HIV Rapid Antibody Kit, 100 Tests","HIV 1/2, OraQuick Advance HIV Rapid Antibody Kit",OraQuick,no_dosage,Test kit,100,60,21000.0,350.0,3.5,"Pacific Biotech, Thailand",True,144.0,4185.29,41.16
1006,10401,102-KE-T01,Pre-PQ Process,SCMS-42960,ASN-4500,Kenya,PMO - US,Direct Drop,EXW,Air,2008-10-06,2009-04-06,2009-08-07,2009-08-07,2009-08-07,HRDT,HIV test,"Orgenics, Ltd","HIV 1/2, Determine Complete HIV Kit, 100 Tests","HIV 1/2, Determine Complete HIV Kit",Determine,no_dosage,Test kit,100,7500,600000.0,80.0,0.8,Inverness Japan,True,2215.0,17662.98,1176.0
1007,10406,133-NG-T01,Pre-PQ Process,SCMS-43321,ASN-4294,Nigeria,PMO - US,Direct Drop,EXW,Air,2008-11-14,2009-05-14,2009-06-24,2009-06-24,2009-06-24,HRDT,HIV test,"Orgenics, Ltd","HIV 1/2, Determine Complete HIV Kit, 100 Tests","HIV 1/2, Determine Complete HIV Kit",Determine,no_dosage,Test kit,100,6393,511440.0,80.0,0.8,Inverness Japan,True,1920.0,30697.91,1002.42
1008,10416,107-RW-T01,Pre-PQ Process,SCMS-43790,ASN-4460,Rwanda,PMO - US,Direct Drop,CIP,Air,2008-10-15,2009-04-15,2009-09-14,2009-09-14,2009-09-14,ARV,Adult,MYLAN LABORATORIES LTD (FORMERLY MATRIX LABORATORIES),"Lamivudine/Zidovudine 150/300mg, tablets, 60 Tabs",Lamivudine/Zidovudine,Generic,150/300mg,Tablet - FDC,60,38736,348624.0,9.0,0.15,Mylan (formerly Matrix) Nashik,True,3080.0,33235.44,683.3
1009,10438,108-VN-T01,Pre-PQ Process,SCMS-45050,ASN-4446,Vietnam,PMO - US,Direct Drop,EXW,Air,2008-10-29,2009-04-29,2009-08-03,2009-08-03,2009-08-03,ARV,Adult,MYLAN LABORATORIES LTD (FORMERLY MATRIX LABORATORIES),"Efavirenz 600mg, tablets, 30 Tabs",Efavirenz,Generic,600mg,Tablet,30,22512,146328.0,6.5,0.22,Mylan (formerly Matrix) Nashik,True,1775.0,5761.87,286.8
1010,10446,139-NA-T01,Pre-PQ Process,SCMS-45430,ASN-4660,Namibia,PMO - US,Direct Drop,EXW,Air,2008-11-04,2009-05-04,2009-09-01,2009-09-01,2009-09-01,HRDT,HIV test,"Orgenics, Ltd","HIV 1/2, Clearview Complete Kit, 25 Tests","HIV 1/2, Clearview Complete Kit",Clearview,no_dosage,Test kit,25,33,2475.0,75.0,3.0,Chembio Diagnostics Sys. Inc.,True,25.0,238.56,4.85
1011,10464,119-NA-T01,Pre-PQ Process,SCMS-46050,ASN-4658,Namibia,PMO - US,Direct Drop,EXW,Air,2008-11-18,2009-05-18,2009-09-08,2009-09-08,2009-09-08,HRDT,HIV test,"Orgenics, Ltd","HIV 1/2, Clearview Complete Kit, 25 Tests","HIV 1/2, Clearview Complete Kit",Clearview,no_dosage,Test kit,25,950,71250.0,75.0,3.0,Chembio Diagnostics Sys. Inc.,True,760.0,5213.02,139.65
1012,10472,100-BW-T01,Pre-PQ Process,SCMS-46460,ASN-4185,Botswana,PMO - US,Direct Drop,EXW,Air,2008-11-26,2009-05-26,2009-07-10,2009-07-10,2009-07-10,HRDT,HIV test,"Trinity Biotech, Plc","HIV 1/2, Uni-Gold HIV Kit, 20 Tests","HIV 1/2, Uni-Gold HIV Kit",Uni-Gold,no_dosage,Test kit,20,138,4416.0,32.0,1.6,"Trinity Biotech, Plc",True,56.0,1060.43,8.66
1013,10476,108-VN-T01,Pre-PQ Process,SCMS-46570,ASN-4710,Vietnam,PMO - US,Direct Drop,CIP,Air,2008-11-27,2009-05-27,2009-08-24,2009-08-24,2009-08-24,ARV,Pediatric,BRISTOL-MYERS SQUIBB,"Didanosine 25mg [Videx], chewable tablets, 60 Tabs",Didanosine,Videx,25mg,Chewable/dispersible tablet,60,480,3360.0,7.0,0.12,"BMS Meymac, France",True,173.0,0.0,6.59
1014,10477,119-NA-T01,Pre-PQ Process,SCMS-46810,ASN-4412,Namibia,PMO - US,Direct Drop,EXW,Air,2008-12-01,2009-06-01,2009-07-29,2009-07-29,2009-07-29,HRDT,HIV test,"Orgenics, Ltd","HIV 1/2, Determine Complete HIV Kit, 100 Tests","HIV 1/2, Determine Complete HIV Kit",Determine,no_dosage,Test kit,100,150,10800.0,72.0,0.72,Inverness Japan,True,47.0,2681.23,21.17
1015,10498,116-ZA-T01,Pre-PQ Process,SCMS-47050,ASN-4819,South Africa,PMO - US,Direct Drop,DDP,Truck,2008-12-05,2009-06-05,2009-10-12,2009-07-21,2009-07-21,ARV,Adult,S. BUYS WHOLESALER,"Zidovudine 300mg [Retrovir], tablets, 60 Tabs",Zidovudine,Retrovir,300mg,Tablet,60,550,8624.0,15.68,0.26,GSK Ware (UK),False,54.0,0.0,16.9
1016,10499,116-ZA-T01,Pre-PQ Process,SCMS-47051,ASN-4837,South Africa,PMO - US,Direct Drop,DDP,Truck,2008-12-05,2009-06-05,2009-10-12,2009-08-03,2009-08-03,ARV,Adult,S. BUYS WHOLESALER,"Stavudine 30mg, capsules, 60 Caps",Stavudine,Generic,30mg,Capsule,60,700,2457.0,3.51,0.06,"Aurobindo Unit III, India",False,548.0,0.0,4.82
1017,10500,116-ZA-T01,Pre-PQ Process,SCMS-47052,ASN-5369,South Africa,PMO - US,Direct Drop,DDP,Truck,2008-12-05,2009-06-05,2009-10-12,2009-10-12,2009-10-12,ARV,Pediatric,S. BUYS WHOLESALER,"Zidovudine 10mg/ml, oral solution, Bottle, 240 ml",Zidovudine,Generic,10mg/ml,Oral solution,240,200,1410.0,7.05,0.03,"Aurobindo Unit III, India",True,22.0,0.0,3.04
1018,10501,116-ZA-T01,Pre-PQ Process,SCMS-47060,ASN-4815,South Africa,PMO - US,Direct Drop,DDP,Truck,2008-12-05,2009-06-05,2009-07-21,2009-07-21,2009-07-21,ARV,Pediatric,S. BUYS WHOLESALER,"Efavirenz 50mg, capsule, 30 Caps",Efavirenz,Generic,50mg,Capsule,30,400,1468.0,3.67,0.12,"Aurobindo Unit III, India",True,81.0,0.0,2.88
1019,10503,110-ZM-T01,Pre-PQ Process,SCMS-54620,ASN-5365,Zambia,PMO - US,Direct Drop,EXW,Air,2009-04-05,2009-10-05,2009-11-11,2009-11-11,2009-11-11,HRDT,HIV test,"Orgenics, Ltd","HIV 1/2, Determine Complete HIV Kit, 100 Tests","HIV 1/2, Determine Complete HIV Kit",Determine,no_dosage,Test kit,100,2500,180000.0,72.0,0.72,Inverness Japan,True,740.0,7513.71,388.08
1020,10504,119-NA-T01,Pre-PQ Process,SCMS-47150,ASN-4310,Namibia,PMO - US,Direct Drop,EXW,Air,2008-12-04,2009-06-04,2009-06-29,2009-06-29,2009-06-29,HRDT,HIV test,"Trinity Biotech, Plc","HIV 1/2, Uni-Gold HIV Kit, 20 Tests","HIV 1/2, Uni-Gold HIV Kit",Uni-Gold,no_dosage,Test kit,20,120,3840.0,32.0,1.6,"Trinity Biotech, Plc",True,41.0,1862.27,7.53
1021,10534,110-ZM-T01,Pre-PQ Process,SO-220,DN-4,Zambia,PMO - US,From RDC,N/A - From RDC,Truck,2006-02-02,2006-08-02,2007-02-02,2007-02-02,2007-02-02,ARV,Adult,SCMS from RDC,"Nelfinavir (as mesilate) 250mg [Viracept], tablets, 270 Tabs",Nelfinavir (as mesilate),Viracept,250mg,Tablet,270,228,17948.16,78.72,0.29,Roche Madrid,True,60.0,1218.91,0.0
1022,10535,111-MZ-T01,Pre-PQ Process,SO-321,DN-13,Mozambique,PMO - US,From RDC,N/A - From RDC,Air,2006-01-08,2006-07-08,2007-01-08,2007-01-08,2007-01-08,ARV,Adult,SCMS from RDC,"Nelfinavir (as mesilate) 250mg [Viracept], tablets, 270 Tabs",Nelfinavir (as mesilate),Viracept,250mg,Tablet,270,764,60814.4,79.6,0.29,Roche Madrid,True,1669.0,859.14,0.0
1023,10536,111-MZ-T01,Pre-PQ Process,SO-321,DN-13,Mozambique,PMO - US,From RDC,N/A - From RDC,Air,2006-01-08,2006-07-08,2007-01-08,2007-01-08,2007-01-08,ARV,Pediatric,SCMS from RDC,"Efavirenz 50mg [Stocrin/Sustiva], capsule, 30 Caps",Efavirenz,Stocrin/Sustiva,50mg,Capsule,30,341,1166.22,3.42,0.11,"MSD Manati, Puerto Rico, (USA)",False,668.5,3247.5699999999997,0.0
1024,10537,111-MZ-T01,Pre-PQ Process,SO-322,DN-14,Mozambique,PMO - US,From RDC,N/A - From RDC,Air,2006-01-09,2006-07-09,2007-01-09,2007-01-09,2007-01-09,ARV,Adult,SCMS from RDC,"Efavirenz 600mg, tablets, 30 Tabs",Efavirenz,Generic,600mg,Tablet,30,10403,174250.25,16.75,0.56,"Aurobindo Unit III, India",True,1717.0,1893.82,0.0
1025,10539,112-NG-T01,Pre-PQ Process,SO-328,DN-22,Nigeria,PMO - US,From RDC,N/A - From RDC,Air Charter,2006-02-22,2006-08-22,2007-02-22,2007-02-22,2007-02-22,ARV,Adult,SCMS from RDC,"Lamivudine/Zidovudine+Nevirapine 150/300+200mg, tablets, co-blister, 60+60 Tabs",Lamivudine/Zidovudine+Nevirapine,Generic,150/300+200mg,Tablet - FDC + co-blister,120,5151,105595.5,20.5,0.17,"Aspen-OSD, Port Elizabeth, SA",True,667.0,2921.0,0.0
1026,10540,100-CI-T01,Pre-PQ Process,SO-283,DN-16,Côte d'Ivoire,PMO - US,From RDC,N/A - From RDC,Air,2006-02-22,2006-08-22,2007-02-22,2007-02-22,2007-02-22,ARV,Adult,SCMS from RDC,"Lamivudine/Zidovudine 150/300mg, tablets, 60 Tabs",Lamivudine/Zidovudine,Generic,150/300mg,Tablet - FDC,60,2230,22857.5,10.25,0.17,"Aurobindo Unit III, India",True,909.0,2804.0,0.0
1027,10541,111-MZ-T01,Pre-PQ Process,SO-324,DN-17,Mozambique,PMO - US,From RDC,N/A - From RDC,Air,2006-01-09,2006-07-09,2007-01-09,2007-01-09,2007-01-09,ARV,Adult,SCMS from RDC,"Tenofovir Disoproxil Fumarate 300mg [Viread], tablets, 30 Tabs",Tenofovir Disoproxil Fumarate,Viread,300mg,Tablet,30,747,12699.0,17.0,0.57,Gilead(Nycomed) Oranienburg DE,True,84.0,1338.04,0.0
1028,10542,113-ZW-T01,Pre-PQ Process,SO-253,DN-5,Zimbabwe,PMO - US,From RDC,N/A - From RDC,Truck,2006-02-06,2006-08-06,2007-02-06,2007-02-06,2007-02-06,ARV,Adult,SCMS from RDC,"Efavirenz 600mg, tablets, 30 Tabs",Efavirenz,Generic,600mg,Tablet,30,1050,17062.5,16.25,0.54,"Aurobindo Unit III, India",True,90.0,1428.67,0.0
1029,10544,112-NG-T01,Pre-PQ Process,SO-339,DN-27,Nigeria,PMO - US,From RDC,N/A - From RDC,Air Charter,2006-02-22,2006-08-22,2007-02-22,2007-02-22,2007-02-22,ARV,Pediatric,SCMS from RDC,"Lamivudine 10mg/ml, oral solution, Bottle, 240 ml",Lamivudine,Generic,10mg/ml,Oral solution,240,1200,2640.0,2.2,0.01,"Aurobindo Unit III, India",True,1178.0,4535.0,0.0
1030,10545,112-NG-T01,Pre-PQ Process,SO-339,DN-27,Nigeria,PMO - US,From RDC,N/A - From RDC,Air Charter,2006-02-22,2006-08-22,2007-02-22,2007-02-22,2007-02-22,ARV,Adult,SCMS from RDC,"Lamivudine 150mg, tablets, 60 Tabs",Lamivudine,Generic,150mg,Tablet,60,2170,6727.0,3.1,0.05,"Aurobindo Unit III, India",False,668.5,12601.07,0.0
1031,10546,112-NG-T01,Pre-PQ Process,SO-341,DN-93,Nigeria,PMO - US,From RDC,N/A - From RDC,Air Charter,2006-04-17,2006-10-17,2007-04-17,2007-04-17,2007-04-17,ARV,Pediatric,SCMS from RDC,"Nevirapine 10mg/ml, oral suspension, Bottle, 240 ml",Nevirapine,Generic,10mg/ml,Oral suspension,240,1216,4256.0,3.5,0.01,"Aurobindo Unit III, India",True,840.0,3736.0,0.0
1032,10547,110-ZM-T01,Pre-PQ Process,SO-210,DN-114,Zambia,PMO - US,From RDC,N/A - From RDC,Truck,2006-05-16,2006-11-16,2007-05-16,2007-05-16,2007-05-16,ARV,Adult,SCMS from RDC,"Emtricitabine/Tenofovir Disoproxil Fumarate 200/300mg [Truvada], tablets, 30 Tabs",Emtricitabine/Tenofovir Disoproxil Fumarate,Truvada,300/200mg,Tablet - FDC,30,14851,389838.75,26.25,0.88,Gilead(Nycomed) Oranienburg DE,True,899.0,5245.98,0.0
1033,10548,112-NG-T01,Pre-PQ Process,SO-343,DN-118,Nigeria,PMO - US,From RDC,N/A - From RDC,Air Charter,2006-05-08,2006-11-08,2007-05-08,2007-05-08,2007-05-08,ARV,Adult,SCMS from RDC,"Lamivudine/Zidovudine+Nevirapine 150/300+200mg, tablets, co-blister, 60+60 Tabs",Lamivudine/Zidovudine+Nevirapine,Generic,150/300+200mg,Tablet - FDC + co-blister,120,5661,116050.5,20.5,0.17,"Aspen-OSD, Port Elizabeth, SA",True,725.0,4104.5,0.0
1034,10549,111-MZ-T01,Pre-PQ Process,SO-293,DN-44,Mozambique,PMO - US,From RDC,N/A - From RDC,Air,2006-04-17,2006-10-17,2007-04-17,2007-04-17,2007-04-17,ARV,Adult,SCMS from RDC,"Saquinavir 200mg [Invirase], capsules, 270 Caps",Saquinavir,Invirase,200mg,Capsule,270,470,35856.3,76.29,0.28,Roche Basel,True,31.0,7364.3,0.0
1035,10550,100-CI-T01,Pre-PQ Process,SO-284,DN-46,Côte d'Ivoire,PMO - US,From RDC,N/A - From RDC,Air,2006-05-04,2006-11-04,2007-05-04,2007-05-04,2007-05-04,ARV,Adult,SCMS from RDC,"Lamivudine/Zidovudine 150/300mg, tablets, 60 Tabs",Lamivudine/Zidovudine,Generic,150/300mg,Tablet - FDC,60,1778,18224.5,10.25,0.17,"Aurobindo Unit III, India",True,716.0,2601.0,0.0
1036,10551,100-CI-T01,Pre-PQ Process,SO-436,DN-73,Côte d'Ivoire,PMO - US,From RDC,N/A - From RDC,Air,2006-04-30,2006-10-30,2007-04-30,2007-04-30,2007-04-30,ARV,Adult,SCMS from RDC,"Lamivudine/Nevirapine/Stavudine 150/200/30mg, tablets, 60 Tabs",Lamivudine/Nevirapine/Stavudine,Generic,150/200/30mg,Tablet - FDC,60,9000,67500.0,7.5,0.12,"Cipla, Goa, India",True,974.0,3166.0,0.0
1037,10553,110-ZM-T01,Pre-PQ Process,SO-537,DN-143,Zambia,PMO - US,From RDC,N/A - From RDC,Truck,2006-05-21,2006-11-21,2007-05-21,2007-05-21,2007-05-21,HRDT,HIV test,SCMS from RDC,"HIV 1/2, Uni-Gold HIV Kit, 20 Tests","HIV 1/2, Uni-Gold HIV Kit",Uni-Gold,no_dosage,Test kit,20,5212,166784.0,32.0,1.6,"Trinity Biotech, Plc",True,1780.0,13736.03,0.0
1038,10562,110-ZM-T01,Pre-PQ Process,SO-498,DN-182,Zambia,PMO - US,From RDC,N/A - From RDC,Truck,2006-06-14,2006-12-14,2007-06-14,2007-06-14,2007-06-14,ARV,Adult,SCMS from RDC,"Abacavir 300mg, tablets, 60 Tabs",Abacavir,Generic,300mg,Tablet,60,8905,318799.0,35.8,0.6,"Aurobindo Unit III, India",True,3139.0,13094.69,0.0
1039,10563,110-ZM-T01,Pre-PQ Process,SO-624,DN-203,Zambia,PMO - US,From RDC,N/A - From RDC,Truck,2006-07-27,2007-01-27,2007-07-27,2007-07-27,2007-07-27,ARV,Adult,SCMS from RDC,"Lopinavir/Ritonavir 200/50mg [Aluvia], tablets, 120 Tabs",Lopinavir/Ritonavir,Aluvia,200/50mg,Tablet,120,5019,206280.9,41.1,0.34,ABBVIE Ludwigshafen Germany,True,1092.0,4761.51,330.05
1040,10564,111-MZ-T01,Pre-PQ Process,SO-576,DN-148,Mozambique,PMO - US,From RDC,N/A - From RDC,Air,2006-06-13,2006-12-13,2007-06-13,2007-06-13,2007-06-13,ARV,Adult,SCMS from RDC,"Indinavir 400mg [Crixivan], capsules, 180 Caps",Indinavir,Crixivan,400mg,Capsule,180,564,27816.48,49.32,0.27,MSD Elkton USA,True,3946.0,8892.48,0.0
1041,10565,111-MZ-T01,Pre-PQ Process,SO-576,DN-148,Mozambique,PMO - US,From RDC,N/A - From RDC,Air,2006-06-13,2006-12-13,2007-06-13,2007-06-13,2007-06-13,ARV,Adult,SCMS from RDC,"Saquinavir 200mg [Invirase], capsules, 270 Caps",Saquinavir,Invirase,200mg,Capsule,270,421,32118.09,76.29,0.28,Roche Basel,False,25.0,3247.5699999999997,0.0
1042,10566,112-NG-T01,Pre-PQ Process,SO-557,DN-172,Nigeria,PMO - US,From RDC,N/A - From RDC,Air Charter,2006-06-26,2006-12-26,2007-06-26,2007-06-26,2007-06-26,ARV,Adult,SCMS from RDC,"Lamivudine 150mg, tablets, 60 Tabs",Lamivudine,Generic,150mg,Tablet,60,880,2912.8,3.31,0.06,"Ranbaxy, Paonta Shahib, India",True,226.0,1732.0,0.0
1043,10567,104-CI-T01,Pre-PQ Process,SO-556,DN-159,Côte d'Ivoire,PMO - US,From RDC,N/A - From RDC,Air,2006-06-04,2006-12-04,2007-06-04,2007-06-04,2007-06-04,ARV,Adult,SCMS from RDC,"Stavudine 15mg, capsules, 60 Caps",Stavudine,Generic,15mg,Capsule,60,875,1881.25,2.15,0.04,"Aurobindo Unit III, India",True,58.0,727.0,0.0
1044,10570,112-NG-T01,Pre-PQ Process,SO-663,DN-190,Nigeria,PMO - US,From RDC,N/A - From RDC,Air Charter,2006-06-26,2006-12-26,2007-06-26,2007-06-26,2007-06-26,ARV,Adult,SCMS from RDC,"Stavudine 40mg, capsules, 60 Caps",Stavudine,Generic,40mg,Capsule,60,300,537.0,1.79,0.03,"Aurobindo Unit III, India",True,54.0,1283.24,0.86
1045,10571,113-ZW-T01,Pre-PQ Process,SO-278,DN-141,Zimbabwe,PMO - US,From RDC,N/A - From RDC,Truck,2006-05-20,2006-11-20,2007-05-20,2007-05-20,2007-05-20,ARV,Adult,SCMS from RDC,"Efavirenz 600mg, tablets, 30 Tabs",Efavirenz,Generic,600mg,Tablet,30,6000,97500.0,16.25,0.54,"Aurobindo Unit III, India",True,553.0,1956.93,0.0
1046,10572,104-CI-T01,Pre-PQ Process,SO-618,DN-164,Côte d'Ivoire,PMO - US,From RDC,N/A - From RDC,Air,2006-06-08,2006-12-08,2007-06-08,2007-06-08,2007-06-08,ARV,Adult,SCMS from RDC,"Zidovudine 300mg, tablets, 60 Tabs",Zidovudine,Generic,300mg,Tablet,60,1926,16409.52,8.52,0.14,"Ranbaxy, Paonta Shahib, India",True,105.0,977.55,0.0
1047,10573,104-CI-T01,Pre-PQ Process,SO-603,DN-196,Côte d'Ivoire,PMO - US,From RDC,N/A - From RDC,Air,2006-06-28,2006-12-28,2007-06-28,2007-06-28,2007-06-28,ARV,Adult,SCMS from RDC,"Lamivudine/Nevirapine/Stavudine 150/200/30mg, tablets, 60 Tabs",Lamivudine/Nevirapine/Stavudine,Generic,150/200/30mg,Tablet - FDC,60,40411,303082.5,7.5,0.12,"Cipla, Goa, India",True,7185.0,17587.0,484.93
1048,10576,104-CI-T01,Pre-PQ Process,SO-781,DN-245,Côte d'Ivoire,PMO - US,From RDC,N/A - From RDC,Air,2006-07-31,2007-01-31,2007-07-31,2007-07-31,2007-07-31,HRDT,HIV test,SCMS from RDC,"HIV 1/2, Determine Complete HIV Kit, 100 Tests","HIV 1/2, Determine Complete HIV Kit",Determine,no_dosage,Test kit,100,2,160.0,80.0,0.8,ABBVIE GmbH & Co.KG Wiesbaden,True,1.0,9789.07,0.26
1049,10577,105-GY-T01,Pre-PQ Process,SO-694,DN-280,Guyana,PMO - US,From RDC,N/A - From RDC,Air,2006-08-09,2007-02-09,2007-08-09,2007-08-09,2007-08-09,ARV,Adult,SCMS from RDC,"Zidovudine 300mg, tablets, 60 Tabs",Zidovudine,Generic,300mg,Tablet,60,564,4596.6,8.15,0.14,"Aurobindo Unit III, India",True,34.0,1920.0,7.35
1050,10578,100-ZW-T01,Pre-PQ Process,SO-702,DN-212,Zimbabwe,PMO - US,From RDC,N/A - From RDC,Truck,2006-07-04,2007-01-04,2007-07-04,2007-07-04,2007-07-04,ARV,Adult,SCMS from RDC,"Lamivudine/Nevirapine/Stavudine 150/200/30mg, tablets, 60 Tabs",Lamivudine/Nevirapine/Stavudine,Generic,150/200/30mg,Tablet - FDC,60,8694,64335.6,7.4,0.12,"Cipla, Goa, India",True,819.0,3135.0,102.94
1051,10579,109-TZ-T01,Pre-PQ Process,SO-749,DN-257,Tanzania,PMO - US,From RDC,N/A - From RDC,Air,2006-08-14,2007-02-14,2007-08-14,2007-08-14,2007-08-14,HRDT,HIV test,SCMS from RDC,"HIV 1/2, Determine Complete HIV Kit, 100 Tests","HIV 1/2, Determine Complete HIV Kit",Determine,no_dosage,Test kit,100,302,24160.0,80.0,0.8,ABBVIE GmbH & Co.KG Wiesbaden,True,98.0,1266.39,38.66
1052,10580,104-CI-T01,Pre-PQ Process,SO-816,DN-265,Côte d'Ivoire,PMO - US,From RDC,N/A - From RDC,Air,2006-08-17,2007-02-17,2007-08-17,2007-08-17,2007-08-17,ARV,Adult,SCMS from RDC,"Lamivudine 150mg, tablets, 60 Tabs",Lamivudine,Generic,150mg,Tablet,60,3145,9560.8,3.04,0.05,"Aurobindo Unit III, India",True,206.0,2731.58,15.3
1053,10585,104-CI-T01,Pre-PQ Process,SO-590,DN-220,Côte d'Ivoire,PMO - US,From RDC,N/A - From RDC,Air,2006-07-18,2007-01-18,2007-07-18,2007-07-18,2007-07-18,ARV,Pediatric,SCMS from RDC,"Efavirenz 50mg [Stocrin/Sustiva], capsule, 30 Caps",Efavirenz,Stocrin/Sustiva,50mg,Capsule,30,5000,17350.0,3.47,0.12,"MSD, Haarlem, NL",True,263.0,1699.0,27.76
1054,10587,119-NA-T01,Pre-PQ Process,SO-884,DN-322,Namibia,PMO - US,From RDC,N/A - From RDC,Air,2006-09-07,2007-03-07,2007-09-07,2007-09-07,2007-09-07,HRDT,HIV test,SCMS from RDC,"HIV 1/2, Uni-Gold HIV Kit, 20 Tests","HIV 1/2, Uni-Gold HIV Kit",Uni-Gold,no_dosage,Test kit,20,300,9600.0,32.0,1.6,"Trinity Biotech, Plc",True,172.0,688.84,15.36
1055,10588,104-CI-T01,Pre-PQ Process,SO-963,DN-323,Côte d'Ivoire,PMO - US,From RDC,N/A - From RDC,Air,2006-09-14,2007-03-14,2007-09-14,2007-09-14,2007-09-14,ARV,Adult,SCMS from RDC,"Indinavir 400mg [Crixivan], capsules, 180 Caps",Indinavir,Crixivan,400mg,Capsule,180,1076,53800.0,50.0,0.28,MSD Elkton USA,True,1286.0,7629.94,86.08
1056,10589,111-MZ-T01,Pre-PQ Process,SO-298,DN-304,Mozambique,PMO - US,From RDC,N/A - From RDC,Air,2006-09-21,2007-03-21,2007-09-21,2007-09-21,2007-09-21,ARV,Pediatric,SCMS from RDC,"Abacavir 20mg/ml, oral solution, Bottle, 240 ml",Abacavir,Generic,20mg/ml,Oral solution,240,338,7114.9,21.05,0.09,"Aurobindo Unit III, India",True,9006.0,9869.55,11.38
1057,10590,100-ZW-T01,Pre-PQ Process,SO-897,DN-299,Zimbabwe,PMO - US,From RDC,N/A - From RDC,Truck,2006-08-17,2007-02-17,2007-08-17,2007-08-17,2007-08-17,ARV,Adult,SCMS from RDC,"Zidovudine 300mg, tablets, 60 Tabs",Zidovudine,Generic,300mg,Tablet,60,1200,9780.0,8.15,0.14,"Aurobindo Unit III, India",True,70.0,1949.84,15.65
1058,10593,104-CI-T01,Pre-PQ Process,SO-959,DN-320,Côte d'Ivoire,PMO - US,From RDC,N/A - From RDC,Air,2006-08-28,2007-02-28,2007-08-30,2007-08-30,2007-08-30,ARV,Adult,SCMS from RDC,"Stavudine 30mg, capsules, 60 Caps",Stavudine,Generic,30mg,Capsule,60,1796,2729.92,1.52,0.03,"Strides, Bangalore, India.",True,5880.0,14656.0,4.37
1059,10596,100-ZW-T01,Pre-PQ Process,SO-719,DN-338,Zimbabwe,PMO - US,From RDC,N/A - From RDC,Truck,2006-09-26,2007-03-26,2007-09-26,2007-09-26,2007-09-26,ARV,Adult,SCMS from RDC,"Lamivudine/Nevirapine/Stavudine 150/200/30mg, tablets, 60 Tabs",Lamivudine/Nevirapine/Stavudine,Generic,150/200/30mg,Tablet - FDC,60,53546,396240.4,7.4,0.12,"Cipla, Goa, India",True,5467.0,18941.31,633.98
1060,10597,100-ZW-T01,Pre-PQ Process,SO-1074,DN-354,Zimbabwe,PMO - US,From RDC,N/A - From RDC,Truck,2006-09-18,2007-03-18,2007-09-18,2007-09-18,2007-09-18,ARV,Adult,SCMS from RDC,"Lamivudine/Stavudine 150/30mg, tablets, 30 Tabs",Lamivudine/Stavudine,Generic,150/30mg,Tablet - FDC,30,537,1074.0,2.0,0.07,"Cipla, Goa, India",True,143.0,2099.0,1.72
1061,10600,114-UG-T01,Pre-PQ Process,SO-1080,DN-362,Uganda,PMO - US,From RDC,N/A - From RDC,Air,2006-11-05,2007-05-05,2007-11-05,2007-11-05,2007-11-05,ARV,Adult,SCMS from RDC,"Lamivudine/Nevirapine/Stavudine 150/200/30mg, tablets, 60 Tabs",Lamivudine/Nevirapine/Stavudine,Generic,150/200/30mg,Tablet - FDC,60,1953,14452.2,7.4,0.12,"Cipla, Goa, India",True,283.0,1673.0,23.12
1062,10610,104-CI-T01,Pre-PQ Process,SO-997,DN-324,Côte d'Ivoire,PMO - US,From RDC,N/A - From RDC,Air,2006-08-28,2007-02-28,2007-08-31,2007-08-31,2007-08-31,ARV,Adult,SCMS from RDC,"Ritonavir 100mg [Norvir], capsules, cool, 4 x 84 Caps",Ritonavir,Norvir,100mg,Capsule,336,245,9398.2,38.36,0.11,ABBVIE (Abbott) France,True,1468.0,4602.4,15.04
1063,10612,104-CI-T01,Pre-PQ Process,SO-843,DN-330,Côte d'Ivoire,PMO - US,From RDC,N/A - From RDC,Air,2006-09-04,2007-03-04,2007-09-04,2007-09-04,2007-09-04,ARV,Adult,SCMS from RDC,"Efavirenz 600mg, tablets, 30 Tabs",Efavirenz,Generic,600mg,Tablet,30,24265,394548.9,16.26,0.54,"Strides, Bangalore, India.",True,2518.0,6667.0,631.28
1064,10613,117-ET-T01,Pre-PQ Process,SO-914,DN-332,Ethiopia,PMO - US,From RDC,N/A - From RDC,Air,2006-09-04,2007-03-04,2007-09-04,2007-09-04,2007-09-04,ARV,Pediatric,SCMS from RDC,"Zidovudine 10mg/ml, oral solution, Bottle, 240 ml",Zidovudine,Generic,10mg/ml,Oral solution,240,13850,29777.5,2.15,0.01,"Aurobindo Unit III, India",True,35216.0,88801.0,47.64
1065,10614,104-CI-T01,Pre-PQ Process,SO-923,DN-336,Côte d'Ivoire,PMO - US,From RDC,N/A - From RDC,Air,2006-09-21,2007-03-21,2007-09-21,2007-09-21,2007-09-21,ARV,Adult,SCMS from RDC,"Lamivudine/Zidovudine 150/300mg, tablets, 60 Tabs",Lamivudine/Zidovudine,Generic,150/300mg,Tablet - FDC,60,11803,126056.04,10.68,0.18,"Aurobindo Unit III, India",True,1148.0,2762.0,201.69
1066,10616,110-ZM-T01,Pre-PQ Process,SO-804,DN-328,Zambia,PMO - US,From RDC,N/A - From RDC,Truck,2006-08-28,2007-02-28,2007-08-31,2007-08-31,2007-08-31,ARV,Adult,SCMS from RDC,"Lopinavir/Ritonavir 200/50mg [Aluvia], tablets, 120 Tabs",Lopinavir/Ritonavir,Aluvia,200/50mg,Tablet,120,3769,154905.9,41.1,0.34,ABBVIE Ludwigshafen Germany,True,821.0,4068.44,247.85
1067,10622,110-ZM-T01,Pre-PQ Process,SO-535,DN-380,Zambia,PMO - US,From RDC,N/A - From RDC,Truck,2006-10-17,2007-04-17,2007-10-17,2007-10-17,2007-10-17,HRDT,HIV test,SCMS from RDC,"HIV 1/2, Determine Complete HIV Kit, 100 Tests","HIV 1/2, Determine Complete HIV Kit",Determine,no_dosage,Test kit,100,1128,90240.0,80.0,0.8,ABBVIE GmbH & Co.KG Wiesbaden,True,629.0,2938.27,144.38
1068,10623,112-NG-T01,Pre-PQ Process,SO-565,DN-373,Nigeria,PMO - US,From RDC,N/A - From RDC,Air,2006-09-20,2007-03-20,2007-09-20,2007-09-20,2007-09-20,ARV,Adult,SCMS from RDC,"Lamivudine/Zidovudine+Nevirapine 150/300+200mg, tablets, co-blister, 60+60 Tabs",Lamivudine/Zidovudine+Nevirapine,Generic,150/300+200mg,Tablet - FDC + co-blister,120,9980,204590.0,20.5,0.17,"Aspen-OSD, Port Elizabeth, SA",True,2846.0,13873.0,327.34
1069,10624,112-NG-T01,Pre-PQ Process,SO-565,DN-373,Nigeria,PMO - US,From RDC,N/A - From RDC,Air,2006-09-20,2007-03-20,2007-09-20,2007-09-20,2007-09-20,ARV,Adult,SCMS from RDC,"Lamivudine/Nevirapine/Stavudine 150/200/30mg, tablets, 60 Tabs",Lamivudine/Nevirapine/Stavudine,Generic,150/200/30mg,Tablet - FDC,60,222,1665.0,7.5,0.12,"Cipla, Goa, India",False,668.5,10144.765,2.66
1070,10625,112-NG-T01,Pre-PQ Process,SO-565,DN-373,Nigeria,PMO - US,From RDC,N/A - From RDC,Air,2006-09-20,2007-03-20,2007-09-20,2007-09-20,2007-09-20,ARV,Adult,SCMS from RDC,"Lamivudine/Nevirapine/Stavudine 150/200/40mg, tablets, 60 Tabs",Lamivudine/Nevirapine/Stavudine,Generic,150/200/40mg,Tablet - FDC,60,1132,8716.4,7.7,0.13,"Cipla, Goa, India",False,668.5,10144.765,13.95
1071,10626,112-NG-T01,Pre-PQ Process,SO-565,DN-373,Nigeria,PMO - US,From RDC,N/A - From RDC,Air,2006-09-20,2007-03-20,2007-09-20,2007-09-20,2007-09-20,ARV,Pediatric,SCMS from RDC,"Zidovudine 10mg/ml, oral solution, Bottle, 240 ml",Zidovudine,Generic,10mg/ml,Oral solution,240,1653,6529.35,3.95,0.02,"Aurobindo Unit III, India",False,668.5,10144.765,10.45
1072,10628,104-CI-T01,Pre-PQ Process,SO-845,DN-376,Côte d'Ivoire,PMO - US,From RDC,N/A - From RDC,Air,2006-10-02,2007-04-02,2007-10-02,2007-10-02,2007-10-02,HRDT,HIV test,SCMS from RDC,"HIV 1/2, Determine Complete HIV Kit, 100 Tests","HIV 1/2, Determine Complete HIV Kit",Determine,no_dosage,Test kit,100,1150,82800.0,72.0,0.72,Inverness Japan,True,476.0,2172.0,132.48
1073,10630,110-ZM-T01,Pre-PQ Process,SO-1121,DN-418,Zambia,PMO - US,From RDC,N/A - From RDC,Air,2006-11-13,2007-05-13,2007-11-13,2007-11-13,2007-11-13,ARV,Adult,SCMS from RDC,"Emtricitabine/Tenofovir Disoproxil Fumarate 200/300mg [Truvada], tablets, 30 Tabs",Emtricitabine/Tenofovir Disoproxil Fumarate,Truvada,300/200mg,Tablet - FDC,30,3360,88200.0,26.25,0.88,Gilead(Nycomed) Oranienburg DE,True,281.0,1532.41,141.12
1074,10631,112-NG-T01,Pre-PQ Process,SO-1225,DN-411,Nigeria,PMO - US,From RDC,N/A - From RDC,Air,2006-11-01,2007-05-01,2007-11-01,2007-11-01,2007-11-01,ARV,Adult,SCMS from RDC,"Stavudine 30mg, capsules, 60 Caps",Stavudine,Generic,30mg,Capsule,60,1500,2280.0,1.52,0.03,"Aurobindo Unit III, India",True,178.0,1621.0,3.65
1075,10632,110-ZM-T01,Pre-PQ Process,SO-1122,DN-417,Zambia,PMO - US,From RDC,N/A - From RDC,Air,2006-11-02,2007-05-02,2007-11-02,2007-11-02,2007-11-02,ARV,Adult,SCMS from RDC,"Lamivudine/Zidovudine 150/300mg, tablets, 60 Tabs",Lamivudine/Zidovudine,Generic,150/300mg,Tablet - FDC,60,40245,382327.5,9.5,0.16,"Cipla, Goa, India",True,3254.0,13267.3,611.72
1076,10633,111-MZ-T01,Pre-PQ Process,SO-1038,DN-426,Mozambique,PMO - US,From RDC,N/A - From RDC,Air,2006-11-29,2007-05-29,2007-11-29,2007-11-29,2007-11-29,ARV,Adult,SCMS from RDC,"Lamivudine/Zidovudine 150/300mg, tablets, 60 Tabs",Lamivudine/Zidovudine,Generic,150/300mg,Tablet - FDC,60,10044,95418.0,9.5,0.16,"Cipla, Goa, India",True,7341.0,10879.28,152.67
1077,10634,112-NG-T01,Pre-PQ Process,SO-1109,DN-422,Nigeria,PMO - US,From RDC,N/A - From RDC,Air,2006-11-09,2007-05-09,2007-11-09,2007-11-09,2007-11-09,ARV,Adult,SCMS from RDC,"Lamivudine/Nevirapine/Zidovudine 150/200/300mg, tablets, 60 Tabs",Lamivudine/Nevirapine/Zidovudine,Generic,150/300/200mg,Tablet - FDC,60,7436,100386.0,13.5,0.22,"Aurobindo Unit III, India",True,962.0,5180.0,160.62
1078,10636,110-ZM-T01,Pre-PQ Process,SO-1317,DN-605,Zambia,PMO - US,From RDC,N/A - From RDC,Truck,2007-02-21,2007-08-21,2008-02-21,2008-02-21,2008-02-21,ARV,Adult,SCMS from RDC,"Nevirapine 200mg, tablets, 60 Tabs",Nevirapine,Generic,200mg,Tablet,60,72333,245932.2,3.4,0.06,Hetero Unit III Hyderabad IN,True,4957.0,15220.18,393.49
1079,10637,117-ET-T01,Pre-PQ Process,SO-1342,DN-459,Ethiopia,PMO - US,From RDC,N/A - From RDC,Air,2006-11-26,2007-05-26,2007-11-26,2007-11-26,2007-11-26,ARV,Pediatric,SCMS from RDC,"Stavudine 1mg/ml, powder for oral solution, 200 ml",Stavudine,Generic,1mg/ml,Oral solution,200,7294,10211.6,1.4,0.01,"Aurobindo Unit III, India",True,753.0,8004.0,16.34
1080,10639,125-HT-T01,Pre-PQ Process,SO-1290,DN-444,Haiti,PMO - US,From RDC,N/A - From RDC,Air,2006-12-30,2007-06-30,2007-12-31,2007-12-31,2007-12-31,HRDT,HIV test,SCMS from RDC,"HIV 1/2, Determine HIV Kit, without Lancets, 100 Tests","HIV 1/2, Determine HIV Kit, without Lancets",Determine,no_dosage,Test kit,100,10,720.0,72.0,0.72,Inverness Japan,True,6.0,2219.44,1.15
1081,10640,106-HT-T01,Pre-PQ Process,SO-1288,DN-445,Haiti,PMO - US,From RDC,N/A - From RDC,Air,2007-01-22,2007-07-22,2008-01-22,2008-01-22,2008-01-22,ARV,Pediatric,SCMS from RDC,"Lamivudine 10mg/ml, oral solution, Bottle, 240 ml",Lamivudine,Generic,10mg/ml,Oral solution,240,2000,3940.0,1.97,0.01,"Aurobindo Unit III, India",True,4213.0,38515.8,6.3
1082,10641,106-HT-T01,Pre-PQ Process,SO-1288,DN-445,Haiti,PMO - US,From RDC,N/A - From RDC,Air,2007-01-22,2007-07-22,2008-01-22,2008-01-22,2008-01-22,ARV,Adult,SCMS from RDC,"Lamivudine 150mg, tablets, 60 Tabs",Lamivudine,Generic,150mg,Tablet,60,5000,15200.0,3.04,0.05,"Aurobindo Unit III, India",False,452.0,2946.7200000000003,24.32
1083,10642,112-NG-T01,Pre-PQ Process,SO-567,DN-475,Nigeria,PMO - US,From RDC,N/A - From RDC,Air,2006-12-03,2007-06-03,2007-12-03,2007-12-03,2007-12-03,ARV,Adult,SCMS from RDC,"Lamivudine/Nevirapine/Zidovudine 150/200/300mg, tablets, 60 Tabs",Lamivudine/Nevirapine/Zidovudine,Generic,150/300/200mg,Tablet - FDC,60,12984,266172.0,20.5,0.34,"Aurobindo Unit III, India",True,3286.0,18208.0,425.88
1084,10643,110-ZM-T01,Pre-PQ Process,SO-1309,DN-484,Zambia,PMO - US,From RDC,N/A - From RDC,Truck,2006-12-07,2007-06-07,2007-12-07,2007-12-07,2007-12-07,ARV,Adult,SCMS from RDC,"Lamivudine/Nevirapine/Stavudine 150/200/30mg, tablets, 60 Tabs",Lamivudine/Nevirapine/Stavudine,Generic,150/200/30mg,Tablet - FDC,60,14052,103984.8,7.4,0.12,"Cipla, Goa, India",True,1420.0,5780.2,166.38
1085,10644,110-ZM-T01,Pre-PQ Process,SO-1029,DN-486,Zambia,PMO - US,From RDC,N/A - From RDC,Truck,2006-12-06,2007-06-06,2007-12-06,2007-12-06,2007-12-06,ARV,Pediatric,SCMS from RDC,"Efavirenz 50mg, capsule, 30 Caps",Efavirenz,Generic,50mg,Capsule,30,3690,10147.5,2.75,0.09,"Aurobindo Unit III, India",True,226.0,1370.28,16.24
1086,10645,104-CI-T01,Pre-PQ Process,SO-1408,DN-478,Côte d'Ivoire,PMO - US,From RDC,N/A - From RDC,Air,2006-12-10,2007-06-10,2007-12-10,2007-12-10,2007-12-10,ARV,Adult,SCMS from RDC,"Nevirapine 200mg, tablets, 60 Tabs",Nevirapine,Generic,200mg,Tablet,60,8000,27200.0,3.4,0.06,"Strides, Bangalore, India.",True,1013.0,3646.0,43.52
1087,10647,100-ZW-T01,Pre-PQ Process,SO-708,DN-479,Zimbabwe,PMO - US,From RDC,N/A - From RDC,Air,2007-02-05,2007-08-05,2008-02-05,2008-02-05,2008-02-05,ARV,Adult,SCMS from RDC,"Efavirenz 600mg, tablets, 30 Tabs",Efavirenz,Generic,600mg,Tablet,30,1860,23101.2,12.42,0.41,"Cipla, Goa, India",True,2425.0,13356.65,36.96
1088,10648,104-CI-T01,Pre-PQ Process,SO-1361,DN-503,Côte d'Ivoire,PMO - US,From RDC,N/A - From RDC,Air,2006-12-14,2007-06-14,2007-12-14,2007-12-14,2007-12-14,ARV,Adult,SCMS from RDC,"Abacavir/Lamivudine/Zidovudine 300/150/300mg [Trizivir], tablets, 60 Tabs",Abacavir/Lamivudine/Zidovudine,Trizivir,300/150/300mg,Tablet - FDC,60,1847,129290.0,70.0,1.17,GSK Ware (UK),True,271.0,1700.0,206.86
1089,10650,102-BW-T01,Pre-PQ Process,SO-1662,DN-621,Botswana,PMO - US,From RDC,N/A - From RDC,Air,2007-03-12,2007-09-12,2008-03-12,2008-03-12,2008-03-12,HRDT,HIV test,SCMS from RDC,"HIV 1/2, Uni-Gold HIV Kit, 20 Tests","HIV 1/2, Uni-Gold HIV Kit",Uni-Gold,no_dosage,Test kit,20,100,3200.0,32.0,1.6,"Trinity Biotech, Plc",True,35.0,861.0,5.12
1090,10651,111-MZ-T01,Pre-PQ Process,SO-1039,DN-601,Mozambique,PMO - US,From RDC,N/A - From RDC,Air,2007-04-08,2007-10-08,2008-04-08,2008-04-05,2008-04-05,ARV,Adult,SCMS from RDC,"Stavudine 30mg, capsules, 60 Caps",Stavudine,Generic,30mg,Capsule,60,120,182.4,1.52,0.03,"Aurobindo Unit III, India",True,5092.0,8118.64,0.29
1091,10652,100-ZW-T01,Pre-PQ Process,SO-710,DN-488,Zimbabwe,PMO - US,From RDC,N/A - From RDC,Air,2007-01-14,2007-07-14,2008-01-14,2008-01-14,2008-01-14,ARV,Adult,SCMS from RDC,"Efavirenz 600mg, tablets, 30 Tabs",Efavirenz,Generic,600mg,Tablet,30,1860,23101.2,12.42,0.41,"Cipla, Goa, India",True,4091.0,12130.9,36.96
1092,10653,111-MZ-T01,Pre-PQ Process,SO-579,DN-600,Mozambique,PMO - US,From RDC,N/A - From RDC,Air,2007-04-18,2007-10-18,2008-04-18,2008-04-18,2008-04-18,ARV,Pediatric,SCMS from RDC,"Lamivudine 10mg/ml, oral solution, Bottle, 240 ml",Lamivudine,Generic,10mg/ml,Oral solution,240,2744,6695.36,2.44,0.01,"Aurobindo Unit III, India",True,998.0,3894.6,10.71
1093,10654,111-MZ-T01,Pre-PQ Process,SO-1039,DN-628,Mozambique,PMO - US,From RDC,N/A - From RDC,Air,2007-04-08,2007-10-08,2008-04-08,2008-04-05,2008-04-05,ARV,Adult,SCMS from RDC,"Lamivudine/Stavudine 150/30mg, tablets, 30 Tabs",Lamivudine/Stavudine,Generic,150/30mg,Tablet - FDC,30,52240,104480.0,2.0,0.07,"Cipla, Goa, India",True,4230.0,8771.34,167.17
1094,10656,110-ZM-T01,Pre-PQ Process,SO-783,DN-481,Zambia,PMO - US,From RDC,N/A - From RDC,Truck,2007-01-15,2007-07-15,2008-01-15,2008-01-15,2008-01-15,HRDT,HIV test,SCMS from RDC,"HIV 1/2, Determine HIV Kit, without Lancets, 100 Tests","HIV 1/2, Determine HIV Kit, without Lancets",Determine,no_dosage,Test kit,100,2100,151179.0,71.99,0.72,Inverness Japan,True,498.0,2292.6,241.89
1095,10658,112-NG-T01,Pre-PQ Process,SO-1570,DN-535,Nigeria,PMO - US,From RDC,N/A - From RDC,Air,2007-01-09,2007-07-09,2008-01-09,2008-01-09,2008-01-09,ARV,Adult,SCMS from RDC,"Lamivudine/Zidovudine 150/300mg, tablets, 60 Tabs",Lamivudine/Zidovudine,Generic,150/300mg,Tablet - FDC,60,367,3486.5,9.5,0.16,"Aurobindo Unit III, India",True,447.0,2230.0,5.58
1096,10660,107-RW-T01,Pre-PQ Process,SO-1222,DN-571,Rwanda,PMO - US,From RDC,N/A - From RDC,Air,2007-01-28,2007-07-28,2008-01-28,2008-01-28,2008-01-28,HRDT,HIV test - Ancillary,SCMS from RDC,"HIV, Lancet, Safety, for HIV Test kits, 100 Pcs","HIV, Lancet, Safety, for HIV Test kits, 100 Pcs",Generic,no_dosage,Test kit - Ancillary,100,2093,20.93,0.01,0.0,Inverness Japan,True,609.0,12977.28,0.03
1097,10662,109-TZ-T01,Pre-PQ Process,SO-1647,DN-556,Tanzania,PMO - US,From RDC,N/A - From RDC,Air,2007-02-06,2007-08-06,2008-02-06,2008-02-06,2008-02-06,ARV,Adult,SCMS from RDC,"Lamivudine/Zidovudine 150/300mg, tablets, 60 Tabs",Lamivudine/Zidovudine,Generic,150/300mg,Tablet - FDC,60,9476,90022.0,9.5,0.16,"Aurobindo Unit III, India",True,1008.0,4207.4,144.04
1098,10663,105-GY-T01,Pre-PQ Process,SO-1239,DN-557,Guyana,PMO - US,From RDC,N/A - From RDC,Air,2007-01-24,2007-07-24,2008-01-24,2008-01-24,2008-01-24,ARV,Adult,SCMS from RDC,"Efavirenz 600mg, tablets, 30 Tabs",Efavirenz,Generic,600mg,Tablet,30,5670,70421.4,12.42,0.41,"Strides, Bangalore, India.",True,441.0,6141.25,112.67
1099,10664,104-CI-T01,Pre-PQ Process,SO-1278,DN-561,Côte d'Ivoire,PMO - US,From RDC,N/A - From RDC,Air,2007-01-17,2007-07-17,2008-01-17,2008-01-17,2008-01-17,HRDT,HIV test,SCMS from RDC,"HIV 2, New LAV Blot 2 HIV Kit, 18 Tests","HIV 2, New LAV Blot 2 HIV Kit",LAV,no_dosage,Test kit,18,9,2773.53,308.17,17.12,Bio-Rad Laboratories,True,13.0,1148.0,4.44
1100,10665,104-CI-T01,Pre-PQ Process,SO-1144,DN-539,Côte d'Ivoire,PMO - US,From RDC,N/A - From RDC,Air,2006-12-28,2007-06-28,2007-12-28,2007-12-28,2007-12-28,ARV,Pediatric,SCMS from RDC,"Nevirapine 10mg/ml, oral suspension, Bottle, 240 ml",Nevirapine,Generic,10mg/ml,Oral suspension,240,475,912.0,1.92,0.01,"Aurobindo Unit III, India",True,170.0,1301.0,1.46
1101,10666,110-ZM-T01,Pre-PQ Process,SO-1034,DN-554,Zambia,PMO - US,From RDC,N/A - From RDC,Truck,2007-02-12,2007-08-12,2008-02-12,2008-02-12,2008-02-12,ARV,Adult,SCMS from RDC,"Efavirenz 600mg, tablets, 30 Tabs",Efavirenz,Generic,600mg,Tablet,30,44135,548156.7,12.42,0.41,Mylan (formerly Matrix) Nashik,True,3462.0,12569.92,877.05
1102,10667,104-CI-T01,Pre-PQ Process,SO-1679,DN-581,Côte d'Ivoire,PMO - US,From RDC,N/A - From RDC,Air,2007-02-05,2007-08-05,2008-02-05,2008-02-05,2008-02-05,ARV,Pediatric,SCMS from RDC,"Stavudine 1mg/ml, powder for oral solution, 200 ml",Stavudine,Generic,1mg/ml,Oral solution,200,5900,8260.0,1.4,0.01,"Aurobindo Unit III, India",True,2093.0,5962.31,13.22
1103,10669,114-UG-T01,Pre-PQ Process,SO-1715,DN-588,Uganda,PMO - US,From RDC,N/A - From RDC,Air,2007-03-06,2007-09-06,2008-03-06,2008-03-06,2008-03-06,ARV,Adult,SCMS from RDC,"Emtricitabine/Tenofovir Disoproxil Fumarate 200/300mg [Truvada], tablets, 30 Tabs",Emtricitabine/Tenofovir Disoproxil Fumarate,Truvada,300/200mg,Tablet - FDC,30,656,17220.0,26.25,0.88,"Aspen-OSD, Port Elizabeth, SA",True,58.0,794.22,27.55
1104,10670,114-UG-T01,Pre-PQ Process,SO-1082,DN-589,Uganda,PMO - US,From RDC,N/A - From RDC,Air,2007-02-28,2007-08-28,2008-02-28,2008-02-28,2008-02-28,ARV,Adult,SCMS from RDC,"Lamivudine/Nevirapine/Stavudine 150/200/30mg, tablets, 60 Tabs",Lamivudine/Nevirapine/Stavudine,Generic,150/200/30mg,Tablet - FDC,60,93,688.2,7.4,0.12,"Cipla, Goa, India",True,311.0,1430.22,1.1
1105,10671,111-MZ-T01,Pre-PQ Process,SO-1063,DN-597,Mozambique,PMO - US,From RDC,N/A - From RDC,Air,2007-02-28,2007-08-29,2008-02-29,2008-02-29,2008-02-29,HRDT,HIV test,SCMS from RDC,"HIV 1/2, Determine HIV Kit, without Lancets, 100 Tests","HIV 1/2, Determine HIV Kit, without Lancets",Determine,no_dosage,Test kit,100,4300,309557.0,71.99,0.72,Inverness Japan,True,1017.0,519.71,495.29
1106,10672,111-MZ-T01,Pre-PQ Process,SO-1613,DN-599,Mozambique,PMO - US,From RDC,N/A - From RDC,Air,2007-03-10,2007-09-10,2008-03-10,2008-03-10,2008-03-10,ARV,Adult,SCMS from RDC,"Lamivudine 150mg, tablets, 60 Tabs",Lamivudine,Generic,150mg,Tablet,60,2106,6402.24,3.04,0.05,"Ranbaxy, Paonta Shahib, India",True,113.0,919.2,10.24
1107,10673,110-ZM-T01,Pre-PQ Process,SO-2730,DN-821,Zambia,PMO - US,From RDC,N/A - From RDC,Truck,2007-07-29,2008-01-29,2008-07-29,2008-07-29,2008-07-29,ARV,Adult,SCMS from RDC,"Lamivudine/Nevirapine/Stavudine 150/200/30mg, tablets, 60 Tabs",Lamivudine/Nevirapine/Stavudine,Generic,150/200/30mg,Tablet - FDC,60,50000,360000.0,7.2,0.12,"Strides, Bangalore, India.",True,3679.0,5014.65,576.0
1108,10674,109-TZ-T01,Pre-PQ Process,SO-2560,DN-826,Tanzania,PMO - US,From RDC,N/A - From RDC,Air,2007-07-29,2008-01-29,2008-07-29,2008-07-29,2008-07-29,ARV,Adult,SCMS from RDC,"Nevirapine 200mg, tablets, 60 Tabs",Nevirapine,Generic,200mg,Tablet,60,1300,4420.0,3.4,0.06,"Ranbaxy, Paonta Shahib, India",True,16709.0,15210.0,7.07
1109,10675,100-PK-T01,Pre-PQ Process,SO-2496,DN-732,Pakistan,PMO - US,From RDC,N/A - From RDC,Air,2007-05-19,2007-11-19,2008-05-19,2008-05-19,2008-05-19,HRDT,HIV test,SCMS from RDC,"HIV 1/2, Determine HIV Kit, without Lancets, 100 Tests","HIV 1/2, Determine HIV Kit, without Lancets",Determine,no_dosage,Test kit,100,20,1439.8,71.99,0.72,Inverness Japan,True,30.0,14959.835,2.3
1110,10676,131-NG-T01,Pre-PQ Process,SO-2577,DN-738,Nigeria,PMO - US,From RDC,N/A - From RDC,Air,2007-05-20,2007-11-20,2008-05-20,2008-05-20,2008-05-20,ARV,Adult,SCMS from RDC,"Lamivudine/Nevirapine/Zidovudine 150/200/300mg, tablets, 60 Tabs",Lamivudine/Nevirapine/Zidovudine,Generic,150/300/200mg,Tablet - FDC,60,3226,42841.28,13.28,0.22,"Aurobindo Unit III, India",True,359.0,2750.89,68.55
1111,10677,119-NA-T01,Pre-PQ Process,SO-1765,DN-759,Namibia,PMO - US,From RDC,N/A - From RDC,Air,2007-06-19,2007-12-19,2008-06-19,2008-06-19,2008-06-19,ARV,Adult,SCMS from RDC,"Efavirenz 600mg, tablets, 30 Tabs",Efavirenz,Generic,600mg,Tablet,30,24320,292083.2,12.01,0.4,"Aurobindo Unit III, India",True,2094.0,4528.5,467.33
1112,10678,110-ZM-T01,Pre-PQ Process,SO-2485,DN-828,Zambia,PMO - US,From RDC,N/A - From RDC,Truck,2007-07-29,2008-01-29,2008-07-29,2008-07-29,2008-07-29,ARV,Adult,SCMS from RDC,"Lamivudine/Zidovudine 150/300mg, tablets, 60 Tabs",Lamivudine/Zidovudine,Generic,150/300mg,Tablet - FDC,60,14124,133471.8,9.45,0.16,"Cipla, Goa, India",True,2115.0,2882.85,213.55
1113,10679,102-KE-T01,Pre-PQ Process,SO-1740,DN-829,Kenya,PMO - US,From RDC,N/A - From RDC,Truck,2007-03-30,2007-09-30,2008-03-31,2008-03-31,2008-03-31,HRDT,HIV test,SCMS from RDC,"HIV, Bioline HIV 1/2 3.0 Kit, [DON] 25 Tests","HIV, Bioline HIV 1/2 3.0 Kit",Bioline,no_dosage,Test kit,25,3,0.03,0.01,0.0,"Standard Diagnostics, Korea",True,3.0,99.0,0.0
1114,10680,102-KE-T01,Pre-PQ Process,SO-1720,DN-830,Kenya,PMO - US,From RDC,N/A - From RDC,Truck,2007-05-30,2007-11-30,2008-05-30,2008-05-30,2008-05-30,HRDT,HIV test,SCMS from RDC,"HIV, Bioline HIV 1/2 3.0 Kit, [DON] 25 Tests","HIV, Bioline HIV 1/2 3.0 Kit",Bioline,no_dosage,Test kit,25,997,9.97,0.01,0.0,"Standard Diagnostics, Korea",True,399.0,417.42,0.02
1115,10681,100-ZW-T01,Pre-PQ Process,SO-1608,DN-771,Zimbabwe,PMO - US,From RDC,N/A - From RDC,Truck,2007-06-09,2007-12-09,2008-06-09,2008-06-09,2008-06-09,ARV,Adult,SCMS from RDC,"Lamivudine/Stavudine 150/30mg, tablets, 30 Tabs",Lamivudine/Stavudine,Generic,150/30mg,Tablet - FDC,30,1600,3200.0,2.0,0.07,"Cipla, Goa, India",True,96.0,2145.17,5.12
1116,10682,104-CI-T01,Pre-PQ Process,SO-1680,DN-673,Côte d'Ivoire,PMO - US,From RDC,N/A - From RDC,Air,2007-03-27,2007-09-27,2008-03-27,2008-03-27,2008-03-27,ARV,Adult,SCMS from RDC,"Abacavir 300mg, tablets, 60 Tabs",Abacavir,Generic,300mg,Tablet,60,374,10296.22,27.53,0.46,"Aurobindo Unit III, India",True,1118.0,2810.58,16.47
1117,10683,106-HT-T01,Pre-PQ Process,SO-2056,DN-743,Haiti,PMO - US,From RDC,N/A - From RDC,Air,2007-05-27,2007-11-27,2008-05-27,2008-05-27,2008-05-27,ARV,Pediatric,SCMS from RDC,"Nevirapine 10mg/ml, oral suspension, Bottle, 240 ml",Nevirapine,Generic,10mg/ml,Oral suspension,240,5056,9707.52,1.92,0.01,"Aurobindo Unit III, India",True,2166.0,22956.0,15.53
1118,10684,106-HT-T01,Pre-PQ Process,SO-2053,DN-744,Haiti,PMO - US,From RDC,N/A - From RDC,Air,2007-06-02,2007-12-02,2008-06-02,2008-06-02,2008-06-02,ARV,Adult,SCMS from RDC,"Stavudine 30mg, capsules, 60 Caps",Stavudine,Generic,30mg,Capsule,60,4725,7182.0,1.52,0.03,"Aurobindo Unit III, India",True,1154.0,12508.65,11.49
1119,10685,117-ET-T01,Pre-PQ Process,SO-1949,DN-668,Ethiopia,PMO - US,From RDC,N/A - From RDC,Air,2007-03-25,2007-09-25,2008-03-25,2008-03-25,2008-03-25,ARV,Adult,SCMS from RDC,"Stavudine 30mg, capsules, 60 Caps",Stavudine,Generic,30mg,Capsule,60,51293,77965.36,1.52,0.03,"Aurobindo Unit III, India",True,3371.0,11862.2,124.74
1120,10686,123-NG-T01,Pre-PQ Process,SO-2552,DN-834,Nigeria,PMO - US,From RDC,N/A - From RDC,Air,2007-07-16,2008-01-16,2008-07-16,2008-07-16,2008-07-16,ARV,Adult,SCMS from RDC,"Efavirenz 600mg, tablets, 30 Tabs",Efavirenz,Generic,600mg,Tablet,30,11527,138439.27,12.01,0.4,"Aurobindo Unit III, India",True,1994.0,10231.84,221.5
1121,10687,102-KE-T01,Pre-PQ Process,SO-1389,DN-646,Kenya,PMO - US,From RDC,N/A - From RDC,Truck,2007-02-27,2007-08-27,2008-02-27,2008-02-27,2008-02-27,HRDT,HIV test,SCMS from RDC,"HIV 1/2, Bioline 3.0 Kit, Lancets, Capillary pipets, Alcohol swabs included, 25 Tests","HIV 1/2, Bioline 3.0 Kit, Lancets, Capillary pipets, Alcohol swabs included",Bioline,no_dosage,Test kit,25,270,5400.0,20.0,0.8,"Standard Diagnostics, Korea",True,97.0,98.08,8.64
1122,10688,106-HT-T01,Pre-PQ Process,SO-2059,DN-733,Haiti,PMO - US,From RDC,N/A - From RDC,Air,2007-05-26,2007-11-26,2008-05-26,2008-05-26,2008-05-26,ARV,Adult,SCMS from RDC,"Nevirapine 200mg, tablets, 60 Tabs",Nevirapine,Generic,200mg,Tablet,60,11760,39984.0,3.4,0.06,"Aurobindo Unit III, India",True,3820.0,35933.8,63.97
1123,10689,104-CI-T01,Pre-PQ Process,SO-2044,DN-734,Côte d'Ivoire,PMO - US,From RDC,N/A - From RDC,Air,2007-06-02,2007-12-02,2008-06-02,2008-06-02,2008-06-02,ARV,Pediatric,SCMS from RDC,"Abacavir 20mg/ml, oral solution, Bottle, 240 ml",Abacavir,Generic,20mg/ml,Oral solution,240,1664,27456.0,16.5,0.07,"Aurobindo Unit III, India",True,905.0,10451.25,43.93
1124,10690,110-ZM-T01,Pre-PQ Process,SO-2546,DN-769,Zambia,PMO - US,From RDC,N/A - From RDC,Truck,2007-06-17,2007-12-17,2008-06-17,2008-06-17,2008-06-17,ARV,Adult,SCMS from RDC,"Lamivudine/Stavudine 150/30mg, tablets, 30 Tabs",Lamivudine/Stavudine,Generic,150/30mg,Tablet - FDC,30,42768,85536.0,2.0,0.07,"Cipla, Goa, India",True,2493.0,4887.18,136.86
1125,10691,125-HT-T01,Pre-PQ Process,SO-1291,DN-686,Haiti,PMO - US,From RDC,N/A - From RDC,Air,2007-04-03,2007-10-03,2008-04-03,2008-04-03,2008-04-03,HRDT,HIV test,SCMS from RDC,"HIV 1/2, Determine HIV Kit, without Lancets, 100 Tests","HIV 1/2, Determine HIV Kit, without Lancets",Determine,no_dosage,Test kit,100,10,720.0,72.0,0.72,Inverness Japan,True,12.0,785.88,1.15
1126,10692,125-HT-T01,Pre-PQ Process,SO-1291,DN-686,Haiti,PMO - US,From RDC,N/A - From RDC,Air,2007-04-03,2007-10-03,2008-04-03,2008-04-03,2008-04-03,HRDT,HIV test,SCMS from RDC,"HIV 1/2, Determine HIV Kit, without Lancets, 100 Tests","HIV 1/2, Determine HIV Kit, without Lancets",Determine,no_dosage,Test kit,100,10,720.0,72.0,0.72,Inverness Japan,False,6.0,2946.7200000000003,1.15
1127,10693,114-UG-T01,Pre-PQ Process,SO-1301,DN-480,Uganda,PMO - US,From RDC,N/A - From RDC,Air,2007-03-19,2007-09-19,2008-03-19,2008-03-19,2008-03-19,ARV,Adult,SCMS from RDC,"Efavirenz 600mg, tablets, 30 Tabs",Efavirenz,Generic,600mg,Tablet,30,2060,25585.2,12.42,0.41,"Aurobindo Unit III, India",True,196.0,1381.7,40.94
1128,10694,119-NA-T01,Pre-PQ Process,SO-1131,DN-616,Namibia,PMO - US,From RDC,N/A - From RDC,Air,2007-03-05,2007-09-05,2008-03-05,2008-03-05,2008-03-05,HRDT,HIV test,SCMS from RDC,"HIV 1/2, Uni-Gold HIV Kit, 20 Tests","HIV 1/2, Uni-Gold HIV Kit",Uni-Gold,no_dosage,Test kit,20,737,23584.0,32.0,1.6,"Trinity Biotech, Plc",True,231.0,5491.08,37.73
1129,10695,104-CI-T01,Pre-PQ Process,SO-791,DN-641,Côte d'Ivoire,PMO - US,From RDC,N/A - From RDC,Air,2007-03-03,2007-09-03,2008-03-03,2008-03-03,2008-03-03,HRDT,HIV test - Ancillary,SCMS from RDC,"HIV, Lancet, Safety, for HIV Test kits, 100 Pcs","HIV, Lancet, Safety, for HIV Test kits, 100 Pcs",Generic,no_dosage,Test kit - Ancillary,100,1505,15.05,0.01,0.0,Inverness Japan,True,440.0,1759.4,0.02
1130,10696,109-TZ-T01,Pre-PQ Process,SO-2704,DN-799,Tanzania,PMO - US,From RDC,N/A - From RDC,Air,2007-07-09,2008-01-09,2008-07-09,2008-07-09,2008-07-09,ARV,Adult,SCMS from RDC,"Abacavir 300mg, tablets, 60 Tabs",Abacavir,Generic,300mg,Tablet,60,5730,157746.9,27.53,0.46,"Aurobindo Unit III, India",True,569.0,886.35,252.4
1131,10697,100-ZW-T01,Pre-PQ Process,SO-713,DN-687,Zimbabwe,PMO - US,From RDC,N/A - From RDC,Air,2007-03-30,2007-09-30,2008-03-30,2008-03-30,2008-03-30,ARV,Adult,SCMS from RDC,"Lamivudine/Stavudine 150/30mg, tablets, 30 Tabs",Lamivudine/Stavudine,Generic,150/30mg,Tablet - FDC,30,1600,3200.0,2.0,0.07,"Cipla, Goa, India",True,4252.0,15696.7,5.12
1132,10698,104-CI-T01,Pre-PQ Process,SO-1663,DN-643,Côte d'Ivoire,PMO - US,From RDC,N/A - From RDC,Air,2007-03-06,2007-09-06,2008-03-06,2008-03-06,2008-03-06,ARV,Adult,SCMS from RDC,"Lamivudine/Nevirapine/Stavudine 150/200/30mg, tablets, 60 Tabs",Lamivudine/Nevirapine/Stavudine,Generic,150/200/30mg,Tablet - FDC,60,12833,94964.2,7.4,0.12,"Cipla, Goa, India",True,1316.0,3056.96,151.94
1133,10700,104-CI-T01,Pre-PQ Process,SO-1685,DN-613,Côte d'Ivoire,PMO - US,From RDC,N/A - From RDC,Air,2007-02-19,2007-08-19,2008-02-19,2008-02-19,2008-02-19,ARV,Adult,SCMS from RDC,"Lamivudine/Zidovudine 150/300mg, tablets, 60 Tabs",Lamivudine/Zidovudine,Generic,150/300mg,Tablet - FDC,60,20284,192698.0,9.5,0.16,"Aurobindo Unit III, India",True,1897.0,3826.17,308.32
1134,10702,110-ZM-T01,Pre-PQ Process,SO-1887,DN-700,Zambia,PMO - US,From RDC,N/A - From RDC,Truck,2007-05-08,2007-11-08,2008-05-08,2008-05-08,2008-05-08,ARV,Adult,SCMS from RDC,"Emtricitabine/Tenofovir Disoproxil Fumarate 200/300mg [Truvada], tablets, 30 Tabs",Emtricitabine/Tenofovir Disoproxil Fumarate,Truvada,300/200mg,Tablet - FDC,30,43154,1132792.5,26.25,0.88,"Aspen-OSD, Port Elizabeth, SA",True,3788.0,1910.61,1812.47
1135,10703,119-NA-T01,Pre-PQ Process,SO-2349,DN-710,Namibia,PMO - US,From RDC,N/A - From RDC,Air,2007-04-10,2007-10-10,2008-04-10,2008-04-10,2008-04-10,ARV,Adult,SCMS from RDC,"Efavirenz 600mg, tablets, 30 Tabs",Efavirenz,Generic,600mg,Tablet,30,2100,25221.0,12.01,0.4,"Aurobindo Unit III, India",True,181.0,690.39,40.35
1136,10704,106-HT-T01,Pre-PQ Process,SO-2600,DN-775,Haiti,PMO - US,From RDC,N/A - From RDC,Air,2007-06-27,2007-12-27,2008-06-27,2008-06-27,2008-06-27,ARV,Adult,SCMS from RDC,"Zidovudine 300mg, tablets, 60 Tabs",Zidovudine,Generic,300mg,Tablet,60,3150,25672.5,8.15,0.14,"Aurobindo Unit III, India",True,181.0,2944.21,41.08
1137,10705,106-HT-T01,Pre-PQ Process,SO-2057,DN-691,Haiti,PMO - US,From RDC,N/A - From RDC,Air,2007-04-02,2007-10-02,2008-04-02,2008-04-02,2008-04-02,ARV,Adult,SCMS from RDC,"Lamivudine 150mg, tablets, 60 Tabs",Lamivudine,Generic,150mg,Tablet,60,10283,29923.53,2.91,0.05,"Aurobindo Unit III, India",True,519.0,5974.7,47.88
1138,10706,106-HT-T01,Pre-PQ Process,SO-2055,DN-690,Haiti,PMO - US,From RDC,N/A - From RDC,Air,2007-04-14,2007-10-14,2008-04-14,2008-04-14,2008-04-14,ARV,Adult,SCMS from RDC,"Lopinavir/Ritonavir 200/50mg [Aluvia], tablets, 120 Tabs",Lopinavir/Ritonavir,Aluvia,200/50mg,Tablet,120,389,15987.9,41.1,0.34,ABBVIE Ludwigshafen Germany,True,4639.0,47525.69,25.58
1139,10707,110-ZM-T01,Pre-PQ Process,SO-1890,DN-719,Zambia,PMO - US,From RDC,N/A - From RDC,Truck,2007-05-09,2007-11-09,2008-05-09,2008-05-09,2008-05-09,ARV,Adult,SCMS from RDC,"Lamivudine/Zidovudine 150/300mg, tablets, 60 Tabs",Lamivudine/Zidovudine,Generic,150/300mg,Tablet - FDC,60,40320,381024.0,9.45,0.16,"Aurobindo Unit III, India",True,3750.0,1891.44,609.64
1140,10708,109-TZ-T01,Pre-PQ Process,SO-2720,DN-765,Tanzania,PMO - US,From RDC,N/A - From RDC,Air,2007-07-01,2008-01-01,2008-07-01,2008-07-01,2008-07-01,ARV,Adult,SCMS from RDC,"Lamivudine 150mg, tablets, 60 Tabs",Lamivudine,Generic,150mg,Tablet,60,23230,67599.3,2.91,0.05,"Aurobindo Unit III, India",True,1156.0,6308.6,108.16
1141,10709,104-CI-T01,Pre-PQ Process,SO-16180,DN-1001,Côte d'Ivoire,PMO - US,From RDC,N/A - From RDC,Air,2007-12-03,2008-06-03,2008-12-03,2008-12-03,2008-12-03,ARV,Pediatric,SCMS from RDC,"Zidovudine 10mg/ml, oral solution, Bottle, 240 ml",Zidovudine,Generic,10mg/ml,Oral solution,240,1200,2520.0,2.1,0.01,"Aurobindo Unit III, India",True,448.0,2605.77,4.94
1142,10710,123-NG-T01,Pre-PQ Process,SO-19071,DN-1045,Nigeria,PMO - US,From RDC,N/A - From RDC,Truck,2008-01-19,2008-07-19,2009-01-19,2009-01-19,2009-01-19,ARV,Adult,SCMS from RDC,"Stavudine 30mg, capsules, 60 Caps",Stavudine,Generic,30mg,Capsule,60,858,1329.9,1.55,0.03,"Aurobindo Unit III, India",True,58.0,7363.73,2.61
1143,10711,114-UG-T01,Pre-PQ Process,SO-17760,DN-1143,Uganda,PMO - US,From RDC,N/A - From RDC,Air,2008-04-02,2008-10-02,2009-04-02,2009-04-02,2009-04-02,ARV,Adult,SCMS from RDC,"Lamivudine/Zidovudine 150/300mg, tablets, 60 Tabs",Lamivudine/Zidovudine,Generic,150/300mg,Tablet - FDC,60,3505,32771.75,9.35,0.16,"Aurobindo Unit III, India",True,6556.0,5401.95,64.23
1144,10712,111-MZ-T01,Pre-PQ Process,SO-15081,DN-1035,Mozambique,PMO - US,From RDC,N/A - From RDC,Air,2008-02-21,2008-08-21,2009-02-21,2009-02-21,2009-02-21,ARV,Adult,SCMS from RDC,"Lamivudine/Nevirapine/Stavudine 150/200/30mg, tablets, 60 Tabs",Lamivudine/Nevirapine/Stavudine,Generic,150/200/30mg,Tablet - FDC,60,125000,900000.0,7.2,0.12,"Strides, Bangalore, India.",True,9228.0,3671.92,1764.0
1145,10714,111-MZ-T01,Pre-PQ Process,SO-15082,DN-1036,Mozambique,PMO - US,From RDC,N/A - From RDC,Air,2008-02-26,2008-08-26,2009-02-26,2009-02-21,2009-02-21,ARV,Adult,SCMS from RDC,"Lamivudine/Nevirapine/Stavudine 150/200/30mg, tablets, 60 Tabs",Lamivudine/Nevirapine/Stavudine,Generic,150/200/30mg,Tablet - FDC,60,32067,230882.4,7.2,0.12,"Strides, Bangalore, India.",True,2382.0,3671.92,452.53
1146,10715,110-ZM-T01,Pre-PQ Process,SO-2491,DN-951,Zambia,PMO - US,From RDC,N/A - From RDC,Truck,2007-10-21,2008-04-21,2008-10-21,2008-10-21,2008-10-21,ARV,Adult,SCMS from RDC,"Nevirapine 200mg, tablets, 60 Tabs",Nevirapine,Generic,200mg,Tablet,60,29011,98637.4,3.4,0.06,"Aurobindo Unit III, India",True,2717.0,4060.55,193.33
1147,10716,114-UG-T01,Pre-PQ Process,SO-17910,DN-1068,Uganda,PMO - US,From RDC,N/A - From RDC,Air,2008-02-19,2008-08-19,2009-02-19,2009-02-19,2009-02-19,ARV,Adult,SCMS from RDC,"Efavirenz 600mg, tablets, 30 Tabs",Efavirenz,Generic,600mg,Tablet,30,1747,19217.0,11.0,0.37,"Aurobindo Unit III, India",True,152.0,1340.96,37.67
1148,10717,107-RW-T01,Pre-PQ Process,SO-24630,DN-1118,Rwanda,PMO - US,From RDC,N/A - From RDC,Air,2008-03-16,2008-09-16,2009-03-16,2009-03-16,2009-03-16,ARV,Adult,SCMS from RDC,"Nevirapine 200mg, tablets, 60 Tabs",Nevirapine,Generic,200mg,Tablet,60,7425,23760.0,3.2,0.05,Hetero Unit III Hyderabad IN,True,404.0,5637.82,46.57
1149,10718,113-ZW-T01,Pre-PQ Process,SO-1052,DN-838,Zimbabwe,PMO - US,From RDC,N/A - From RDC,Truck,2007-07-26,2008-01-26,2008-07-26,2008-07-26,2008-07-26,HRDT,HIV test,SCMS from RDC,"HIV 1/2, Bioline 3.0 Kit, Lancets, Capillary pipets, Alcohol swabs included, 25 Tests","HIV 1/2, Bioline 3.0 Kit, Lancets, Capillary pipets, Alcohol swabs included",Bioline,no_dosage,Test kit,25,307,6140.0,20.0,0.8,"Standard Diagnostics, Korea",True,1368.0,5663.0,9.82
1150,10719,111-MZ-T01,Pre-PQ Process,SO-11071,DN-932,Mozambique,PMO - US,From RDC,N/A - From RDC,Truck,2007-11-14,2008-05-14,2008-11-14,2008-11-14,2008-11-14,ARV,Adult,SCMS from RDC,"Lamivudine/Nevirapine/Stavudine 150/200/30mg, tablets, 60 Tabs",Lamivudine/Nevirapine/Stavudine,Generic,150/200/30mg,Tablet - FDC,60,125010,900072.0,7.2,0.12,"Strides, Bangalore, India.",True,3918.0,1012.43,1440.12
1151,10720,126-NG-T01,Pre-PQ Process,SO-10810,DN-886,Nigeria,PMO - US,From RDC,N/A - From RDC,Air,2007-08-29,2008-02-29,2008-08-31,2008-08-31,2008-08-31,ARV,Adult,SCMS from RDC,"Lamivudine/Zidovudine 150/300mg, tablets, 60 Tabs",Lamivudine/Zidovudine,Generic,150/300mg,Tablet - FDC,60,45000,420750.0,9.35,0.16,Mylan (formerly Matrix) Nashik,True,3657.0,23070.58,673.2
1152,10721,131-NG-T01,Pre-PQ Process,SO-10821,DN-919,Nigeria,PMO - US,From RDC,N/A - From RDC,Air,2007-09-28,2008-03-28,2008-09-28,2008-09-28,2008-09-28,ARV,Adult,SCMS from RDC,"Efavirenz/Emtricitabine/Tenofovir Disoproxil Fumarate 600/200/300mg [Atripla], tablets, 30 Tabs",Efavirenz/Emtricitabine/Tenofovir Disoproxil Fumarate,Atripla,600/200/300mg,Tablet - FDC,30,1000,50400.0,50.4,1.68,"MSD, Haarlem, NL",True,108.0,13353.34,80.64
1153,10722,131-NG-T01,Pre-PQ Process,SO-10820,DN-897,Nigeria,PMO - US,From RDC,N/A - From RDC,Air,2007-09-10,2008-03-10,2008-09-10,2008-09-10,2008-09-10,ARV,Adult,SCMS from RDC,"Emtricitabine/Tenofovir Disoproxil Fumarate 200/300mg [Truvada], tablets, 30 Tabs",Emtricitabine/Tenofovir Disoproxil Fumarate,Truvada,300/200mg,Tablet - FDC,30,6000,157500.0,26.25,0.88,"Aspen-OSD, Port Elizabeth, SA",True,1566.0,10624.04,252.0
1154,10723,106-HT-T01,Pre-PQ Process,SO-12160,DN-930,Haiti,PMO - US,From RDC,N/A - From RDC,Air,2007-10-06,2008-04-06,2008-10-06,2008-10-06,2008-10-06,ARV,Pediatric,SCMS from RDC,"Zidovudine 10mg/ml, oral solution, Bottle, 240 ml",Zidovudine,Generic,10mg/ml,Oral solution,240,9187,19292.7,2.1,0.01,"Aurobindo Unit III, India",True,3435.0,40301.65,30.87
1155,10724,117-ET-T01,Pre-PQ Process,SO-19400,DN-1027,Ethiopia,PMO - US,From RDC,N/A - From RDC,Air,2007-12-12,2008-06-12,2008-12-12,2008-12-12,2008-12-12,ARV,Adult,SCMS from RDC,"Lamivudine/Zidovudine 150/300mg, tablets, 60 Tabs",Lamivudine/Zidovudine,Generic,150/300mg,Tablet - FDC,60,31000,271560.0,8.76,0.15,"Aurobindo Unit III, India",True,1787.0,10073.76,532.26
1156,10726,110-ZM-T01,Pre-PQ Process,SO-2492,DN-966,Zambia,PMO - US,From RDC,N/A - From RDC,Truck,2007-11-07,2008-05-07,2008-11-07,2008-11-07,2008-11-07,ARV,Adult,SCMS from RDC,"Nevirapine 200mg, tablets, 60 Tabs",Nevirapine,Generic,200mg,Tablet,60,50000,170000.0,3.4,0.06,Hetero Unit III Hyderabad IN,True,2764.0,2938.92,333.2
1157,10727,130-NG-T01,Pre-PQ Process,SO-10580,DN-909,Nigeria,PMO - US,From RDC,N/A - From RDC,Air,2007-09-22,2008-03-22,2008-09-22,2008-09-22,2008-09-22,ARV,Adult,SCMS from RDC,"Nevirapine 200mg, tablets, 60 Tabs",Nevirapine,Generic,200mg,Tablet,60,2066,7024.4,3.4,0.06,"Aurobindo Unit III, India",True,451.0,3487.94,11.24
1158,10728,130-NG-T01,Pre-PQ Process,SO-10580,DN-909,Nigeria,PMO - US,From RDC,N/A - From RDC,Air,2007-09-22,2008-03-22,2008-09-22,2008-09-22,2008-09-22,ARV,Adult,SCMS from RDC,"Lamivudine/Zidovudine 150/300mg, tablets, 60 Tabs",Lamivudine/Zidovudine,Generic,150/300mg,Tablet - FDC,60,1894,17708.9,9.35,0.16,Mylan (formerly Matrix) Nashik,False,668.5,10144.765,28.33
1159,10731,114-UG-T01,Pre-PQ Process,SO-17420,DN-971,Uganda,PMO - US,From RDC,N/A - From RDC,Air,2007-11-04,2008-05-04,2008-11-04,2008-11-04,2008-11-04,ARV,Adult,SCMS from RDC,"Lamivudine/Nevirapine/Stavudine 150/200/30mg, tablets, 60 Tabs",Lamivudine/Nevirapine/Stavudine,Generic,150/200/30mg,Tablet - FDC,60,2742,20290.8,7.4,0.12,"Strides, Bangalore, India.",True,204.0,3477.0,39.77
1160,10732,111-MZ-T01,Pre-PQ Process,SO-15080,DN-1034,Mozambique,PMO - US,From RDC,N/A - From RDC,Air,2008-02-21,2008-08-21,2009-02-21,2009-02-21,2009-02-21,ARV,Adult,SCMS from RDC,"Lamivudine/Nevirapine/Zidovudine 150/200/300mg, tablets, 60 Tabs",Lamivudine/Nevirapine/Zidovudine,Generic,150/300/200mg,Tablet - FDC,60,13100,154580.0,11.8,0.2,"Aurobindo Unit III, India",True,6036.0,3671.92,302.98
1161,10733,111-MZ-T01,Pre-PQ Process,SO-2424,DN-850,Mozambique,PMO - US,From RDC,N/A - From RDC,Air,2007-09-05,2008-03-05,2008-09-05,2008-09-05,2008-09-05,ARV,Adult,SCMS from RDC,"Lamivudine 150mg, tablets, 60 Tabs",Lamivudine,Generic,150mg,Tablet,60,528,1536.48,2.91,0.05,"Aurobindo Unit III, India",True,4211.0,3227.48,2.46
1162,10734,109-TZ-T01,Pre-PQ Process,SO-11821,DN-890,Tanzania,PMO - US,From RDC,N/A - From RDC,Air,2007-09-15,2008-03-15,2008-09-15,2008-09-15,2008-09-15,ARV,Adult,SCMS from RDC,"Efavirenz 600mg, tablets, 30 Tabs",Efavirenz,Generic,600mg,Tablet,30,5000,60050.0,12.01,0.4,Mylan (formerly Matrix) Nashik,True,379.0,1188.97,96.08
1163,10735,111-MZ-T01,Pre-PQ Process,SO-15083,DN-1055,Mozambique,PMO - US,From RDC,N/A - From RDC,Air,2008-03-18,2008-09-18,2009-03-18,2009-03-18,2009-03-18,ARV,Adult,SCMS from RDC,"Lamivudine/Nevirapine/Stavudine 150/200/30mg, tablets, 60 Tabs",Lamivudine/Nevirapine/Stavudine,Generic,150/200/30mg,Tablet - FDC,60,115130,828936.0,7.2,0.12,"Strides, Bangalore, India.",True,8693.0,6757.33,1624.71
1164,10736,112-NG-T01,Pre-PQ Process,SO-22530,DN-1081,Nigeria,PMO - US,From RDC,N/A - From RDC,Air,2008-02-16,2008-08-16,2009-02-16,2009-02-16,2009-02-16,ARV,Adult,SCMS from RDC,"Lamivudine/Zidovudine 150/300mg, tablets, 60 Tabs",Lamivudine/Zidovudine,Generic,150/300mg,Tablet - FDC,60,1116,10434.6,9.35,0.16,"Aurobindo Unit III, India",True,102.0,3680.33,20.45
1165,10737,117-ET-T01,Pre-PQ Process,SO-22020,DN-1052,Ethiopia,PMO - US,From RDC,N/A - From RDC,Air,2008-03-03,2008-09-03,2009-03-03,2009-03-03,2009-03-03,ARV,Adult,SCMS from RDC,"Efavirenz 600mg, tablets, 30 Tabs",Efavirenz,Generic,600mg,Tablet,30,28926,307194.12,10.62,0.35,Mylan (formerly Matrix) Nashik,True,4593.0,16901.37,602.1
1166,10741,109-TZ-T01,Pre-PQ Process,SO-2562,DN-849,Tanzania,PMO - US,From RDC,N/A - From RDC,Truck,2007-08-22,2008-02-22,2008-08-22,2008-08-22,2008-08-22,ARV,Adult,SCMS from RDC,"Lamivudine/Zidovudine 150/300mg, tablets, 60 Tabs",Lamivudine/Zidovudine,Generic,150/300mg,Tablet - FDC,60,46163,436240.35,9.45,0.16,"Aurobindo Unit III, India",True,4237.0,3482.59,697.98
1167,10743,111-MZ-T01,Pre-PQ Process,SO-13990,DN-904,Mozambique,PMO - US,From RDC,N/A - From RDC,Truck,2007-10-10,2008-04-10,2008-10-10,2008-10-10,2008-10-10,ARV,Adult,SCMS from RDC,"Nevirapine 200mg, tablets, 60 Tabs",Nevirapine,Generic,200mg,Tablet,60,12040,38528.0,3.2,0.05,Hetero Unit III Hyderabad IN,True,677.0,1522.92,61.64
1168,10744,112-NG-T01,Pre-PQ Process,SO-12790,DN-916,Nigeria,PMO - US,From RDC,N/A - From RDC,Air,2007-09-19,2008-03-19,2008-09-19,2008-09-19,2008-09-19,ARV,Adult,SCMS from RDC,"Emtricitabine/Tenofovir Disoproxil Fumarate 200/300mg [Truvada], tablets, 30 Tabs",Emtricitabine/Tenofovir Disoproxil Fumarate,Truvada,300/200mg,Tablet - FDC,30,4,105.0,26.25,0.88,"Aspen-OSD, Port Elizabeth, SA",True,1.0,462.5,0.17
1169,10745,112-NG-T01,Pre-PQ Process,SO-2728,DN-917,Nigeria,PMO - US,From RDC,N/A - From RDC,Air,2007-09-24,2008-03-24,2008-09-24,2008-09-24,2008-09-24,ARV,Adult,SCMS from RDC,"Lamivudine 150mg, tablets, 60 Tabs",Lamivudine,Generic,150mg,Tablet,60,1017,2949.3,2.9,0.05,"Aurobindo Unit III, India",True,892.0,13353.34,4.72
1170,10746,112-NG-T01,Pre-PQ Process,SO-22550,DN-1066,Nigeria,PMO - US,From RDC,N/A - From RDC,Air,2008-02-09,2008-08-09,2009-02-09,2009-02-09,2009-02-09,ARV,Adult,SCMS from RDC,"Lamivudine/Nevirapine/Stavudine 150/200/30mg, tablets, 60 Tabs",Lamivudine/Nevirapine/Stavudine,Generic,150/200/30mg,Tablet - FDC,60,5217,38605.8,7.4,0.12,"Cipla, Goa, India",True,563.0,3852.55,75.67
1171,10747,151-NG-T01,Pre-PQ Process,SO-21786,DN-1155,Nigeria,PMO - US,From RDC,N/A - From RDC,Air,2008-04-29,2008-10-29,2009-04-29,2009-04-29,2009-04-29,ARV,Adult,SCMS from RDC,"Emtricitabine/Tenofovir Disoproxil Fumarate 200/300mg [Truvada], tablets, 30 Tabs",Emtricitabine/Tenofovir Disoproxil Fumarate,Truvada,300/200mg,Tablet - FDC,30,17067,448008.75,26.25,0.88,"Aspen-OSD, Port Elizabeth, SA",True,1481.0,14974.4,878.1
1172,10748,114-UG-T01,Pre-PQ Process,SO-17870,DN-986,Uganda,PMO - US,From RDC,N/A - From RDC,Air,2008-01-09,2008-07-09,2009-01-09,2009-01-09,2009-01-09,ARV,Adult,SCMS from RDC,"Lamivudine/Nevirapine/Zidovudine 150/200/300mg, tablets, 60 Tabs",Lamivudine/Nevirapine/Zidovudine,Generic,150/300/200mg,Tablet - FDC,60,6296,74292.8,11.8,0.2,"Aurobindo Unit III, India",True,822.0,7321.04,145.61
1173,10749,130-NG-T01,Pre-PQ Process,SO-10610,DN-959,Nigeria,PMO - US,From RDC,N/A - From RDC,Air,2007-10-30,2008-04-30,2008-10-30,2008-10-30,2008-10-30,ARV,Adult,SCMS from RDC,"Efavirenz 600mg, tablets, 30 Tabs",Efavirenz,Generic,600mg,Tablet,30,2003,23475.16,11.72,0.39,"Aurobindo Unit III, India",True,181.0,18617.93,46.01
1174,10750,123-NG-T01,Pre-PQ Process,SO-11232,DN-958,Nigeria,PMO - US,From RDC,N/A - From RDC,Air,2007-10-30,2008-04-30,2008-10-31,2008-10-31,2008-10-31,ARV,Adult,SCMS from RDC,"Lopinavir/Ritonavir 200/50mg [Aluvia], tablets, 120 Tabs",Lopinavir/Ritonavir,Aluvia,200/50mg,Tablet,120,2034,83597.4,41.1,0.34,ABBVIE Ludwigshafen Germany,True,937.0,10990.36,163.85
1175,10751,110-ZM-T01,Pre-PQ Process,SO-2483,DN-954,Zambia,PMO - US,From RDC,N/A - From RDC,Truck,2007-10-21,2008-04-21,2008-10-21,2008-10-21,2008-10-21,ARV,Adult,SCMS from RDC,"Efavirenz 600mg, tablets, 30 Tabs",Efavirenz,Generic,600mg,Tablet,30,50000,600500.0,12.01,0.4,Mylan (formerly Matrix) Nashik,True,3775.0,4060.54,1176.98
1176,10753,151-NG-T01,Pre-PQ Process,SO-21807,DN-1141,Nigeria,PMO - US,From RDC,N/A - From RDC,Air Charter,2008-03-19,2008-09-19,2009-03-19,2009-03-19,2009-03-19,ARV,Adult,SCMS from RDC,"Lamivudine/Nevirapine/Zidovudine 150/200/300mg, tablets, 60 Tabs",Lamivudine/Nevirapine/Zidovudine,Generic,150/300/200mg,Tablet - FDC,60,4501,51311.4,11.4,0.19,"Aurobindo Unit III, India",True,506.0,22985.72,100.57
1177,10754,109-TZ-T01,Pre-PQ Process,SO-11820,DN-868,Tanzania,PMO - US,From RDC,N/A - From RDC,Air,2007-08-22,2008-02-22,2008-08-22,2008-08-22,2008-08-22,ARV,Adult,SCMS from RDC,"Efavirenz 600mg, tablets, 30 Tabs",Efavirenz,Generic,600mg,Tablet,30,145000,1741450.0,12.01,0.4,Mylan (formerly Matrix) Nashik,True,11186.0,9330.0,2786.32
1178,10755,111-MZ-T01,Pre-PQ Process,SO-15090,DN-933,Mozambique,PMO - US,From RDC,N/A - From RDC,Air,2007-11-14,2008-05-14,2008-11-14,2008-11-14,2008-11-14,ARV,Adult,SCMS from RDC,"Lamivudine/Zidovudine 150/300mg, tablets, 60 Tabs",Lamivudine/Zidovudine,Generic,150/300mg,Tablet - FDC,60,3672,34333.2,9.35,0.16,"Aurobindo Unit III, India",True,3427.0,3874.22,54.93
1179,10756,111-MZ-T01,Pre-PQ Process,SO-27880,DN-1174,Mozambique,PMO - US,From RDC,N/A - From RDC,Air,2008-05-14,2008-11-14,2009-05-14,2009-05-14,2009-05-14,ARV,Adult,SCMS from RDC,"Lamivudine 150mg, tablets, 60 Tabs",Lamivudine,Generic,150mg,Tablet,60,486,1409.4,2.9,0.05,Hetero Unit III Hyderabad IN,True,23.0,968.55,2.76
1180,10759,102-KE-T01,Pre-PQ Process,SO-18001,DN-1189,Kenya,PMO - US,From RDC,N/A - From RDC,Truck,2008-04-27,2008-10-27,2009-04-27,2009-04-27,2009-04-27,HRDT,HIV test,SCMS from RDC,"HIV 1/2, Bioline 3.0 Kit, (no accessories), 30 Tests","HIV 1/2, Bioline 3.0 Kit (no accessories)",Bioline,no_dosage,Test kit,30,5000,118500.0,23.7,0.79,"Standard Diagnostics, Korea",True,1558.0,225.96,232.26
1181,10761,151-NG-T01,Pre-PQ Process,SO-21787,DN-1194,Nigeria,PMO - US,From RDC,N/A - From RDC,Air,2008-04-30,2008-10-30,2009-04-30,2009-04-30,2009-04-30,ARV,Adult,SCMS from RDC,"Emtricitabine/Tenofovir Disoproxil Fumarate 200/300mg [Truvada], tablets, 30 Tabs",Emtricitabine/Tenofovir Disoproxil Fumarate,Truvada,300/200mg,Tablet - FDC,30,3392,89040.0,26.25,0.88,"Aspen-OSD, Port Elizabeth, SA",True,298.0,2922.53,174.52
1182,10763,151-NG-T01,Pre-PQ Process,SO-22527,DN-1209,Nigeria,PMO - US,From RDC,N/A - From RDC,Air Charter,2008-05-08,2008-11-08,2009-05-08,2009-05-08,2009-05-08,ARV,Adult,SCMS from RDC,"Lamivudine/Nevirapine/Zidovudine 150/200/300mg, tablets, 60 Tabs",Lamivudine/Nevirapine/Zidovudine,Generic,150/300/200mg,Tablet - FDC,60,30415,346731.0,11.4,0.19,"Aurobindo Unit III, India",True,3415.0,15128.37,679.59
1183,10764,111-MZ-T01,Pre-PQ Process,SO-28550,DN-1215,Mozambique,PMO - US,From RDC,N/A - From RDC,Air,2008-06-28,2008-12-28,2009-06-28,2009-06-28,2009-06-28,ARV,Adult,SCMS from RDC,"Lamivudine/Nevirapine/Stavudine 150/200/30mg, tablets, 60 Tabs",Lamivudine/Nevirapine/Stavudine,Generic,150/200/30mg,Tablet - FDC,60,47392,341222.4,7.2,0.12,"Cipla, Goa, India",True,7113.0,3599.76,668.8
1184,10765,151-NG-T01,Pre-PQ Process,SO-30020,DN-1216,Nigeria,PMO - US,From RDC,N/A - From RDC,Air Charter,2008-05-08,2008-11-08,2009-05-08,2009-05-08,2009-05-08,ARV,Adult,SCMS from RDC,"Emtricitabine/Tenofovir Disoproxil Fumarate 200/300mg [Truvada], tablets, 30 Tabs",Emtricitabine/Tenofovir Disoproxil Fumarate,Truvada,300/200mg,Tablet - FDC,30,2561,67226.25,26.25,0.88,"Aspen-OSD, Port Elizabeth, SA",True,235.0,15128.37,131.76
1185,10766,114-UG-T01,Pre-PQ Process,SO-30100,DN-1232,Uganda,PMO - US,From RDC,N/A - From RDC,Air,2008-06-01,2008-12-01,2009-06-01,2009-06-01,2009-06-01,ARV,Adult,SCMS from RDC,"Lamivudine/Zidovudine 150/300mg, tablets, 60 Tabs",Lamivudine/Zidovudine,Generic,150/300mg,Tablet - FDC,60,3574,31308.24,8.76,0.15,Mylan (formerly Matrix) Nashik,True,14.0,1375.36,61.36
1186,10767,100-SZ-T01,Pre-PQ Process,SO-30800,DN-1237,Swaziland,PMO - US,From RDC,N/A - From RDC,Air,2008-05-20,2008-11-20,2009-05-20,2009-05-20,2009-05-20,ARV,Adult,SCMS from RDC,"Efavirenz 600mg, tablets, 30 Tabs",Efavirenz,Generic,600mg,Tablet,30,2345,16063.25,6.85,0.23,Mylan (formerly Matrix) Nashik,True,239.0,2393.34,31.48
1187,10768,100-SZ-T01,Pre-PQ Process,SO-30800,DN-1237,Swaziland,PMO - US,From RDC,N/A - From RDC,Air,2008-05-20,2008-11-20,2009-05-20,2009-05-20,2009-05-20,ARV,Pediatric,SCMS from RDC,"Efavirenz 200mg, capsule, 90 Caps",Efavirenz,Generic,200mg,Capsule,90,523,6657.79,12.73,0.14,"Aurobindo Unit III, India",False,668.5,3467.885,13.05
1188,10769,100-GH-T01,Pre-PQ Process,SO-30700,DN-1235,Ghana,PMO - US,From RDC,N/A - From RDC,Truck,2008-08-12,2009-02-12,2009-08-12,2009-08-12,2009-08-12,ARV,Adult,SCMS from RDC,"Abacavir 300mg, tablets, 60 Tabs",Abacavir,Generic,300mg,Tablet,60,6133,61.33,0.01,0.0,Mylan (formerly Matrix) Nashik,True,668.5,3975.7,0.12
1189,10771,104-CI-T01,Pre-PQ Process,SO-21881,DN-1242,Côte d'Ivoire,PMO - US,From RDC,N/A - From RDC,Air,2008-06-17,2008-12-17,2009-06-17,2009-06-17,2009-06-17,ARV,Adult,SCMS from RDC,"Nevirapine 200mg, tablets, 60 Tabs",Nevirapine,Generic,200mg,Tablet,60,5601,16803.0,3.0,0.05,"Aurobindo Unit III, India",True,545.0,2280.64,32.93
1190,10774,110-ZM-T01,Pre-PQ Process,SO-30300,DN-1250,Zambia,PMO - US,From RDC,N/A - From RDC,Truck,2008-06-15,2008-12-15,2009-06-15,2009-06-15,2009-06-15,ARV,Adult,SCMS from RDC,"Zidovudine 300mg, tablets, 60 Tabs",Zidovudine,Generic,300mg,Tablet,60,500,3855.0,7.71,0.13,"Aurobindo Unit III, India",True,10681.0,17384.76,7.56
1191,10776,106-HT-T01,Pre-PQ Process,SO-24850,DN-1280,Haiti,PMO - US,From RDC,N/A - From RDC,Air,2008-06-18,2008-12-18,2009-06-18,2009-06-18,2009-06-18,ARV,Pediatric,SCMS from RDC,"Nevirapine 10mg/ml, oral suspension, Bottle, 240 ml",Nevirapine,Generic,10mg/ml,Oral suspension,240,2208,4239.36,1.92,0.01,"Aurobindo Unit III, India",True,827.0,7789.88,8.31
1192,10777,110-ZM-T01,Pre-PQ Process,SO-24960,DN-1284,Zambia,PMO - US,From RDC,N/A - From RDC,Air,2008-06-12,2008-12-12,2009-06-12,2009-06-12,2009-06-12,ARV,Adult,SCMS from RDC,"Zidovudine 300mg, tablets, 60 Tabs",Zidovudine,Generic,300mg,Tablet,60,6000,46260.0,7.71,0.13,"Aurobindo Unit III, India",True,341.0,2219.27,90.67
1193,10779,123-NG-T01,Pre-PQ Process,SO-24481,DN-1296,Nigeria,PMO - US,From RDC,N/A - From RDC,Air Charter,2008-06-16,2008-12-16,2009-06-16,2009-06-16,2009-06-16,ARV,Adult,SCMS from RDC,"Efavirenz 600mg, tablets, 30 Tabs",Efavirenz,Generic,600mg,Tablet,30,30000,291600.0,9.72,0.32,"Aurobindo Unit III, India",True,3364.0,7329.83,571.54
1194,10780,110-ZM-T01,Pre-PQ Process,SO-31940,DN-1301,Zambia,PMO - US,From RDC,N/A - From RDC,Air,2008-06-24,2008-12-24,2009-06-24,2009-06-24,2009-06-24,ARV,Pediatric,SCMS from RDC,"Efavirenz 200mg, capsule, 90 Caps",Efavirenz,Generic,200mg,Capsule,90,1093,16679.18,15.26,0.17,"Aurobindo Unit III, India",True,133.0,1759.21,32.69
1195,10781,104-CI-T01,Pre-PQ Process,SO-27540,DN-1315,Côte d'Ivoire,PMO - US,From RDC,N/A - From RDC,Air,2008-07-14,2009-01-14,2009-07-14,2009-07-14,2009-07-14,ARV,Adult,SCMS from RDC,"Lamivudine/Zidovudine 150/300mg, tablets, 60 Tabs",Lamivudine/Zidovudine,Generic,150/300mg,Tablet - FDC,60,10962,96027.12,8.76,0.15,"Aurobindo Unit III, India",True,2634.0,6111.21,188.21
1196,10783,111-MZ-T01,Pre-PQ Process,SO-32180,DN-1334,Mozambique,PMO - US,From RDC,N/A - From RDC,Air,2008-08-17,2009-02-17,2009-08-17,2009-08-17,2009-08-17,ARV,Adult,SCMS from RDC,"Stavudine 30mg, capsules, 60 Caps",Stavudine,Generic,30mg,Capsule,60,470,700.3,1.49,0.02,"Aurobindo Unit III, India",True,31.0,1047.04,1.37
1197,10784,104-CI-T01,Pre-PQ Process,SO-27542,DN-1356,Côte d'Ivoire,PMO - US,From RDC,N/A - From RDC,Air,2008-08-11,2009-02-11,2009-08-11,2009-08-11,2009-08-11,ARV,Adult,SCMS from RDC,"Abacavir 300mg, tablets, 60 Tabs",Abacavir,Generic,300mg,Tablet,60,6930,176368.5,25.45,0.42,Mylan (formerly Matrix) Nashik,True,687.0,1854.88,345.68
1198,10785,111-MZ-T01,Pre-PQ Process,SO-32540,DN-1358,Mozambique,PMO - US,From RDC,N/A - From RDC,Truck,2008-08-27,2009-02-27,2009-08-27,2009-08-27,2009-08-27,ARV,Adult,SCMS from RDC,"Lamivudine/Nevirapine/Stavudine 150/200/30mg, tablets, 60 Tabs",Lamivudine/Nevirapine/Stavudine,Generic,150/200/30mg,Tablet - FDC,60,125000,890000.0,7.12,0.12,"Strides, Bangalore, India.",True,9290.0,2400.26,1744.4
1199,10786,110-ZM-T01,Pre-PQ Process,SO-31950,DN-1361,Zambia,PMO - US,From RDC,N/A - From RDC,Truck,2008-09-04,2009-03-04,2009-09-04,2009-09-04,2009-09-04,ARV,Adult,SCMS from RDC,"Zidovudine 300mg, tablets, 60 Tabs",Zidovudine,Generic,300mg,Tablet,60,9700,74787.0,7.71,0.13,"Aurobindo Unit III, India",True,551.0,2448.71,146.58
1200,10787,109-TZ-T01,Pre-PQ Process,SO-31280,DN-1368,Tanzania,PMO - US,From RDC,N/A - From RDC,Truck,2008-08-20,2009-02-20,2009-08-20,2009-08-20,2009-08-20,ARV,Adult,SCMS from RDC,"Abacavir 300mg, tablets, 60 Tabs",Abacavir,Generic,300mg,Tablet,60,4794,122007.3,25.45,0.42,Mylan (formerly Matrix) Nashik,True,475.0,3588.34,239.13
1201,10788,110-ZM-T01,Pre-PQ Process,SO-32550,DN-1382,Zambia,PMO - US,From RDC,N/A - From RDC,Truck,2008-08-17,2009-02-17,2009-08-17,2009-08-17,2009-08-17,ARV,Adult,SCMS from RDC,"Lamivudine/Zidovudine 150/300mg, tablets, 60 Tabs",Lamivudine/Zidovudine,Generic,150/300mg,Tablet - FDC,60,108000,946080.0,8.76,0.15,"Aurobindo Unit III, India",True,10865.0,13518.56,1854.32
1202,10791,104-CI-T01,Pre-PQ Process,SO-32840,DN-1388,Côte d'Ivoire,PMO - US,From RDC,N/A - From RDC,Air,2008-09-28,2009-03-28,2009-09-28,2009-09-28,2009-09-28,ARV,Adult,SCMS from RDC,"Zidovudine 300mg, tablets, 60 Tabs",Zidovudine,Generic,300mg,Tablet,60,7000,52710.0,7.53,0.13,Hetero Unit III Hyderabad IN,True,396.0,6087.84,103.31
1203,10792,104-CI-T01,Pre-PQ Process,SO-31730,DN-1400,Côte d'Ivoire,PMO - US,From RDC,N/A - From RDC,Air,2008-09-09,2009-03-09,2009-09-09,2009-09-09,2009-09-09,ARV,Adult,SCMS from RDC,"Lamivudine/Zidovudine 150/300mg, tablets, 60 Tabs",Lamivudine/Zidovudine,Generic,150/300mg,Tablet - FDC,60,8824,77298.24,8.76,0.15,Mylan (formerly Matrix) Nashik,True,706.0,3144.57,151.5
1204,10793,104-CI-T01,Pre-PQ Process,SO-32210,DN-1401,Côte d'Ivoire,PMO - US,From RDC,N/A - From RDC,Air,2008-09-08,2009-03-08,2009-09-08,2009-09-08,2009-09-08,ARV,Adult,SCMS from RDC,"Stavudine 15mg, capsules, 60 Caps",Stavudine,Generic,15mg,Capsule,60,1216,1824.0,1.5,0.02,"Aurobindo Unit III, India",True,3426.0,9797.41,3.58
1205,10794,110-ZM-T01,Pre-PQ Process,SO-33020,DN-1416,Zambia,PMO - US,From RDC,N/A - From RDC,Truck,2008-09-22,2009-03-22,2009-09-22,2009-09-22,2009-09-22,ARV,Adult,SCMS from RDC,"Nevirapine 200mg, tablets, 60 Tabs",Nevirapine,Generic,200mg,Tablet,60,98000,294000.0,3.0,0.05,"Aurobindo Unit III, India",True,9522.0,13518.56,576.24
1206,10795,106-HT-T01,Pre-PQ Process,SO-33030,DN-1458,Haiti,PMO - US,From RDC,N/A - From RDC,Air,2008-10-13,2009-04-13,2009-10-13,2009-10-13,2009-10-13,ARV,Pediatric,SCMS from RDC,"Zidovudine 10mg/ml, oral solution, Bottle, 240 ml",Zidovudine,Generic,10mg/ml,Oral solution,240,4315,9061.5,2.1,0.01,"Aurobindo Unit III, India",True,2520.0,25874.1,17.76
1207,10796,106-HT-T01,Pre-PQ Process,SO-33030,DN-1458,Haiti,PMO - US,From RDC,N/A - From RDC,Air,2008-10-13,2009-04-13,2009-10-13,2009-10-13,2009-10-13,ARV,Pediatric,SCMS from RDC,"Lamivudine 10mg/ml, oral solution, Bottle, 240 ml",Lamivudine,Generic,10mg/ml,Oral solution,240,2415,4588.5,1.9,0.01,"Aurobindo Unit III, India",False,668.5,2946.7200000000003,8.99
1208,10797,114-UG-T01,Pre-PQ Process,SO-33570,DN-1464,Uganda,PMO - US,From RDC,N/A - From RDC,Air,2008-10-08,2009-04-08,2009-10-08,2009-10-08,2009-10-08,ARV,Adult,SCMS from RDC,"Lamivudine/Nevirapine/Stavudine 150/200/30mg, tablets, 60 Tabs",Lamivudine/Nevirapine/Stavudine,Generic,150/200/30mg,Tablet - FDC,60,240,1680.0,7.0,0.12,"Cipla, Goa, India",True,23.0,1173.1,3.29
1209,10798,109-TZ-T01,Pre-PQ Process,SO-31283,DN-1470,Tanzania,PMO - US,From RDC,N/A - From RDC,Truck,2008-10-26,2009-04-26,2009-10-26,2009-10-26,2009-10-26,ARV,Adult,SCMS from RDC,"Abacavir 300mg, tablets, 60 Tabs",Abacavir,Generic,300mg,Tablet,60,6915,175986.75,25.45,0.42,"Aurobindo Unit III, India",True,1067.0,2217.5,344.93
1210,10799,114-UG-T01,Pre-PQ Process,SO-33400,DN-1480,Uganda,PMO - US,From RDC,N/A - From RDC,Truck,2008-10-12,2009-04-12,2009-10-12,2009-10-12,2009-10-12,ARV,Adult,SCMS from RDC,"Lamivudine/Nevirapine/Zidovudine 150/200/300mg, tablets, 60 Tabs",Lamivudine/Nevirapine/Zidovudine,Generic,150/300/200mg,Tablet - FDC,60,14066,159649.1,11.35,0.19,"Aurobindo Unit III, India",True,1593.0,9547.7,312.91
1211,10800,104-CI-T01,Pre-PQ Process,SO-34070,DN-1492,Côte d'Ivoire,PMO - US,From RDC,N/A - From RDC,Air,2008-10-27,2009-04-27,2009-10-27,2009-10-27,2009-10-27,ARV,Pediatric,SCMS from RDC,"Lamivudine 10mg/ml, oral solution, Bottle, 240 ml",Lamivudine,Generic,10mg/ml,Oral solution,240,3535,6716.5,1.9,0.01,"Aurobindo Unit III, India",True,1224.0,2298.61,14.48
1212,10801,104-CI-T01,Pre-PQ Process,SO-34140,DN-1494,Côte d'Ivoire,PMO - US,From RDC,N/A - From RDC,Air,2008-10-27,2009-04-27,2009-10-27,2009-10-27,2009-10-27,ARV,Adult,SCMS from RDC,"Stavudine 30mg, capsules, 60 Caps",Stavudine,Generic,30mg,Capsule,60,2430,3547.8,1.46,0.02,"Aurobindo Unit III, India",True,156.0,2298.6,7.65
1213,10803,104-CI-T01,Pre-PQ Process,SO-1688,DN-1557,Côte d'Ivoire,PMO - US,From RDC,N/A - From RDC,Air,2008-12-20,2009-06-20,2009-12-20,2009-12-20,2009-12-20,ARV,Adult,SCMS from RDC,"Saquinavir 200mg [Invirase], capsules, 270 Caps",Saquinavir,Invirase,200mg,Capsule,270,1042,82463.88,79.14,0.29,Roche Basel,True,668.5,4063.81,177.79
1214,10804,111-MZ-T01,Pre-PQ Process,SO-323,DN-15,Mozambique,PMO - US,From RDC,N/A - From RDC,Air,2006-02-01,2006-08-01,2007-02-01,2007-02-01,2007-02-01,ARV,Adult,SCMS from RDC,"Saquinavir 200mg [Invirase], capsules, 270 Caps",Saquinavir,Invirase,200mg,Capsule,270,117,9117.81,77.93,0.29,Roche Basel,True,155.0,939.08,0.0
1215,10809,107-RW-T01,Pre-PQ Process,SO-249,DN-6,Rwanda,PMO - US,From RDC,N/A - From RDC,Air,2006-02-01,2006-08-01,2007-02-01,2007-02-01,2007-02-01,ARV,Adult,SCMS from RDC,"Abacavir 300mg, tablets, 60 Tabs",Abacavir,Generic,300mg,Tablet,60,600,21480.0,35.8,0.6,"Aurobindo Unit III, India",True,55.0,913.15,0.0
1216,10810,107-RW-T01,Pre-PQ Process,SO-290,DN-9,Rwanda,PMO - US,From RDC,N/A - From RDC,Air,2006-02-05,2006-08-05,2007-02-05,2007-02-05,2007-02-05,ARV,Adult,SCMS from RDC,"Nelfinavir (as mesilate) 250mg [Viracept], tablets, 270 Tabs",Nelfinavir (as mesilate),Viracept,250mg,Tablet,270,400,38920.0,97.3,0.36,Roche Madrid,True,108.0,23000.34,0.0
1217,10811,100-CI-T01,Pre-PQ Process,SO-350,DN-28,Côte d'Ivoire,PMO - US,From RDC,N/A - From RDC,Air,2006-03-08,2006-09-08,2007-03-08,2007-03-08,2007-03-08,ARV,Adult,SCMS from RDC,"Ritonavir 100mg [Norvir], capsules, cool, 4 x 84 Caps",Ritonavir,Norvir,100mg,Capsule,336,360,13809.6,38.36,0.11,ABBVIE (Abbott) France,True,630.0,3660.4,0.0
1218,10813,110-ZM-T01,Pre-PQ Process,SO-232,DN-89,Zambia,PMO - US,From RDC,N/A - From RDC,Truck,2006-05-04,2006-11-04,2007-05-04,2007-05-04,2007-05-04,HRDT,HIV test,SCMS from RDC,"HIV 1/2, Uni-Gold HIV Kit, 20 Tests","HIV 1/2, Uni-Gold HIV Kit",Uni-Gold,no_dosage,Test kit,20,1500,48000.0,32.0,1.6,"Trinity Biotech, Plc",True,580.0,4965.24,0.0
1219,10814,111-MZ-T01,Pre-PQ Process,SO-497,DN-121,Mozambique,PMO - US,From RDC,N/A - From RDC,Air,2006-05-18,2006-11-18,2007-05-18,2007-05-18,2007-05-18,ARV,Pediatric,SCMS from RDC,"Abacavir 20mg/ml, oral solution, Bottle, 240 ml",Abacavir,Generic,20mg/ml,Oral solution,240,474,10191.0,21.5,0.09,"Aurobindo Unit III, India",True,221.0,710.68,0.0
1220,10816,111-MZ-T01,Pre-PQ Process,SO-533,DN-123,Mozambique,PMO - US,From RDC,N/A - From RDC,Air,2006-05-18,2006-11-18,2007-05-18,2007-05-18,2007-05-18,ARV,Pediatric,SCMS from RDC,"Efavirenz 200mg [Stocrin/Sustiva], capsule, 90 Caps",Efavirenz,Stocrin/Sustiva,200mg,Capsule,90,409,13251.6,32.4,0.36,"MSD Manati, Puerto Rico, (USA)",True,45.0,348.09,0.0
1221,10817,111-MZ-T01,Pre-PQ Process,SO-383,DN-124,Mozambique,PMO - US,From RDC,N/A - From RDC,Air,2006-05-18,2006-11-18,2007-05-18,2007-05-18,2007-05-18,ARV,Adult,SCMS from RDC,"Lopinavir/Ritonavir 200/50mg [Aluvia], tablets, 120 Tabs",Lopinavir/Ritonavir,Aluvia,200/50mg,Tablet,120,250,10275.0,41.1,0.34,ABBVIE Ludwigshafen Germany,True,105.0,348.09,0.0
1222,10818,110-ZM-T01,Pre-PQ Process,SO-311,DN-129,Zambia,PMO - US,From RDC,N/A - From RDC,Truck,2006-05-15,2006-11-15,2007-05-15,2007-05-15,2007-05-15,ARV,Adult,SCMS from RDC,"Lamivudine/Zidovudine 150/300mg, tablets, 60 Tabs",Lamivudine/Zidovudine,Generic,150/300mg,Tablet - FDC,60,85158,909487.44,10.68,0.18,"Aurobindo Unit III, India",True,8169.0,33572.78,0.0
1223,10819,109-TZ-T01,Pre-PQ Process,SO-420,DN-133,Tanzania,PMO - US,From RDC,N/A - From RDC,Air,2006-05-30,2006-11-30,2007-05-31,2007-05-31,2007-05-31,HRDT,HIV test,SCMS from RDC,"HIV 1/2, Bioline 3.0 Kit, Lancets, Capillary pipets, Alcohol swabs included, 25 Tests","HIV 1/2, Bioline 3.0 Kit, Lancets, Capillary pipets, Alcohol swabs included",Bioline,no_dosage,Test kit,25,8009,160180.0,20.0,0.8,"Standard Diagnostics, Korea",True,394.0,12740.42,0.0
1224,10820,111-MZ-T01,Pre-PQ Process,SO-293,DN-44,Mozambique,PMO - US,From RDC,N/A - From RDC,Air,2006-04-17,2006-10-17,2007-04-17,2007-04-17,2007-04-17,ARV,Pediatric,SCMS from RDC,"Efavirenz 200mg [Stocrin/Sustiva], capsule, 90 Caps",Efavirenz,Stocrin/Sustiva,200mg,Capsule,90,151,4892.4,32.4,0.36,"MSD Manati, Puerto Rico, (USA)",False,749.0,3247.5699999999997,0.0
1225,10821,111-MZ-T01,Pre-PQ Process,SO-293,DN-44,Mozambique,PMO - US,From RDC,N/A - From RDC,Air,2006-04-17,2006-10-17,2007-04-17,2007-04-17,2007-04-17,ARV,Adult,SCMS from RDC,"Tenofovir Disoproxil Fumarate 300mg [Viread], tablets, 30 Tabs",Tenofovir Disoproxil Fumarate,Viread,300mg,Tablet,30,2997,50949.0,17.0,0.57,Gilead(Nycomed) Oranienburg DE,False,2764.0,3247.5699999999997,0.0
1226,10823,107-RW-T01,Pre-PQ Process,SO-481,DN-100,Rwanda,PMO - US,From RDC,N/A - From RDC,Air,2006-05-14,2006-11-14,2007-05-14,2007-05-14,2007-05-14,ARV,Pediatric,SCMS from RDC,"Abacavir 20mg/ml, oral solution, Bottle, 240 ml",Abacavir,Generic,20mg/ml,Oral solution,240,90,1935.0,21.5,0.09,"Aurobindo Unit III, India",True,120.0,11609.31,0.0
1227,10824,100-CI-T01,Pre-PQ Process,SO-430,DN-75,Côte d'Ivoire,PMO - US,From RDC,N/A - From RDC,Air,2006-04-30,2006-10-30,2007-04-30,2007-04-30,2007-04-30,ARV,Adult,SCMS from RDC,"Lamivudine/Zidovudine 150/300mg, tablets, 60 Tabs",Lamivudine/Zidovudine,Generic,150/300mg,Tablet - FDC,60,6945,71186.25,10.25,0.17,"Aurobindo Unit III, India",True,650.0,2457.0,0.0
1228,10825,113-ZW-T01,Pre-PQ Process,SO-279,DN-187,Zimbabwe,PMO - US,From RDC,N/A - From RDC,Truck,2006-06-12,2006-12-12,2007-06-12,2007-06-12,2007-06-12,ARV,Adult,SCMS from RDC,"Lamivudine 150mg, tablets, 60 Tabs",Lamivudine,Generic,150mg,Tablet,60,2329,7615.83,3.27,0.05,"Ranbaxy, Paonta Shahib, India",True,153.0,1013.24,12.19
1229,10830,109-TZ-T01,Pre-PQ Process,SO-606,DN-168,Tanzania,PMO - US,From RDC,N/A - From RDC,Air,2006-07-06,2007-01-06,2007-07-06,2007-07-06,2007-07-06,ARV,Adult,SCMS from RDC,"Abacavir 300mg, tablets, 60 Tabs",Abacavir,Generic,300mg,Tablet,60,6781,242759.8,35.8,0.6,"Aurobindo Unit III, India",True,675.0,2440.0,0.0
1230,10831,104-CI-T01,Pre-PQ Process,SO-635,DN-170,Côte d'Ivoire,PMO - US,From RDC,N/A - From RDC,Air,2006-06-08,2006-12-08,2007-06-08,2007-06-08,2007-06-08,HRDT,HIV test,SCMS from RDC,"HIV 1/2, Determine Complete HIV Kit, 100 Tests","HIV 1/2, Determine Complete HIV Kit",Determine,no_dosage,Test kit,100,50,4000.0,80.0,0.8,ABBVIE GmbH & Co.KG Wiesbaden,True,15.0,1363.0,0.0
1231,10832,111-MZ-T01,Pre-PQ Process,SO-576,DN-148,Mozambique,PMO - US,From RDC,N/A - From RDC,Air,2006-06-13,2006-12-13,2007-06-13,2007-06-13,2007-06-13,ARV,Adult,SCMS from RDC,"Abacavir 300mg, tablets, 60 Tabs",Abacavir,Generic,300mg,Tablet,60,570,20235.0,35.5,0.59,"Aurobindo Unit III, India",False,30.5,3247.5699999999997,0.0
1232,10833,112-NG-T01,Pre-PQ Process,SO-557,DN-172,Nigeria,PMO - US,From RDC,N/A - From RDC,Air Charter,2006-06-26,2006-12-26,2007-06-26,2007-06-26,2007-06-26,ARV,Adult,SCMS from RDC,"Nevirapine 200mg, tablets, 60 Tabs",Nevirapine,Generic,200mg,Tablet,60,1198,4276.86,3.57,0.06,"Strides, Bangalore, India.",False,668.5,12601.07,0.0
1233,10834,104-CI-T01,Pre-PQ Process,SO-560,DN-146,Côte d'Ivoire,PMO - US,From RDC,N/A - From RDC,Air,2006-05-16,2006-11-16,2007-05-16,2007-05-16,2007-05-16,ARV,Adult,SCMS from RDC,"Abacavir 300mg, tablets, 60 Tabs",Abacavir,Generic,300mg,Tablet,60,268,9594.4,35.8,0.6,"Aurobindo Unit III, India",True,151.0,1516.0,0.0
1234,10837,109-TZ-T01,Pre-PQ Process,SO-428,DN-161,Tanzania,PMO - US,From RDC,N/A - From RDC,Air,2006-07-06,2007-01-06,2007-07-06,2007-07-06,2007-07-06,ARV,Adult,SCMS from RDC,"Lamivudine/Nevirapine/Stavudine 150/200/30mg, tablets, 60 Tabs",Lamivudine/Nevirapine/Stavudine,Generic,150/200/30mg,Tablet - FDC,60,3386,25395.0,7.5,0.12,"Cipla, Goa, India",True,31.0,1589.0,0.0
1235,10838,104-CI-T01,Pre-PQ Process,SO-603,DN-196,Côte d'Ivoire,PMO - US,From RDC,N/A - From RDC,Air,2006-06-28,2006-12-28,2007-06-28,2007-06-28,2007-06-28,ARV,Adult,SCMS from RDC,"Lamivudine/Stavudine 150/30mg, tablets, 30 Tabs",Lamivudine/Stavudine,Generic,150/30mg,Tablet - FDC,30,54263,108526.0,2.0,0.07,"Cipla, Goa, India",False,668.5,4063.81,173.64
1236,10840,109-TZ-T01,Pre-PQ Process,SO-850,DN-281,Tanzania,PMO - US,From RDC,N/A - From RDC,Air,2006-08-22,2007-02-22,2007-08-22,2007-08-22,2007-08-22,ARV,Adult,SCMS from RDC,"Lamivudine/Nevirapine/Stavudine 150/200/30mg, tablets, 60 Tabs",Lamivudine/Nevirapine/Stavudine,Generic,150/200/30mg,Tablet - FDC,60,3386,25395.0,7.5,0.12,"Cipla, Goa, India",True,345.0,2554.39,40.63
1237,10841,120-AO-T01,Pre-PQ Process,SO-780,DN-256,Angola,PMO - US,From RDC,N/A - From RDC,Truck,2006-10-15,2007-04-15,2007-10-15,2007-10-15,2007-10-15,HRDT,HIV test,SCMS from RDC,"HIV 1/2, Determine Complete HIV Kit, 100 Tests","HIV 1/2, Determine Complete HIV Kit",Determine,no_dosage,Test kit,100,150,12000.0,80.0,0.8,ABBVIE GmbH & Co.KG Wiesbaden,True,49.0,1012.59,19.2
1238,10842,107-RW-T01,Pre-PQ Process,SO-826,DN-261,Rwanda,PMO - US,From RDC,N/A - From RDC,Air,2006-08-22,2007-02-22,2007-08-22,2007-08-22,2007-08-22,HRDT,HIV test,SCMS from RDC,"HIV 1/2, Uni-Gold HIV Kit, 20 Tests","HIV 1/2, Uni-Gold HIV Kit",Uni-Gold,no_dosage,Test kit,20,155,4960.0,32.0,1.6,"Trinity Biotech, Plc",True,55.0,1126.84,7.94
1239,10843,110-ZM-T01,Pre-PQ Process,SO-314,DN-270,Zambia,PMO - US,From RDC,N/A - From RDC,Truck,2006-08-07,2007-02-07,2007-08-07,2007-08-07,2007-08-07,ARV,Adult,SCMS from RDC,"Nevirapine 200mg, tablets, 60 Tabs",Nevirapine,Generic,200mg,Tablet,60,52865,188728.05,3.57,0.06,"Aurobindo Unit III, India",True,9182.0,37695.46,301.96
1240,10844,107-RW-T01,Pre-PQ Process,SO-644,DN-217,Rwanda,PMO - US,From RDC,N/A - From RDC,Air,2006-07-30,2007-01-30,2007-07-30,2007-07-30,2007-07-30,HRDT,HIV test,SCMS from RDC,"HIV 1/2, Uni-Gold HIV Kit, 20 Tests","HIV 1/2, Uni-Gold HIV Kit",Uni-Gold,no_dosage,Test kit,20,250,8000.0,32.0,1.6,"Trinity Biotech, Plc",True,78.0,1324.61,12.8
1241,10845,102-NG-T01,Pre-PQ Process,SO-667,DN-236,Nigeria,PMO - US,From RDC,N/A - From RDC,Air Charter,2006-07-05,2007-01-05,2007-07-05,2007-07-05,2007-07-05,HRDT,HIV test,SCMS from RDC,"HIV 1/2, Stat-Pak HIV, Kit, 20 Tests","HIV 1/2, Stat-Pak HIV, Kit",Stat-Pak,no_dosage,Test kit,20,500,13500.0,27.0,1.35,Chembio Diagnostics Sys. Inc.,True,115.0,1352.0,21.6
1242,10846,105-GY-T01,Pre-PQ Process,SO-693,DN-232,Guyana,PMO - US,From RDC,N/A - From RDC,Air,2006-07-18,2007-01-18,2007-07-18,2007-07-18,2007-07-18,ARV,Adult,SCMS from RDC,"Zidovudine 300mg, tablets, 60 Tabs",Zidovudine,Generic,300mg,Tablet,60,209,1703.35,8.15,0.14,"Ranbaxy, Paonta Shahib, India",True,12.0,764.62,2.73
1243,10847,104-CI-T01,Pre-PQ Process,SO-522,DN-240,Côte d'Ivoire,PMO - US,From RDC,N/A - From RDC,Air,2006-07-16,2007-01-16,2007-07-16,2007-07-16,2007-07-16,ARV,Adult,SCMS from RDC,"Abacavir 300mg, tablets, 60 Tabs",Abacavir,Generic,300mg,Tablet,60,1051,37625.8,35.8,0.6,"Aurobindo Unit III, India",True,373.0,1850.0,60.2
1244,10851,111-MZ-T01,Pre-PQ Process,SO-382,DN-259,Mozambique,PMO - US,From RDC,N/A - From RDC,Air,2006-09-21,2007-03-21,2007-09-21,2007-09-21,2007-09-21,ARV,Pediatric,SCMS from RDC,"Stavudine 1mg/ml, powder for oral solution, 200 ml",Stavudine,Generic,1mg/ml,Oral solution,200,165,239.25,1.45,0.01,"Aurobindo Unit III, India",True,15.0,350.78,0.38
1245,10852,112-NG-T01,Pre-PQ Process,SO-642,DN-213,Nigeria,PMO - US,From RDC,N/A - From RDC,Air,2006-07-06,2007-01-06,2007-07-06,2007-07-06,2007-07-06,ARV,Adult,SCMS from RDC,"Stavudine 20mg, capsules, 60 Caps",Stavudine,Generic,20mg,Capsule,60,253,442.75,1.75,0.03,"Aurobindo Unit III, India",True,15.0,460.0,0.71
1246,10855,104-CI-T01,Pre-PQ Process,SO-616,DN-288,Côte d'Ivoire,PMO - US,From RDC,N/A - From RDC,Air,2006-08-13,2007-02-13,2007-08-13,2007-08-13,2007-08-13,ARV,Adult,SCMS from RDC,"Zidovudine 300mg, tablets, 60 Tabs",Zidovudine,Generic,300mg,Tablet,60,18290,155830.8,8.52,0.14,"Aurobindo Unit III, India",True,1114.0,3473.0,249.33
1247,10857,104-CI-T01,Pre-PQ Process,SO-963,DN-323,Côte d'Ivoire,PMO - US,From RDC,N/A - From RDC,Air,2006-09-14,2007-03-14,2007-09-14,2007-09-14,2007-09-14,ARV,Adult,SCMS from RDC,"Stavudine 30mg, capsules, 60 Caps",Stavudine,Generic,30mg,Capsule,60,3285,4993.2,1.52,0.03,"Strides, Bangalore, India.",False,668.5,4063.81,7.99
1248,10859,109-TZ-T01,Pre-PQ Process,SO-455,DN-290,Tanzania,PMO - US,From RDC,N/A - From RDC,Air,2006-09-10,2007-03-10,2007-09-10,2007-09-10,2007-09-10,ARV,Adult,SCMS from RDC,"Abacavir 300mg, tablets, 60 Tabs",Abacavir,Generic,300mg,Tablet,60,3896,139476.8,35.8,0.6,"Aurobindo Unit III, India",True,3369.0,9689.0,223.16
1249,10860,109-TZ-T01,Pre-PQ Process,SO-646,DN-294,Tanzania,PMO - US,From RDC,N/A - From RDC,Air,2006-10-18,2007-04-18,2007-10-18,2007-10-18,2007-10-18,HRDT,HIV test,SCMS from RDC,"HIV 1/2, Bioline 3.0 Kit, Lancets, Capillary pipets, Alcohol swabs included, 25 Tests","HIV 1/2, Bioline 3.0 Kit, Lancets, Capillary pipets, Alcohol swabs included",Bioline,no_dosage,Test kit,25,8000,160000.0,20.0,0.8,"Standard Diagnostics, Korea",True,2366.0,13952.38,256.0
1250,10861,111-MZ-T01,Pre-PQ Process,SO-298,DN-304,Mozambique,PMO - US,From RDC,N/A - From RDC,Air,2006-09-21,2007-03-21,2007-09-21,2007-09-21,2007-09-21,ARV,Adult,SCMS from RDC,"Ritonavir 100mg [Norvir], capsules, cool, 4 x 84 Caps",Ritonavir,Norvir,100mg,Capsule,336,143,5485.48,38.36,0.11,ABBVIE (Abbott) Logis. UK,False,14.0,3247.5699999999997,8.78
1251,10862,111-MZ-T01,Pre-PQ Process,SO-298,DN-304,Mozambique,PMO - US,From RDC,N/A - From RDC,Air,2006-09-21,2007-03-21,2007-09-21,2007-09-21,2007-09-21,ARV,Adult,SCMS from RDC,"Lamivudine/Nevirapine/Zidovudine 150/200/300mg, tablets, 60 Tabs",Lamivudine/Nevirapine/Zidovudine,Generic,150/300/200mg,Tablet - FDC,60,17191,300842.5,17.5,0.29,"Cipla, Goa, India",False,668.5,3247.5699999999997,481.35
1252,10863,114-UG-T01,Pre-PQ Process,SO-895,DN-298,Uganda,PMO - US,From RDC,N/A - From RDC,Air,2006-08-27,2007-02-27,2007-08-27,2007-08-27,2007-08-27,ARV,Adult,SCMS from RDC,"Nevirapine 200mg, tablets, 60 Tabs",Nevirapine,Generic,200mg,Tablet,60,1859,6320.6,3.4,0.06,"Aurobindo Unit III, India",True,214.0,891.0,10.11
1253,10865,104-CI-T01,Pre-PQ Process,SO-959,DN-320,Côte d'Ivoire,PMO - US,From RDC,N/A - From RDC,Air,2006-08-28,2007-02-28,2007-08-30,2007-08-30,2007-08-30,ARV,Pediatric,SCMS from RDC,"Efavirenz 30mg/ml [Stocrin/Sustiva], oral solution, Bottle, 180 ml",Efavirenz,Stocrin/Sustiva,30mg/ml,Oral solution,180,508,8620.76,16.97,0.09,"MSD Patheon, Canada",False,668.5,4063.81,13.79
1254,10866,104-CI-T01,Pre-PQ Process,SO-959,DN-320,Côte d'Ivoire,PMO - US,From RDC,N/A - From RDC,Air,2006-08-28,2007-02-28,2007-08-30,2007-08-30,2007-08-30,ARV,Adult,SCMS from RDC,"Nevirapine 200mg, tablets, 60 Tabs",Nevirapine,Generic,200mg,Tablet,60,25799,87716.6,3.4,0.06,"Strides, Bangalore, India.",False,668.5,4063.81,140.35
1255,10867,104-CI-T01,Pre-PQ Process,SO-792,DN-356,Côte d'Ivoire,PMO - US,From RDC,N/A - From RDC,Air,2006-09-19,2007-03-19,2007-09-19,2007-09-19,2007-09-19,HRDT,HIV test,SCMS from RDC,"#108853** HIV, Genie II HIV-1/HIV-2 Kit, 40 Tests","HIV, Genie II HIV-1/HIV-2 Kit",Genie,no_dosage,Test kit,40,230,17480.0,76.0,1.9,Bio-Rad Laboratories,True,917.0,6056.76,27.97
1256,10868,104-CI-T01,Pre-PQ Process,SO-792,DN-356,Côte d'Ivoire,PMO - US,From RDC,N/A - From RDC,Air,2006-09-19,2007-03-19,2007-09-19,2007-09-19,2007-09-19,HRDT,HIV test,SCMS from RDC,"#108853** HIV, Genie II HIV-1/HIV-2 Kit, 40 Tests","HIV, Genie II HIV-1/HIV-2 Kit",Genie,no_dosage,Test kit,40,615,46740.0,76.0,1.9,Bio-Rad Laboratories,False,394.0,4063.81,74.78
1257,10877,104-CI-T01,Pre-PQ Process,SO-843,DN-330,Côte d'Ivoire,PMO - US,From RDC,N/A - From RDC,Air,2006-09-04,2007-03-04,2007-09-04,2007-09-04,2007-09-04,ARV,Adult,SCMS from RDC,"Lamivudine/Zidovudine 150/300mg, tablets, 60 Tabs",Lamivudine/Zidovudine,Generic,150/300mg,Tablet - FDC,60,10000,106800.0,10.68,0.18,"Aurobindo Unit III, India",False,1097.5,4063.81,170.88
1258,10878,117-ET-T01,Pre-PQ Process,SO-914,DN-332,Ethiopia,PMO - US,From RDC,N/A - From RDC,Air,2006-09-04,2007-03-04,2007-09-04,2007-09-04,2007-09-04,ARV,Pediatric,SCMS from RDC,"Zidovudine 10mg/ml, oral solution, Bottle, 240 ml",Zidovudine,Generic,10mg/ml,Oral solution,240,13850,29777.5,2.15,0.01,"Aurobindo Unit III, India",False,35216.0,4672.77,47.64
1259,10879,117-ET-T01,Pre-PQ Process,SO-914,DN-332,Ethiopia,PMO - US,From RDC,N/A - From RDC,Air,2006-09-04,2007-03-04,2007-09-04,2007-09-04,2007-09-04,ARV,Pediatric,SCMS from RDC,"Lamivudine 10mg/ml, oral solution, Bottle, 240 ml",Lamivudine,Generic,10mg/ml,Oral solution,240,15913,31348.61,1.97,0.01,"Aurobindo Unit III, India",False,668.5,4672.77,50.16
1260,10880,117-ET-T01,Pre-PQ Process,SO-914,DN-332,Ethiopia,PMO - US,From RDC,N/A - From RDC,Air,2006-09-04,2007-03-04,2007-09-04,2007-09-04,2007-09-04,ARV,Adult,SCMS from RDC,"Stavudine 30mg, capsules, 60 Caps",Stavudine,Generic,30mg,Capsule,60,14700,22344.0,1.52,0.03,"Aurobindo Unit III, India",False,668.5,4672.77,35.75
1261,10881,110-ZM-T01,Pre-PQ Process,SO-752,DN-351,Zambia,PMO - US,From RDC,N/A - From RDC,Truck,2006-09-12,2007-03-12,2007-09-12,2007-09-12,2007-09-12,ARV,Pediatric,SCMS from RDC,"Efavirenz 200mg, capsule, 90 Caps",Efavirenz,Generic,200mg,Capsule,90,1064,17024.0,16.0,0.18,"Aurobindo Unit III, India",True,128.0,944.21,27.24
1262,10882,104-CI-T01,Pre-PQ Process,SO-998,DN-326,Côte d'Ivoire,PMO - US,From RDC,N/A - From RDC,Air,2006-09-05,2007-03-05,2007-09-05,2007-09-05,2007-09-05,HRDT,HIV test,SCMS from RDC,"#108853** HIV, Genie II HIV-1/HIV-2 Kit, 40 Tests","HIV, Genie II HIV-1/HIV-2 Kit",Genie,no_dosage,Test kit,40,450,34200.0,76.0,1.9,Bio-Rad Laboratories,True,497.0,2650.36,54.72
1263,10883,104-CI-T01,Pre-PQ Process,SO-972,DN-327,Côte d'Ivoire,PMO - US,From RDC,N/A - From RDC,Air,2006-09-10,2007-03-10,2007-09-10,2007-09-10,2007-09-10,ARV,Adult,SCMS from RDC,"Saquinavir 200mg [Invirase], capsules, 270 Caps",Saquinavir,Invirase,200mg,Capsule,270,252,19817.28,78.64,0.29,Roche Basel,True,1736.0,14182.54,31.71
1264,10884,104-CI-T01,Pre-PQ Process,SO-956,DN-350,Côte d'Ivoire,PMO - US,From RDC,N/A - From RDC,Air,2006-09-17,2007-03-17,2007-09-17,2007-09-17,2007-09-17,ARV,Adult,SCMS from RDC,"Lopinavir/Ritonavir 200/50mg [Aluvia], tablets, 120 Tabs",Lopinavir/Ritonavir,Aluvia,200/50mg,Tablet,120,3200,131520.0,41.1,0.34,ABBVIE Ludwigshafen Germany,True,749.0,2717.0,210.43
1265,10885,104-CI-T01,Pre-PQ Process,SO-999,DN-349,Côte d'Ivoire,PMO - US,From RDC,N/A - From RDC,Air,2006-09-12,2007-03-12,2007-09-12,2007-09-12,2007-09-12,ARV,Adult,SCMS from RDC,"Saquinavir 200mg [Invirase], capsules, 270 Caps",Saquinavir,Invirase,200mg,Capsule,270,16,1258.24,78.64,0.29,Roche Basel,True,295.0,1737.0,2.01
1266,10886,104-CI-T01,Pre-PQ Process,SO-999,DN-349,Côte d'Ivoire,PMO - US,From RDC,N/A - From RDC,Air,2006-09-12,2007-03-12,2007-09-12,2007-09-12,2007-09-12,ARV,Adult,SCMS from RDC,"Saquinavir 200mg [Invirase], capsules, 270 Caps",Saquinavir,Invirase,200mg,Capsule,270,526,41364.64,78.64,0.29,Roche Basel,False,668.5,4063.81,66.18
1267,10887,110-ZM-T01,Pre-PQ Process,SO-753,DN-395,Zambia,PMO - US,From RDC,N/A - From RDC,Truck,2006-11-02,2007-05-02,2007-11-02,2007-11-02,2007-11-02,ARV,Pediatric,SCMS from RDC,"Abacavir 20mg/ml, oral solution, Bottle, 240 ml",Abacavir,Generic,20mg/ml,Oral solution,240,1341,22126.5,16.5,0.07,"Aurobindo Unit III, India",True,395.0,3478.0,35.4
1268,10889,114-UG-T01,Pre-PQ Process,SO-1123,DN-381,Uganda,PMO - US,From RDC,N/A - From RDC,Air,2006-11-05,2007-05-05,2007-11-05,2007-11-05,2007-11-05,ARV,Adult,SCMS from RDC,"Efavirenz 600mg, tablets, 30 Tabs",Efavirenz,Generic,600mg,Tablet,30,1717,21325.14,12.42,0.41,"Aurobindo Unit III, India",True,151.0,1157.58,34.12
1269,10890,104-CI-T01,Pre-PQ Process,SO-964,DN-379,Côte d'Ivoire,PMO - US,From RDC,N/A - From RDC,Air,2006-10-15,2007-04-15,2007-10-15,2007-10-15,2007-10-15,ARV,Adult,SCMS from RDC,"Saquinavir 200mg [Invirase], capsules, 270 Caps",Saquinavir,Invirase,200mg,Capsule,270,1577,124015.28,78.64,0.29,Roche Basel,True,3023.0,13721.28,198.42
1270,10891,110-ZM-T01,Pre-PQ Process,SO-535,DN-380,Zambia,PMO - US,From RDC,N/A - From RDC,Truck,2006-10-17,2007-04-17,2007-10-17,2007-10-17,2007-10-17,HRDT,HIV test,SCMS from RDC,"HIV 1/2, Determine HIV Kit, without Lancets, 100 Tests","HIV 1/2, Determine HIV Kit, without Lancets",Determine,no_dosage,Test kit,100,872,62775.28,71.99,0.72,Inverness Japan,False,394.0,6476.695,100.44
1271,10892,111-MZ-T01,Pre-PQ Process,SO-821,DN-399,Mozambique,PMO - US,From RDC,N/A - From RDC,Air,2006-11-22,2007-05-22,2007-11-22,2007-11-22,2007-11-22,ARV,Adult,SCMS from RDC,"Abacavir/Lamivudine/Zidovudine 300/150/300mg [Trizivir], tablets, 60 Tabs",Abacavir/Lamivudine/Zidovudine,Trizivir,300/150/300mg,Tablet - FDC,60,821,57470.0,70.0,1.17,GSK Ware (UK),True,186.0,549.44,91.95
1272,10893,112-NG-T01,Pre-PQ Process,SO-565,DN-373,Nigeria,PMO - US,From RDC,N/A - From RDC,Air,2006-09-20,2007-03-20,2007-09-20,2007-09-20,2007-09-20,ARV,Adult,SCMS from RDC,"Lamivudine 150mg, tablets, 60 Tabs",Lamivudine,Generic,150mg,Tablet,60,614,2032.34,3.31,0.06,"Aurobindo Unit III, India",False,668.5,10144.765,3.25
1273,10894,112-NG-T01,Pre-PQ Process,SO-565,DN-373,Nigeria,PMO - US,From RDC,N/A - From RDC,Air,2006-09-20,2007-03-20,2007-09-20,2007-09-20,2007-09-20,ARV,Adult,SCMS from RDC,"Nevirapine 200mg, tablets, 60 Tabs",Nevirapine,Generic,200mg,Tablet,60,600,2142.0,3.57,0.06,"Aurobindo Unit III, India",False,231.5,10144.765,3.43
1274,10895,112-NG-T01,Pre-PQ Process,SO-565,DN-373,Nigeria,PMO - US,From RDC,N/A - From RDC,Air,2006-09-20,2007-03-20,2007-09-20,2007-09-20,2007-09-20,ARV,Pediatric,SCMS from RDC,"Lamivudine 10mg/ml, oral solution, Bottle, 240 ml",Lamivudine,Generic,10mg/ml,Oral solution,240,390,1010.1,2.59,0.01,"Cipla, Goa, India",False,89.5,10144.765,1.62
1275,10898,104-CI-T01,Pre-PQ Process,SO-845,DN-376,Côte d'Ivoire,PMO - US,From RDC,N/A - From RDC,Air,2006-10-02,2007-04-02,2007-10-02,2007-10-02,2007-10-02,HRDT,HIV test,SCMS from RDC,"HIV 1/2, Determine Complete HIV Kit, 100 Tests","HIV 1/2, Determine Complete HIV Kit",Determine,no_dosage,Test kit,100,350,25200.0,72.0,0.72,Inverness Japan,False,174.5,4063.81,40.32
1276,10900,110-ZM-T01,Pre-PQ Process,SO-207,DN-383,Zambia,PMO - US,From RDC,N/A - From RDC,Truck,2006-10-17,2007-04-17,2007-10-17,2007-10-17,2007-10-17,ARV,Pediatric,SCMS from RDC,"Zidovudine 100mg [Retrovir], capsules, 100 Caps",Zidovudine,Retrovir,100mg,Capsule,100,2623,27279.2,10.4,0.1,GSK Crawley,True,159.0,1007.34,43.65
1277,10901,110-ZM-T01,Pre-PQ Process,SO-976,DN-384,Zambia,PMO - US,From RDC,N/A - From RDC,Truck,2006-10-29,2007-04-29,2007-10-29,2007-10-29,2007-10-29,ARV,Pediatric,SCMS from RDC,"Lamivudine 10mg/ml, oral solution, Bottle, 240 ml",Lamivudine,Generic,10mg/ml,Oral solution,240,5496,10827.12,1.97,0.01,"Aurobindo Unit III, India",True,6230.0,25739.49,17.32
1278,10903,112-NG-T01,Pre-PQ Process,SO-1221,DN-409,Nigeria,PMO - US,From RDC,N/A - From RDC,Air,2006-11-16,2007-05-16,2007-11-16,2007-11-16,2007-11-16,ARV,Pediatric,SCMS from RDC,"Efavirenz 50mg, capsule, 30 Caps",Efavirenz,Generic,50mg,Capsule,30,100,224.0,2.24,0.07,"Aurobindo Unit III, India",True,118.0,1616.04,0.36
1279,10904,111-MZ-T01,Pre-PQ Process,SO-1038,DN-426,Mozambique,PMO - US,From RDC,N/A - From RDC,Air,2006-11-29,2007-05-29,2007-11-29,2007-11-29,2007-11-29,ARV,Pediatric,SCMS from RDC,"Stavudine 1mg/ml, powder for oral solution, 200 ml",Stavudine,Generic,1mg/ml,Oral solution,200,500,700.0,1.4,0.01,"Aurobindo Unit III, India",False,83.0,3247.5699999999997,1.12
1280,10905,100-ZW-T01,Pre-PQ Process,SO-1207,DN-424,Zimbabwe,PMO - US,From RDC,N/A - From RDC,Air,2006-11-16,2007-05-16,2007-11-16,2007-11-16,2007-11-16,ARV,Adult,SCMS from RDC,"Lamivudine/Stavudine 150/30mg, tablets, 30 Tabs",Lamivudine/Stavudine,Generic,150/30mg,Tablet - FDC,30,1,2.0,2.0,0.07,"Cipla, Goa, India",True,63.0,598.08,0.0
1281,10906,114-UG-T01,Pre-PQ Process,SO-1085,DN-430,Uganda,PMO - US,From RDC,N/A - From RDC,Air,2006-12-10,2007-06-10,2007-12-10,2007-12-10,2007-12-10,ARV,Adult,SCMS from RDC,"Lamivudine/Nevirapine/Zidovudine 150/200/300mg, tablets, 60 Tabs",Lamivudine/Nevirapine/Zidovudine,Generic,150/300/200mg,Tablet - FDC,60,1650,22275.0,13.5,0.22,"Aurobindo Unit III, India",True,197.0,1637.0,35.64
1282,10907,110-ZM-T01,Pre-PQ Process,SO-1028,DN-461,Zambia,PMO - US,From RDC,N/A - From RDC,Truck,2007-01-25,2007-07-25,2008-01-25,2008-01-25,2008-01-25,ARV,Adult,SCMS from RDC,"Efavirenz 600mg, tablets, 30 Tabs",Efavirenz,Generic,600mg,Tablet,30,44135,548156.7,12.42,0.41,"Aurobindo Unit III, India",True,3801.0,13715.55,877.05
1283,10908,114-UG-T01,Pre-PQ Process,SO-1300,DN-435,Uganda,PMO - US,From RDC,N/A - From RDC,Air,2006-12-10,2007-06-10,2007-12-10,2007-12-10,2007-12-10,ARV,Adult,SCMS from RDC,"Emtricitabine/Tenofovir Disoproxil Fumarate 200/300mg [Truvada], tablets, 30 Tabs",Emtricitabine/Tenofovir Disoproxil Fumarate,Truvada,300/200mg,Tablet - FDC,30,42,1102.5,26.25,0.88,Gilead(Nycomed) Oranienburg DE,True,464.0,3393.0,1.76
1284,10910,104-CI-T01,Pre-PQ Process,SO-1446,DN-504,Côte d'Ivoire,PMO - US,From RDC,N/A - From RDC,Air,2007-01-24,2007-07-24,2008-01-24,2008-01-24,2008-01-24,ARV,Pediatric,SCMS from RDC,"Abacavir 20mg/ml, [DON] oral solution, Bottle, 240 ml",Abacavir,Generic,20mg/ml,Oral solution,240,3119,0.0,0.0,0.0,"Aurobindo Unit III, India",True,1088.0,2951.94,0.0
1285,10915,110-ZM-T01,Pre-PQ Process,SO-1329,DN-465,Zambia,PMO - US,From RDC,N/A - From RDC,Truck,2006-11-30,2007-05-30,2007-11-30,2007-11-30,2007-11-30,ARV,Pediatric,SCMS from RDC,"Efavirenz 200mg, capsule, 90 Caps",Efavirenz,Generic,200mg,Capsule,90,2066,33056.0,16.0,0.18,"Aurobindo Unit III, India",True,236.0,1448.2,52.89
1286,10917,117-ET-T01,Pre-PQ Process,SO-1527,DN-522,Ethiopia,PMO - US,From RDC,N/A - From RDC,Air,2007-02-20,2007-08-20,2008-02-20,2008-02-20,2008-02-20,ARV,Adult,SCMS from RDC,"Stavudine 20mg, capsules, 60 Caps",Stavudine,Generic,20mg,Capsule,60,219,383.25,1.75,0.03,"Aurobindo Unit III, India",True,16.0,472.5,0.61
1287,10918,117-ET-T01,Pre-PQ Process,SO-1514,DN-518,Ethiopia,PMO - US,From RDC,N/A - From RDC,Air,2006-12-20,2007-06-20,2007-12-20,2007-12-20,2007-12-20,ARV,Adult,SCMS from RDC,"Tenofovir Disoproxil Fumarate 300mg [Viread], tablets, 30 Tabs",Tenofovir Disoproxil Fumarate,Viread,300mg,Tablet,30,1184,20128.0,17.0,0.57,Gilead(Nycomed) Oranienburg DE,True,49.0,639.75,32.2
1288,10919,104-CI-T01,Pre-PQ Process,SO-971,DN-421,Côte d'Ivoire,PMO - US,From RDC,N/A - From RDC,Air,2007-01-17,2007-07-17,2008-01-17,2008-01-17,2008-01-17,ARV,Adult,SCMS from RDC,"Lopinavir/Ritonavir 200/50mg [Aluvia], tablets, 120 Tabs",Lopinavir/Ritonavir,Aluvia,200/50mg,Tablet,120,479,19686.9,41.1,0.34,ABBVIE Ludwigshafen Germany,True,421.0,5947.88,31.5
1289,10923,117-ET-T01,Pre-PQ Process,SO-1533,DN-528,Ethiopia,PMO - US,From RDC,N/A - From RDC,Air,2006-12-20,2007-06-20,2007-12-20,2007-12-20,2007-12-20,ARV,Pediatric,SCMS from RDC,"Zidovudine 10mg/ml, oral solution, Bottle, 240 ml",Zidovudine,Generic,10mg/ml,Oral solution,240,1926,4140.9,2.15,0.01,"Aurobindo Unit III, India",True,807.0,2511.67,6.63
1290,10924,100-ZW-T01,Pre-PQ Process,SO-710,DN-488,Zimbabwe,PMO - US,From RDC,N/A - From RDC,Air,2007-01-14,2007-07-14,2008-01-14,2008-01-14,2008-01-14,ARV,Adult,SCMS from RDC,"Efavirenz 600mg, tablets, 30 Tabs",Efavirenz,Generic,600mg,Tablet,30,627,7787.34,12.42,0.41,"Cipla, Goa, India",False,668.5,12894.85,12.46
1291,10925,100-ZW-T01,Pre-PQ Process,SO-712,DN-623,Zimbabwe,PMO - US,From RDC,N/A - From RDC,Air,2007-03-05,2007-09-05,2008-03-05,2008-03-05,2008-03-05,ARV,Adult,SCMS from RDC,"Lamivudine/Nevirapine/Stavudine 150/200/30mg, tablets, 60 Tabs",Lamivudine/Nevirapine/Stavudine,Generic,150/200/30mg,Tablet - FDC,60,37240,275576.0,7.4,0.12,"Cipla, Goa, India",True,4080.0,13317.2,440.92
1292,10926,106-HT-T01,Pre-PQ Process,SO-1285,DN-627,Haiti,PMO - US,From RDC,N/A - From RDC,Air,2007-03-08,2007-09-08,2008-03-08,2008-03-08,2008-03-08,ARV,Pediatric,SCMS from RDC,"Didanosine 200mg, chewable/dispersible tablets, 60 Tabs",Didanosine,Generic,200mg,Chewable/dispersible tablet,60,100,1550.0,15.5,0.26,"Aurobindo Unit III, India",True,195.0,2587.9,2.48
1293,10927,111-MZ-T01,Pre-PQ Process,SO-1039,DN-628,Mozambique,PMO - US,From RDC,N/A - From RDC,Air,2007-04-08,2007-10-08,2008-04-08,2008-04-05,2008-04-05,ARV,Adult,SCMS from RDC,"Abacavir/Lamivudine/Zidovudine 300/150/300mg [Trizivir], tablets, 60 Tabs",Abacavir/Lamivudine/Zidovudine,Trizivir,300/150/300mg,Tablet - FDC,60,213,14910.0,70.0,1.17,GSK Ware (UK),False,928.0,3247.5699999999997,23.86
1294,10928,111-MZ-T01,Pre-PQ Process,SO-1039,DN-628,Mozambique,PMO - US,From RDC,N/A - From RDC,Air,2007-04-08,2007-10-08,2008-04-08,2008-04-05,2008-04-05,ARV,Adult,SCMS from RDC,"Indinavir 400mg [Crixivan], capsules, 180 Caps",Indinavir,Crixivan,400mg,Capsule,180,343,17150.0,50.0,0.28,"MSD, Haarlem, NL",False,668.5,3247.5699999999997,27.44
1295,10929,117-ET-T01,Pre-PQ Process,SO-1525,DN-530,Ethiopia,PMO - US,From RDC,N/A - From RDC,Air,2006-12-17,2007-06-17,2007-12-17,2007-12-17,2007-12-17,ARV,Pediatric,SCMS from RDC,"Efavirenz 200mg [Stocrin/Sustiva], capsule, 90 Caps",Efavirenz,Stocrin/Sustiva,200mg,Capsule,90,1692,27072.0,16.0,0.18,"MSD Manati, Puerto Rico, (USA)",True,182.0,1722.0,43.32
1296,10930,110-ZM-T01,Pre-PQ Process,SO-993,DN-507,Zambia,PMO - US,From RDC,N/A - From RDC,Truck,2007-01-08,2007-07-08,2008-01-08,2008-01-08,2008-01-08,ARV,Adult,SCMS from RDC,"Efavirenz 600mg, tablets, 30 Tabs",Efavirenz,Generic,600mg,Tablet,30,50061,976189.5,19.5,0.65,Mylan (formerly Matrix) Nashik,True,3946.0,14199.3,1561.9
1297,10931,117-ET-T01,Pre-PQ Process,SO-1513,DN-516,Ethiopia,PMO - US,From RDC,N/A - From RDC,Air,2007-01-10,2007-07-10,2008-01-10,2008-01-10,2008-01-10,ARV,Adult,SCMS from RDC,"Tenofovir Disoproxil Fumarate 300mg [Viread], tablets, 30 Tabs",Tenofovir Disoproxil Fumarate,Viread,300mg,Tablet,30,591,10047.0,17.0,0.57,Gilead(Nycomed) Oranienburg DE,True,37.0,504.0,16.08
1298,10933,107-RW-T01,Pre-PQ Process,SO-1515,DN-570,Rwanda,PMO - US,From RDC,N/A - From RDC,Air,2007-01-28,2007-07-28,2008-01-28,2008-01-28,2008-01-28,ARV,Adult,SCMS from RDC,"Lamivudine 150mg, tablets, 60 Tabs",Lamivudine,Generic,150mg,Tablet,60,3150,9576.0,3.04,0.05,"Ranbaxy, Paonta Shahib, India",True,165.0,2559.28,15.32
1299,10934,100-ZW-T01,Pre-PQ Process,SO-708,DN-479,Zimbabwe,PMO - US,From RDC,N/A - From RDC,Air,2007-02-05,2007-08-05,2008-02-05,2008-02-05,2008-02-05,ARV,Adult,SCMS from RDC,"Lamivudine/Stavudine 150/30mg, tablets, 30 Tabs",Lamivudine/Stavudine,Generic,150/30mg,Tablet - FDC,30,1600,3200.0,2.0,0.07,"Cipla, Goa, India",False,289.5,12894.85,5.12
1300,10936,117-ET-T01,Pre-PQ Process,SO-1532,DN-574,Ethiopia,PMO - US,From RDC,N/A - From RDC,Air,2007-01-31,2007-07-31,2008-01-31,2008-01-31,2008-01-31,ARV,Adult,SCMS from RDC,"Nevirapine 200mg, tablets, 60 Tabs",Nevirapine,Generic,200mg,Tablet,60,7511,25537.4,3.4,0.06,"Ranbaxy, Paonta Shahib, India",True,732.0,2724.27,40.86
1301,10937,105-GY-T01,Pre-PQ Process,SO-1239,DN-557,Guyana,PMO - US,From RDC,N/A - From RDC,Air,2007-01-24,2007-07-24,2008-01-24,2008-01-24,2008-01-24,ARV,Adult,SCMS from RDC,"Lamivudine/Zidovudine 150/300mg, tablets, 60 Tabs",Lamivudine/Zidovudine,Generic,150/300mg,Tablet - FDC,60,1008,9576.0,9.5,0.16,"Aurobindo Unit III, India",False,354.5,1924.4650000000001,15.32
1302,10939,110-ZM-T01,Pre-PQ Process,SO-1033,DN-553,Zambia,PMO - US,From RDC,N/A - From RDC,Truck,2007-02-28,2007-08-28,2008-02-28,2008-02-28,2008-02-28,ARV,Adult,SCMS from RDC,"Efavirenz 600mg, tablets, 30 Tabs",Efavirenz,Generic,600mg,Tablet,30,44135,548156.7,12.42,0.41,Mylan (formerly Matrix) Nashik,True,3483.0,12643.63,877.05
1303,10940,109-TZ-T01,Pre-PQ Process,SO-1648,DN-559,Tanzania,PMO - US,From RDC,N/A - From RDC,Air,2007-02-25,2007-08-25,2008-02-25,2008-02-25,2008-02-25,ARV,Pediatric,SCMS from RDC,"Didanosine 100mg, chewable/dispersible tablets, 60 Tabs",Didanosine,Generic,100mg,Chewable/dispersible tablet,60,2273,17615.75,7.75,0.13,"Aurobindo Unit III, India",True,2749.0,10654.94,28.19
1304,10942,104-CI-T01,Pre-PQ Process,SO-1663,DN-587,Côte d'Ivoire,PMO - US,From RDC,N/A - From RDC,Air,2007-03-06,2007-09-06,2008-03-06,2008-02-05,2008-02-05,ARV,Adult,SCMS from RDC,"Indinavir 400mg [Crixivan], capsules, 180 Caps",Indinavir,Crixivan,400mg,Capsule,180,5538,276900.0,50.0,0.28,"MSD, Haarlem, NL",True,1230.0,4680.1,443.04
1305,10943,117-ET-T01,Pre-PQ Process,SO-1719,DN-593,Ethiopia,PMO - US,From RDC,N/A - From RDC,Air,2007-02-05,2007-08-05,2008-02-05,2008-02-05,2008-02-05,ARV,Adult,SCMS from RDC,"Zidovudine 300mg, tablets, 60 Tabs",Zidovudine,Generic,300mg,Tablet,60,10000,81500.0,8.15,0.14,"Aurobindo Unit III, India",True,574.0,3787.32,130.4
1306,10944,111-MZ-T01,Pre-PQ Process,SO-1063,DN-597,Mozambique,PMO - US,From RDC,N/A - From RDC,Air,2007-02-28,2007-08-29,2008-02-29,2008-02-29,2008-02-29,HRDT,HIV test - Ancillary,SCMS from RDC,"HIV, Lancet, Safety, for HIV Test kits, 100 Pcs","HIV, Lancet, Safety, for HIV Test kits, 100 Pcs",Generic,no_dosage,Test kit - Ancillary,100,4300,43.0,0.01,0.0,Inverness Japan,False,979.0,3247.5699999999997,0.07
1307,10945,100-ZW-T01,Pre-PQ Process,SO-714,DN-709,Zimbabwe,PMO - US,From RDC,N/A - From RDC,Air,2007-04-21,2007-10-21,2008-04-21,2008-04-21,2008-04-21,ARV,Adult,SCMS from RDC,"Lamivudine/Stavudine 150/30mg, tablets, 30 Tabs",Lamivudine/Stavudine,Generic,150/30mg,Tablet - FDC,30,1600,3200.0,2.0,0.07,"Cipla, Goa, India",True,2519.0,15252.7,5.12
1308,10946,100-ZW-T01,Pre-PQ Process,SO-714,DN-709,Zimbabwe,PMO - US,From RDC,N/A - From RDC,Air,2007-04-21,2007-10-21,2008-04-21,2008-04-21,2008-04-21,ARV,Adult,SCMS from RDC,"Lamivudine/Nevirapine/Stavudine 150/200/30mg, tablets, 60 Tabs",Lamivudine/Nevirapine/Stavudine,Generic,150/200/30mg,Tablet - FDC,60,37240,275576.0,7.4,0.12,"Cipla, Goa, India",False,5943.0,12894.85,440.92
1309,10947,109-TZ-T01,Pre-PQ Process,SO-2662,DN-758,Tanzania,PMO - US,From RDC,N/A - From RDC,Air,2007-07-09,2008-01-09,2008-07-09,2008-07-09,2008-07-09,ARV,Adult,SCMS from RDC,"Lamivudine 150mg, tablets, 60 Tabs",Lamivudine,Generic,150mg,Tablet,60,11181,32536.71,2.91,0.05,"Aurobindo Unit III, India",True,566.0,3594.6,52.06
1310,10948,110-ZM-T01,Pre-PQ Process,SO-2547,DN-820,Zambia,PMO - US,From RDC,N/A - From RDC,Truck,2007-07-29,2008-01-29,2008-07-29,2008-07-29,2008-07-29,ARV,Adult,SCMS from RDC,"Lamivudine/Stavudine 150/30mg, tablets, 30 Tabs",Lamivudine/Stavudine,Generic,150/30mg,Tablet - FDC,30,12000,24000.0,2.0,0.07,"Cipla, Goa, India",True,700.0,954.13,38.4
1311,10949,109-TZ-T01,Pre-PQ Process,SO-2000,DN-722,Tanzania,PMO - US,From RDC,N/A - From RDC,Air,2007-04-30,2007-10-30,2008-04-30,2008-04-30,2008-04-30,ARV,Adult,SCMS from RDC,"Lopinavir/Ritonavir 200/50mg [Aluvia], tablets, 120 Tabs",Lopinavir/Ritonavir,Aluvia,200/50mg,Tablet,120,2580,106038.0,41.1,0.34,ABBVIE Ludwigshafen Germany,True,559.0,3562.4,169.66
1312,10950,109-TZ-T01,Pre-PQ Process,SO-2560,DN-826,Tanzania,PMO - US,From RDC,N/A - From RDC,Air,2007-07-29,2008-01-29,2008-07-29,2008-07-29,2008-07-29,ARV,Adult,SCMS from RDC,"Nevirapine 200mg, tablets, 60 Tabs",Nevirapine,Generic,200mg,Tablet,60,50288,170979.2,3.4,0.06,"Aurobindo Unit III, India",False,668.5,8925.0,273.57
1313,10951,104-CI-T01,Pre-PQ Process,SO-2045,DN-761,Côte d'Ivoire,PMO - US,From RDC,N/A - From RDC,Air,2007-06-02,2007-12-02,2008-06-02,2008-06-02,2008-06-02,ARV,Adult,SCMS from RDC,"Stavudine 20mg, capsules, 60 Caps",Stavudine,Generic,20mg,Capsule,60,1080,1890.0,1.75,0.03,"Aurobindo Unit III, India",True,4668.0,8787.28,3.02
1314,10953,112-NG-T01,Pre-PQ Process,SO-2726,DN-800,Nigeria,PMO - US,From RDC,N/A - From RDC,Air,2007-06-19,2007-12-19,2008-06-19,2008-06-19,2008-06-19,ARV,Adult,SCMS from RDC,"Indinavir 400mg [Crixivan], capsules, 180 Caps",Indinavir,Crixivan,400mg,Capsule,180,20,1000.0,50.0,0.28,"MSD, Haarlem, NL",True,1024.0,5226.6,1.6
1315,10954,106-HT-T01,Pre-PQ Process,SO-2056,DN-743,Haiti,PMO - US,From RDC,N/A - From RDC,Air,2007-05-27,2007-11-27,2008-05-27,2008-05-27,2008-05-27,ARV,Adult,SCMS from RDC,"Lamivudine 150mg, tablets, 60 Tabs",Lamivudine,Generic,150mg,Tablet,60,7380,21475.8,2.91,0.05,"Aurobindo Unit III, India",False,1115.0,2946.7200000000003,34.36
1316,10955,111-MZ-T01,Pre-PQ Process,SO-1039,DN-629,Mozambique,PMO - US,From RDC,N/A - From RDC,Air,2007-04-08,2007-10-08,2008-04-08,2008-05-16,2008-05-16,ARV,Adult,SCMS from RDC,"Lamivudine/Nevirapine/Stavudine 150/200/30mg, tablets, 60 Tabs",Lamivudine/Nevirapine/Stavudine,Generic,150/200/30mg,Tablet - FDC,60,73012,540288.8,7.4,0.12,"Cipla, Goa, India",True,14083.0,11053.53,864.46
1317,10956,110-ZM-T01,Pre-PQ Process,SO-1806,DN-625,Zambia,PMO - US,From RDC,N/A - From RDC,Truck,2007-03-28,2007-09-28,2008-03-28,2008-03-28,2008-03-28,ARV,Adult,SCMS from RDC,"Emtricitabine/Tenofovir Disoproxil Fumarate 200/300mg [Truvada], tablets, 30 Tabs",Emtricitabine/Tenofovir Disoproxil Fumarate,Truvada,300/200mg,Tablet - FDC,30,27156,712845.0,26.25,0.88,"Aspen-OSD, Port Elizabeth, SA",True,9344.0,35246.5,1140.55
1318,10957,110-ZM-T01,Pre-PQ Process,SO-1993,DN-677,Zambia,PMO - US,From RDC,N/A - From RDC,Air,2007-03-28,2007-09-28,2008-03-28,2008-03-28,2008-03-28,ARV,Adult,SCMS from RDC,"Efavirenz 600mg, tablets, 30 Tabs",Efavirenz,Generic,600mg,Tablet,30,4332,53803.44,12.42,0.41,Mylan (formerly Matrix) Nashik,True,338.0,1890.76,86.09
1319,10958,110-ZM-T01,Pre-PQ Process,SO-1885,DN-711,Zambia,PMO - US,From RDC,N/A - From RDC,Truck,2007-05-09,2007-11-09,2008-05-09,2008-05-09,2008-05-09,ARV,Adult,SCMS from RDC,"Lamivudine/Zidovudine 150/300mg, tablets, 60 Tabs",Lamivudine/Zidovudine,Generic,150/300mg,Tablet - FDC,60,50000,472500.0,9.45,0.16,"Aurobindo Unit III, India",True,4657.0,2348.92,756.0
1320,10959,100-ZW-T01,Pre-PQ Process,SO-716,DN-770,Zimbabwe,PMO - US,From RDC,N/A - From RDC,Air,2007-06-09,2007-12-09,2008-06-09,2008-06-09,2008-06-09,ARV,Adult,SCMS from RDC,"Lamivudine/Stavudine 150/30mg, tablets, 30 Tabs",Lamivudine/Stavudine,Generic,150/30mg,Tablet - FDC,30,1600,3200.0,2.0,0.07,"Cipla, Goa, India",True,422.0,3335.15,5.12
1321,10960,109-TZ-T01,Pre-PQ Process,SO-1695,DN-663,Tanzania,PMO - US,From RDC,N/A - From RDC,Air,2007-04-22,2007-10-22,2008-04-22,2008-04-23,2008-04-23,ARV,Adult,SCMS from RDC,"Lamivudine/Zidovudine 150/300mg, tablets, 60 Tabs",Lamivudine/Zidovudine,Generic,150/300mg,Tablet - FDC,60,51364,487958.0,9.5,0.16,"Aurobindo Unit III, India",True,5372.0,16430.72,780.73
1322,10961,110-ZM-T01,Pre-PQ Process,SO-2550,DN-839,Zambia,PMO - US,From RDC,N/A - From RDC,Truck,2007-08-20,2008-02-20,2008-08-20,2008-08-20,2008-08-20,ARV,Adult,SCMS from RDC,"Lamivudine/Nevirapine/Stavudine 150/200/30mg, tablets, 60 Tabs",Lamivudine/Nevirapine/Stavudine,Generic,150/200/30mg,Tablet - FDC,60,40000,288000.0,7.2,0.12,"Strides, Bangalore, India.",True,7393.0,6051.02,460.8
1323,10962,125-HT-T01,Pre-PQ Process,SO-1291,DN-686,Haiti,PMO - US,From RDC,N/A - From RDC,Air,2007-04-03,2007-10-03,2008-04-03,2008-04-03,2008-04-03,HRDT,HIV test,SCMS from RDC,"HIV 1/2, Determine HIV Kit, without Lancets, 100 Tests","HIV 1/2, Determine HIV Kit, without Lancets",Determine,no_dosage,Test kit,100,25,1800.0,72.0,0.72,Inverness Japan,False,39.5,2946.7200000000003,2.88
1324,10963,106-HT-T01,Pre-PQ Process,SO-2042,DN-682,Haiti,PMO - US,From RDC,N/A - From RDC,Air,2007-03-21,2007-09-21,2008-03-21,2008-03-21,2008-03-21,ARV,Pediatric,SCMS from RDC,"Abacavir 20mg/ml, oral solution, Bottle, 240 ml",Abacavir,Generic,20mg/ml,Oral solution,240,160,2640.0,16.5,0.07,"Aurobindo Unit III, India",True,938.0,11340.2,4.22
1325,10964,114-UG-T01,Pre-PQ Process,SO-2791,DN-794,Uganda,PMO - US,From RDC,N/A - From RDC,Air,2007-07-11,2008-01-11,2008-07-11,2008-07-11,2008-07-11,ARV,Pediatric,SCMS from RDC,"Zidovudine 10mg/ml, oral solution, Bottle, 240 ml",Zidovudine,Generic,10mg/ml,Oral solution,240,4296,9021.6,2.1,0.01,"Aurobindo Unit III, India",True,1600.0,10314.28,14.43
1326,10965,132-NG-T01,Pre-PQ Process,SO-2680,DN-787,Nigeria,PMO - US,From RDC,N/A - From RDC,Air,2007-07-04,2008-01-04,2008-07-04,2008-07-04,2008-07-04,ARV,Adult,SCMS from RDC,"Emtricitabine/Tenofovir Disoproxil Fumarate 200/300mg [Truvada], tablets, 30 Tabs",Emtricitabine/Tenofovir Disoproxil Fumarate,Truvada,300/200mg,Tablet - FDC,30,15000,393750.0,26.25,0.88,"Aspen-OSD, Port Elizabeth, SA",True,1365.0,9904.65,630.0
1327,10966,114-UG-T01,Pre-PQ Process,SO-2674,DN-797,Uganda,PMO - US,From RDC,N/A - From RDC,Air,2007-07-11,2008-01-11,2008-07-11,2008-07-11,2008-07-11,ARV,Adult,SCMS from RDC,"Nevirapine 200mg, tablets, 60 Tabs",Nevirapine,Generic,200mg,Tablet,60,1061,3607.4,3.4,0.06,"Aurobindo Unit III, India",True,106.0,1054.52,5.77
1328,10967,102-KE-T01,Pre-PQ Process,SO-1390,DN-667,Kenya,PMO - US,From RDC,N/A - From RDC,Truck,2007-03-26,2007-09-26,2008-03-26,2008-03-26,2008-03-26,HRDT,HIV test - Ancillary,SCMS from RDC,"HIV, Lancet, Safety, for HIV Test kits, 100 Pcs","HIV, Lancet, Safety, for HIV Test kits, 100 Pcs",Generic,no_dosage,Test kit - Ancillary,100,240,1200.0,5.0,0.05,Inverness Japan,True,751.0,190.06,1.92
1329,10968,112-NG-T01,Pre-PQ Process,SO-2350,DN-718,Nigeria,PMO - US,From RDC,N/A - From RDC,Air,2007-04-21,2007-10-21,2008-04-21,2008-04-21,2008-04-21,ARV,Adult,SCMS from RDC,"Lamivudine/Zidovudine 150/300mg, tablets, 60 Tabs",Lamivudine/Zidovudine,Generic,150/300mg,Tablet - FDC,60,760,7182.0,9.45,0.16,"Aurobindo Unit III, India",True,199.0,1917.53,11.49
1330,10969,112-NG-T01,Pre-PQ Process,SO-2350,DN-718,Nigeria,PMO - US,From RDC,N/A - From RDC,Air,2007-04-21,2007-10-21,2008-04-21,2008-04-21,2008-04-21,ARV,Pediatric,SCMS from RDC,"Stavudine 1mg/ml, powder for oral solution, 200 ml",Stavudine,Generic,1mg/ml,Oral solution,200,16,22.4,1.4,0.01,"Aurobindo Unit III, India",False,168.5,10144.765,0.04
1331,10970,111-MZ-T01,Pre-PQ Process,SO-1615,DN-698,Mozambique,PMO - US,From RDC,N/A - From RDC,Air,2007-06-23,2007-12-23,2008-06-23,2008-06-23,2008-06-23,ARV,Adult,SCMS from RDC,"Indinavir 400mg [Crixivan], capsules, 180 Caps",Indinavir,Crixivan,400mg,Capsule,180,1428,71400.0,50.0,0.28,"MSD, Haarlem, NL",True,2955.0,4551.52,114.24
1332,10972,117-ET-T01,Pre-PQ Process,SO-1518,DN-634,Ethiopia,PMO - US,From RDC,N/A - From RDC,Air,2007-03-21,2007-09-21,2008-03-21,2008-03-21,2008-03-21,ARV,Adult,SCMS from RDC,"Lamivudine/Zidovudine 150/300mg, tablets, 60 Tabs",Lamivudine/Zidovudine,Generic,150/300mg,Tablet - FDC,60,65524,622478.0,9.5,0.16,"Aurobindo Unit III, India",True,14599.0,32146.52,995.96
1333,10973,100-ZW-T01,Pre-PQ Process,SO-713,DN-687,Zimbabwe,PMO - US,From RDC,N/A - From RDC,Air,2007-03-30,2007-09-30,2008-03-30,2008-03-30,2008-03-30,ARV,Adult,SCMS from RDC,"Lamivudine/Nevirapine/Stavudine 150/200/30mg, tablets, 60 Tabs",Lamivudine/Nevirapine/Stavudine,Generic,150/200/30mg,Tablet - FDC,60,37240,275576.0,7.4,0.12,"Cipla, Goa, India",False,5943.0,12894.85,440.92
1334,10975,105-GY-T01,Pre-PQ Process,SO-2464,DN-727,Guyana,PMO - US,From RDC,N/A - From RDC,Air,2007-05-09,2007-11-09,2008-05-09,2008-05-09,2008-05-09,ARV,Adult,SCMS from RDC,"Lopinavir/Ritonavir 200/50mg [Aluvia], tablets, 120 Tabs",Lopinavir/Ritonavir,Aluvia,200/50mg,Tablet,120,150,12330.0,82.2,0.68,ABBVIE Ludwigshafen Germany,True,34.0,1608.7,19.73
1335,10976,106-HT-T01,Pre-PQ Process,SO-1565,DN-657,Haiti,PMO - US,From RDC,N/A - From RDC,Air,2007-03-19,2007-09-19,2008-03-19,2008-03-19,2008-03-19,HRDT,HIV test,SCMS from RDC,"HIV 1/2, Determine HIV Kit, without Lancets, 100 Tests","HIV 1/2, Determine HIV Kit, without Lancets",Determine,no_dosage,Test kit,100,30,2160.0,72.0,0.72,Inverness Japan,True,7.0,774.84,3.46
1336,10977,110-ZM-T01,Pre-PQ Process,SO-1888,DN-701,Zambia,PMO - US,From RDC,N/A - From RDC,Truck,2007-05-09,2007-11-09,2008-05-09,2008-05-09,2008-05-09,ARV,Adult,SCMS from RDC,"Emtricitabine/Tenofovir Disoproxil Fumarate 200/300mg [Truvada], tablets, 30 Tabs",Emtricitabine/Tenofovir Disoproxil Fumarate,Truvada,300/200mg,Tablet - FDC,30,40000,1050000.0,26.25,0.88,"Aspen-OSD, Port Elizabeth, SA",True,3512.0,1772.4,1680.0
1337,10979,113-ZW-T01,Pre-PQ Process,SO-2502,DN-813,Zimbabwe,PMO - US,From RDC,N/A - From RDC,Truck,2007-07-26,2008-01-26,2008-07-26,2008-07-26,2008-07-26,ARV,Adult,SCMS from RDC,"Lamivudine/Nevirapine/Stavudine 150/200/30mg, tablets, 60 Tabs",Lamivudine/Nevirapine/Stavudine,Generic,150/200/30mg,Tablet - FDC,60,66268,490383.2,7.4,0.12,"Cipla, Goa, India",True,6606.0,22666.98,784.61
1338,10980,113-ZW-T01,Pre-PQ Process,SO-2502,DN-813,Zimbabwe,PMO - US,From RDC,N/A - From RDC,Truck,2007-07-26,2008-01-26,2008-07-26,2008-07-26,2008-07-26,ARV,Adult,SCMS from RDC,"Lamivudine/Stavudine 150/30mg, tablets, 30 Tabs",Lamivudine/Stavudine,Generic,150/30mg,Tablet - FDC,30,8000,16000.0,2.0,0.07,"Cipla, Goa, India",False,1023.0,6721.705,25.6
1339,10981,111-MZ-T01,Pre-PQ Process,SO-1882,DN-817,Mozambique,PMO - US,From RDC,N/A - From RDC,Air,2007-08-07,2008-02-07,2008-08-07,2008-08-07,2008-08-07,ARV,Adult,SCMS from RDC,"Lamivudine/Nevirapine/Stavudine 150/200/30mg, tablets, 60 Tabs",Lamivudine/Nevirapine/Stavudine,Generic,150/200/30mg,Tablet - FDC,60,38975,280620.0,7.2,0.12,"Strides, Bangalore, India.",True,13123.0,9161.95,448.99
1340,10982,109-TZ-T01,Pre-PQ Process,SO-1696,DN-763,Tanzania,PMO - US,From RDC,N/A - From RDC,Air,2007-07-09,2008-01-09,2008-07-09,2008-07-09,2008-07-09,ARV,Pediatric,SCMS from RDC,"Didanosine 100mg, chewable/dispersible tablets, 60 Tabs",Didanosine,Generic,100mg,Chewable/dispersible tablet,60,11640,90210.0,7.75,0.13,"Aurobindo Unit III, India",True,16778.0,9043.65,144.34
1341,10983,106-HT-T01,Pre-PQ Process,SO-15960,DN-946,Haiti,PMO - US,From RDC,N/A - From RDC,Air,2007-10-20,2008-04-20,2008-10-20,2008-10-20,2008-10-20,ARV,Adult,SCMS from RDC,"Nevirapine 200mg, tablets, 60 Tabs",Nevirapine,Generic,200mg,Tablet,60,20186,64595.2,3.2,0.05,"Aurobindo Unit III, India",True,4218.0,43041.34,103.35
1342,10984,111-MZ-T01,Pre-PQ Process,SO-15084,DN-1024,Mozambique,PMO - US,From RDC,N/A - From RDC,Air,2008-02-09,2008-08-09,2009-02-09,2009-02-09,2009-02-09,ARV,Adult,SCMS from RDC,"Lamivudine/Zidovudine 150/300mg, tablets, 60 Tabs",Lamivudine/Zidovudine,Generic,150/300mg,Tablet - FDC,60,15048,140698.8,9.35,0.16,"Aurobindo Unit III, India",True,1448.0,3613.31,275.77
1343,10985,111-MZ-T01,Pre-PQ Process,SO-15085,DN-1025,Mozambique,PMO - US,From RDC,N/A - From RDC,Air,2008-01-20,2008-07-20,2009-01-20,2009-01-20,2009-01-20,ARV,Adult,SCMS from RDC,"Lamivudine/Zidovudine 150/300mg, tablets, 60 Tabs",Lamivudine/Zidovudine,Generic,150/300mg,Tablet - FDC,60,720,6732.0,9.35,0.16,"Aurobindo Unit III, India",True,66.0,772.04,13.19
1344,10986,109-TZ-T01,Pre-PQ Process,SO-13190,DN-922,Tanzania,PMO - US,From RDC,N/A - From RDC,Air,2007-10-21,2008-04-21,2008-10-21,2008-10-21,2008-10-21,ARV,Adult,SCMS from RDC,"Lamivudine/Nevirapine/Stavudine 150/200/30mg, tablets, 60 Tabs",Lamivudine/Nevirapine/Stavudine,Generic,150/200/30mg,Tablet - FDC,60,90323,668390.2,7.4,0.12,"Cipla, Goa, India",True,9635.0,52979.7,1069.42
1345,10987,102-KE-T01,Pre-PQ Process,SO-11430,DN-964,Kenya,PMO - US,From RDC,N/A - From RDC,Truck,2007-10-21,2008-04-21,2008-10-21,2008-10-21,2008-10-21,HRDT,HIV test - Ancillary,SCMS from RDC,"HIV, Lancet, Safety, for HIV Test kits, 100 Pcs","HIV, Lancet, Safety, for HIV Test kits, 100 Pcs",Generic,no_dosage,Test kit - Ancillary,100,5000,50.0,0.01,0.0,Inverness Japan,True,1558.0,225.96,0.1
1346,10988,110-ZM-T01,Pre-PQ Process,SO-2495,DN-1006,Zambia,PMO - US,From RDC,N/A - From RDC,Truck,2007-12-01,2008-06-01,2008-12-01,2008-12-01,2008-12-01,ARV,Adult,SCMS from RDC,"Nevirapine 200mg, tablets, 60 Tabs",Nevirapine,Generic,200mg,Tablet,60,44432,151068.8,3.4,0.06,Hetero Unit III Hyderabad IN,True,2503.0,3629.37,296.09
1347,10989,126-NG-T01,Pre-PQ Process,SO-10780,DN-871,Nigeria,PMO - US,From RDC,N/A - From RDC,Air,2007-08-25,2008-02-25,2008-08-25,2008-08-25,2008-08-25,ARV,Adult,SCMS from RDC,"Nevirapine 200mg, tablets, 60 Tabs",Nevirapine,Generic,200mg,Tablet,60,35400,120360.0,3.4,0.06,Hetero Unit III Hyderabad IN,True,1987.0,14931.8,192.58
1348,10990,131-NG-T01,Pre-PQ Process,SO-15050,DN-1014,Nigeria,PMO - US,From RDC,N/A - From RDC,Air,2007-11-17,2008-05-17,2008-11-17,2008-11-17,2008-11-17,ARV,Adult,SCMS from RDC,"Emtricitabine/Tenofovir Disoproxil Fumarate 200/300mg [Truvada], tablets, 30 Tabs",Emtricitabine/Tenofovir Disoproxil Fumarate,Truvada,300/200mg,Tablet - FDC,30,10000,262500.0,26.25,0.88,"Aspen-OSD, Port Elizabeth, SA",True,878.0,4401.4,514.5
1349,10992,110-ZM-T01,Pre-PQ Process,SO-12090,DN-863,Zambia,PMO - US,From RDC,N/A - From RDC,Air,2007-08-27,2008-02-27,2008-08-27,2008-08-27,2008-08-27,ARV,Adult,SCMS from RDC,"Lamivudine/Stavudine 150/30mg, tablets, 60 Tabs",Lamivudine/Stavudine,Generic,150/30mg,Tablet - FDC,60,32017,124866.3,3.9,0.06,Mylan (formerly Matrix) Nashik,True,2353.0,3210.18,199.79
1350,10993,110-ZM-T01,Pre-PQ Process,SO-15280,DN-952,Zambia,PMO - US,From RDC,N/A - From RDC,Air,2007-10-20,2008-04-20,2008-10-20,2008-10-20,2008-10-20,ARV,Pediatric,SCMS from RDC,"Zidovudine 10mg/ml, oral solution, Bottle, 240 ml",Zidovudine,Generic,10mg/ml,Oral solution,240,3200,6720.0,2.1,0.01,"Aurobindo Unit III, India",True,1120.0,8185.2,13.17
1351,10994,104-CI-T01,Pre-PQ Process,SO-11830,DN-948,Côte d'Ivoire,PMO - US,From RDC,N/A - From RDC,Air,2007-12-03,2008-06-03,2008-12-03,2008-12-03,2008-12-03,ARV,Adult,SCMS from RDC,"Nevirapine 200mg, tablets, 60 Tabs",Nevirapine,Generic,200mg,Tablet,60,21225,72165.0,3.4,0.06,"Aurobindo Unit III, India",True,2521.0,14336.95,141.44
1352,10995,114-UG-T01,Pre-PQ Process,SO-17720,DN-1043,Uganda,PMO - US,From RDC,N/A - From RDC,Air,2008-02-04,2008-08-04,2009-02-04,2009-02-04,2009-02-04,ARV,Adult,SCMS from RDC,"Lamivudine/Nevirapine/Zidovudine 150/200/300mg, tablets, 60 Tabs",Lamivudine/Nevirapine/Zidovudine,Generic,150/300/200mg,Tablet - FDC,60,20000,236000.0,11.8,0.2,"Aurobindo Unit III, India",True,2283.0,13586.1,462.56
1353,10996,113-ZW-T01,Pre-PQ Process,SO-14000,DN-1044,Zimbabwe,PMO - US,From RDC,N/A - From RDC,Truck,2008-02-16,2008-08-16,2009-02-16,2009-02-16,2009-02-16,ARV,Adult,SCMS from RDC,"Lamivudine/Nevirapine/Stavudine 150/200/30mg, tablets, 60 Tabs",Lamivudine/Nevirapine/Stavudine,Generic,150/200/30mg,Tablet - FDC,60,76000,562400.0,7.4,0.12,"Cipla, Goa, India",True,8912.0,35513.01,1102.3
1354,10997,110-ZM-T01,Pre-PQ Process,SO-1896,DN-856,Zambia,PMO - US,From RDC,N/A - From RDC,Truck,2007-08-20,2008-02-20,2008-08-20,2008-08-20,2008-08-20,ARV,Adult,SCMS from RDC,"Efavirenz 600mg, tablets, 30 Tabs",Efavirenz,Generic,600mg,Tablet,30,50000,600500.0,12.01,0.4,Mylan (formerly Matrix) Nashik,True,3880.0,3817.12,960.8
1355,10998,111-MZ-T01,Pre-PQ Process,SO-2524,DN-858,Mozambique,PMO - US,From RDC,N/A - From RDC,Truck,2007-09-05,2008-03-05,2008-09-05,2008-09-05,2008-09-05,ARV,Adult,SCMS from RDC,"Lamivudine/Nevirapine/Stavudine 150/200/30mg, tablets, 60 Tabs",Lamivudine/Nevirapine/Stavudine,Generic,150/200/30mg,Tablet - FDC,60,80000,576000.0,7.2,0.12,"Strides, Bangalore, India.",True,11515.0,0.0,921.6
1356,10999,109-TZ-T01,Pre-PQ Process,SO-2566,DN-891,Tanzania,PMO - US,From RDC,N/A - From RDC,Truck,2007-09-23,2008-03-23,2008-09-23,2008-09-23,2008-09-23,ARV,Adult,SCMS from RDC,"Lamivudine/Nevirapine/Stavudine 150/200/30mg, tablets, 60 Tabs",Lamivudine/Nevirapine/Stavudine,Generic,150/200/30mg,Tablet - FDC,60,123317,912545.8,7.4,0.12,"Cipla, Goa, India",True,13253.0,64506.78,1460.07
1357,11000,114-UG-T01,Pre-PQ Process,SO-17890,DN-1092,Uganda,PMO - US,From RDC,N/A - From RDC,Air,2008-03-19,2008-09-19,2009-03-19,2009-03-19,2009-03-19,ARV,Adult,SCMS from RDC,"Lamivudine/Nevirapine/Zidovudine 150/200/300mg, tablets, 60 Tabs",Lamivudine/Nevirapine/Zidovudine,Generic,150/300/200mg,Tablet - FDC,60,1893,22337.4,11.8,0.2,"Aurobindo Unit III, India",True,215.0,2408.91,43.78
1358,11001,114-UG-T01,Pre-PQ Process,SO-17830,DN-990,Uganda,PMO - US,From RDC,N/A - From RDC,Air,2007-12-09,2008-06-09,2008-12-09,2008-12-09,2008-12-09,ARV,Adult,SCMS from RDC,"Lopinavir/Ritonavir 200/50mg [Aluvia], tablets, 120 Tabs",Lopinavir/Ritonavir,Aluvia,200/50mg,Tablet,120,42,1726.2,41.1,0.34,ABBVIE Ludwigshafen Germany,True,123.0,845.37,3.38
1359,11003,104-CI-T01,Pre-PQ Process,SO-16220,DN-1069,Côte d'Ivoire,PMO - US,From RDC,N/A - From RDC,Air,2008-02-11,2008-08-11,2009-02-11,2009-02-11,2009-02-11,ARV,Pediatric,SCMS from RDC,"Efavirenz 30mg/ml [Stocrin/Sustiva], oral solution, Bottle, 180 ml",Efavirenz,Stocrin/Sustiva,30mg/ml,Oral solution,180,3271,55476.16,16.96,0.09,"MSD, Haarlem, NL",True,933.0,3409.91,108.73
1360,11005,106-HT-T01,Pre-PQ Process,SO-23750,DN-1100,Haiti,PMO - US,From RDC,N/A - From RDC,Air,2008-03-03,2008-09-03,2009-03-03,2009-03-03,2009-03-03,ARV,Pediatric,SCMS from RDC,"Efavirenz 30mg/ml [Stocrin/Sustiva], oral solution, Bottle, 180 ml",Efavirenz,Stocrin/Sustiva,30mg/ml,Oral solution,180,325,5512.0,16.96,0.09,"MSD, Haarlem, NL",True,2085.0,23866.2,10.8
1361,11006,106-HT-T01,Pre-PQ Process,SO-23750,DN-1100,Haiti,PMO - US,From RDC,N/A - From RDC,Air,2008-03-03,2008-09-03,2009-03-03,2009-03-03,2009-03-03,ARV,Adult,SCMS from RDC,"Indinavir 400mg [Crixivan], capsules, 180 Caps",Indinavir,Crixivan,400mg,Capsule,180,56,2800.0,50.0,0.28,"MSD, Haarlem, NL",False,168.0,2946.7200000000003,5.49
1362,11007,106-HT-T01,Pre-PQ Process,SO-23750,DN-1100,Haiti,PMO - US,From RDC,N/A - From RDC,Air,2008-03-03,2008-09-03,2009-03-03,2009-03-03,2009-03-03,ARV,Pediatric,SCMS from RDC,"Nevirapine 10mg/ml, oral suspension, Bottle, 240 ml",Nevirapine,Generic,10mg/ml,Oral suspension,240,5216,10014.72,1.92,0.01,"Aurobindo Unit III, India",False,668.5,2946.7200000000003,19.63
1363,11008,113-ZW-T01,Pre-PQ Process,SO-18100,DN-1115,Zimbabwe,PMO - US,From RDC,N/A - From RDC,Truck,2008-04-06,2008-10-06,2009-04-06,2009-04-06,2009-04-06,ARV,Adult,SCMS from RDC,"Lamivudine/Nevirapine/Stavudine 150/200/30mg, tablets, 60 Tabs",Lamivudine/Nevirapine/Stavudine,Generic,150/200/30mg,Tablet - FDC,60,76000,562400.0,7.4,0.12,"Cipla, Goa, India",True,8848.0,37040.86,1102.3
1364,11009,111-MZ-T01,Pre-PQ Process,SO-26390,DN-1150,Mozambique,PMO - US,From RDC,N/A - From RDC,Air,2008-04-27,2008-10-27,2009-04-27,2009-04-27,2009-04-27,ARV,Pediatric,SCMS from RDC,"Lopinavir/Ritonavir 80/20mg/ml [Kaletra], oral solution, cool, Bottle 5 x 60 ml",Lopinavir/Ritonavir,Kaletra,80/20mg/ml,Oral solution,300,40,1644.0,41.1,0.14,ABBVIE (Abbott) Logis. UK,True,52.0,1287.77,3.22
1365,11010,104-CI-T01,Pre-PQ Process,SO-21880,DN-1152,Côte d'Ivoire,PMO - US,From RDC,N/A - From RDC,Air,2008-04-30,2008-10-30,2009-04-30,2009-04-30,2009-04-30,ARV,Adult,SCMS from RDC,"Lamivudine/Zidovudine 150/300mg, tablets, 60 Tabs",Lamivudine/Zidovudine,Generic,150/300mg,Tablet - FDC,60,23524,206070.24,8.76,0.15,"Aurobindo Unit III, India",True,3155.0,9021.82,403.9
1366,11011,112-NG-T01,Pre-PQ Process,SO-2728,DN-917,Nigeria,PMO - US,From RDC,N/A - From RDC,Air,2007-09-24,2008-03-24,2008-09-24,2008-09-24,2008-09-24,ARV,Adult,SCMS from RDC,"Ritonavir 100mg [Norvir], capsules, cool, 4 x 84 Caps",Ritonavir,Norvir,100mg,Capsule,336,2,76.72,38.36,0.11,ABBVIE (Abbott) France,False,1.0,10144.765,0.12
1367,11012,106-HT-T01,Pre-PQ Process,SO-15930,DN-944,Haiti,PMO - US,From RDC,N/A - From RDC,Air,2007-11-04,2008-05-04,2008-11-04,2008-11-04,2008-11-04,ARV,Adult,SCMS from RDC,"Stavudine 15mg, capsules, 60 Caps",Stavudine,Generic,15mg,Capsule,60,1000,1500.0,1.5,0.02,"Aurobindo Unit III, India",True,10435.0,121330.06,2.94
1368,11013,110-ZM-T01,Pre-PQ Process,SO-2479,DN-861,Zambia,PMO - US,From RDC,N/A - From RDC,Truck,2007-08-20,2008-02-20,2008-08-20,2008-08-20,2008-08-20,ARV,Adult,SCMS from RDC,"Efavirenz 600mg, tablets, 30 Tabs",Efavirenz,Generic,600mg,Tablet,30,5000,60050.0,12.01,0.4,Mylan (formerly Matrix) Nashik,True,4247.0,8231.95,96.08
1369,11014,106-HT-T01,Pre-PQ Process,SO-15930,DN-944,Haiti,PMO - US,From RDC,N/A - From RDC,Air,2007-11-04,2008-05-04,2008-11-04,2008-11-04,2008-11-04,ARV,Pediatric,SCMS from RDC,"Efavirenz 200mg, capsule, 90 Caps",Efavirenz,Generic,200mg,Capsule,90,1000,15260.0,15.26,0.17,"Aurobindo Unit III, India",False,132.0,2946.7200000000003,29.91
1370,11015,123-NG-T01,Pre-PQ Process,SO-19060,DN-1058,Nigeria,PMO - US,From RDC,N/A - From RDC,Air,2008-01-19,2008-07-19,2009-01-19,2009-01-19,2009-01-19,ARV,Adult,SCMS from RDC,"Emtricitabine/Tenofovir Disoproxil Fumarate 200/300mg [Truvada], tablets, 30 Tabs",Emtricitabine/Tenofovir Disoproxil Fumarate,Truvada,300/200mg,Tablet - FDC,30,12304,322980.0,26.25,0.88,"Aspen-OSD, Port Elizabeth, SA",True,5197.0,21895.01,633.04
1371,11016,112-NG-T01,Pre-PQ Process,SO-20950,DN-1059,Nigeria,PMO - US,From RDC,N/A - From RDC,Air,2008-01-19,2008-07-19,2009-01-19,2009-01-19,2009-01-19,ARV,Adult,SCMS from RDC,"Emtricitabine/Tenofovir Disoproxil Fumarate 200/300mg [Truvada], tablets, 30 Tabs",Emtricitabine/Tenofovir Disoproxil Fumarate,Truvada,300/200mg,Tablet - FDC,30,139,3648.75,26.25,0.88,"Aspen-OSD, Port Elizabeth, SA",True,192.0,13538.35,7.15
1372,11017,114-UG-T01,Pre-PQ Process,SO-17780,DN-995,Uganda,PMO - US,From RDC,N/A - From RDC,Air,2007-12-02,2008-06-02,2008-12-02,2008-12-02,2008-12-02,ARV,Adult,SCMS from RDC,"Lamivudine 150mg, tablets, 60 Tabs",Lamivudine,Generic,150mg,Tablet,60,500,1450.0,2.9,0.05,"Aurobindo Unit III, India",True,26.0,1096.71,2.84
1373,11018,106-HT-T01,Pre-PQ Process,SO-15950,DN-945,Haiti,PMO - US,From RDC,N/A - From RDC,Air,2007-10-27,2008-04-27,2008-10-27,2008-10-27,2008-10-27,ARV,Adult,SCMS from RDC,"Efavirenz 600mg, tablets, 30 Tabs",Efavirenz,Generic,600mg,Tablet,30,8192,90112.0,11.0,0.37,Mylan (formerly Matrix) Nashik,True,9516.0,101348.75,144.18
1374,11019,117-ET-T01,Pre-PQ Process,SO-22010,DN-1061,Ethiopia,PMO - US,From RDC,N/A - From RDC,Air,2008-01-29,2008-07-29,2009-01-29,2009-01-29,2009-01-29,ARV,Adult,SCMS from RDC,"Tenofovir Disoproxil Fumarate 300mg [Viread], tablets, 30 Tabs",Tenofovir Disoproxil Fumarate,Viread,300mg,Tablet,30,3068,52156.0,17.0,0.57,"Aspen-OSD, Port Elizabeth, SA",True,2002.0,10460.94,102.23
1375,11020,106-HT-T01,Pre-PQ Process,SO-2602,DN-1018,Haiti,PMO - US,From RDC,N/A - From RDC,Air,2007-12-10,2008-06-10,2008-12-10,2008-12-10,2008-12-10,ARV,Adult,SCMS from RDC,"Lamivudine 150mg, tablets, 60 Tabs",Lamivudine,Generic,150mg,Tablet,60,8100,23571.0,2.91,0.05,"Aurobindo Unit III, India",True,404.0,5866.29,46.2
1376,11021,110-ZM-T01,Pre-PQ Process,SO-2481,DN-924,Zambia,PMO - US,From RDC,N/A - From RDC,Truck,2007-09-29,2008-03-29,2008-09-29,2008-09-29,2008-09-29,ARV,Adult,SCMS from RDC,"Efavirenz 600mg, tablets, 30 Tabs",Efavirenz,Generic,600mg,Tablet,30,50000,600500.0,12.01,0.4,Mylan (formerly Matrix) Nashik,True,3842.0,15281.81,960.8
1377,11022,104-CI-T01,Pre-PQ Process,SO-11850,DN-988,Côte d'Ivoire,PMO - US,From RDC,N/A - From RDC,Air,2007-12-01,2008-06-01,2008-12-01,2008-12-01,2008-12-01,ARV,Adult,SCMS from RDC,"Lamivudine/Zidovudine 150/300mg, tablets, 60 Tabs",Lamivudine/Zidovudine,Generic,150/300mg,Tablet - FDC,60,32256,301593.6,9.35,0.16,"Aurobindo Unit III, India",True,5589.0,22758.49,591.12
1378,11023,151-NG-T01,Pre-PQ Process,SO-21780,DN-1129,Nigeria,PMO - US,From RDC,N/A - From RDC,Air,2008-03-24,2008-09-24,2009-03-24,2009-03-24,2009-03-24,ARV,Adult,SCMS from RDC,"Emtricitabine/Tenofovir Disoproxil Fumarate 200/300mg [Truvada], tablets, 30 Tabs",Emtricitabine/Tenofovir Disoproxil Fumarate,Truvada,300/200mg,Tablet - FDC,30,2871,75363.75,26.25,0.88,"Aspen-OSD, Port Elizabeth, SA",True,249.0,6443.61,147.71
1379,11024,151-NG-T01,Pre-PQ Process,SO-21803,DN-1137,Nigeria,PMO - US,From RDC,N/A - From RDC,Air Charter,2008-03-19,2008-09-19,2009-03-19,2009-03-19,2009-03-19,ARV,Adult,SCMS from RDC,"Lamivudine/Nevirapine/Zidovudine 150/200/300mg, tablets, 60 Tabs",Lamivudine/Nevirapine/Zidovudine,Generic,150/300/200mg,Tablet - FDC,60,5426,61856.4,11.4,0.19,"Aurobindo Unit III, India",True,610.0,0.0,121.24
1380,11025,151-NG-T01,Pre-PQ Process,SO-21805,DN-1139,Nigeria,PMO - US,From RDC,N/A - From RDC,Air Charter,2008-03-19,2008-09-19,2009-03-19,2009-03-19,2009-03-19,ARV,Adult,SCMS from RDC,"Lamivudine/Nevirapine/Zidovudine 150/200/300mg, tablets, 60 Tabs",Lamivudine/Nevirapine/Zidovudine,Generic,150/300/200mg,Tablet - FDC,60,49385,562989.0,11.4,0.19,"Aurobindo Unit III, India",True,5553.0,11492.86,1103.46
1381,11026,104-CI-T01,Pre-PQ Process,SO-21851,DN-1128,Côte d'Ivoire,PMO - US,From RDC,N/A - From RDC,Air,2008-04-28,2008-10-28,2009-04-28,2009-04-28,2009-04-28,ARV,Adult,SCMS from RDC,"Lopinavir/Ritonavir 200/50mg [Aluvia], tablets, 120 Tabs",Lopinavir/Ritonavir,Aluvia,200/50mg,Tablet,120,12480,512928.0,41.1,0.34,ABBVIE Ludwigshafen Germany,True,2803.0,8669.38,1005.34
1382,11027,104-CI-T01,Pre-PQ Process,SO-1409,DN-1159,Côte d'Ivoire,PMO - US,From RDC,N/A - From RDC,Air,2008-03-20,2008-09-20,2009-03-20,2009-03-20,2009-03-20,ARV,Adult,SCMS from RDC,"Ritonavir 100mg [Norvir], capsules, cool, 4 x 84 Caps",Ritonavir,Norvir,100mg,Capsule,336,4660,31361.8,6.73,0.02,ABBVIE (Abbott) France,True,668.5,4063.81,61.47
1383,11028,106-HT-T01,Pre-PQ Process,SO-2603,DN-866,Haiti,PMO - US,From RDC,N/A - From RDC,Air,2007-08-11,2008-02-11,2008-08-11,2008-08-11,2008-08-11,ARV,Pediatric,SCMS from RDC,"Efavirenz 200mg, capsule, 90 Caps",Efavirenz,Generic,200mg,Capsule,90,210,3360.0,16.0,0.18,"Aurobindo Unit III, India",True,26.0,997.46,5.38
1384,11030,104-CI-T01,Pre-PQ Process,SO-970,DN-1163,Côte d'Ivoire,PMO - US,From RDC,N/A - From RDC,Air,2008-03-23,2008-09-23,2009-03-23,2009-03-23,2009-03-23,ARV,Pediatric,SCMS from RDC,"Lopinavir/Ritonavir 80/20mg/ml [Kaletra], oral solution, cool, Bottle 5 x 60 ml",Lopinavir/Ritonavir,Kaletra,80/20mg/ml,Oral solution,300,365,15001.5,41.1,0.14,ABBVIE (Abbott) Logis. UK,True,668.5,4063.81,29.4
1385,11031,113-ZW-T01,Pre-PQ Process,SO-18110,DN-1168,Zimbabwe,PMO - US,From RDC,N/A - From RDC,Truck,2008-04-27,2008-10-27,2009-04-27,2009-04-27,2009-04-27,ARV,Adult,SCMS from RDC,"Efavirenz 600mg, tablets, 30 Tabs",Efavirenz,Generic,600mg,Tablet,30,4000,48040.0,12.01,0.4,"Aurobindo Unit III, India",True,8523.0,35673.58,94.16
1386,11032,107-RW-T01,Pre-PQ Process,SO-27300,DN-1169,Rwanda,PMO - US,From RDC,N/A - From RDC,Air,2008-04-27,2008-10-27,2009-04-27,2009-04-27,2009-04-27,ARV,Adult,SCMS from RDC,"Nevirapine 200mg, tablets, 60 Tabs",Nevirapine,Generic,200mg,Tablet,60,7350,22050.0,3.0,0.05,Hetero Unit III Hyderabad IN,True,404.0,3366.98,43.22
1387,11033,109-TZ-T01,Pre-PQ Process,SO-18740,DN-1180,Tanzania,PMO - US,From RDC,N/A - From RDC,Truck,2008-05-11,2008-11-11,2009-05-11,2009-05-11,2009-05-11,ARV,Adult,SCMS from RDC,"Emtricitabine/Tenofovir Disoproxil Fumarate 200/300mg [Truvada], tablets, 30 Tabs",Emtricitabine/Tenofovir Disoproxil Fumarate,Truvada,300/200mg,Tablet - FDC,30,37440,982800.0,26.25,0.88,"Aspen-OSD, Port Elizabeth, SA",True,5712.0,5873.0,1926.29
1388,11037,102-KE-T01,Pre-PQ Process,SO-18001,DN-1189,Kenya,PMO - US,From RDC,N/A - From RDC,Truck,2008-04-27,2008-10-27,2009-04-27,2009-04-27,2009-04-27,HRDT,HIV test,SCMS from RDC,"HIV 1/2, Determine Complete HIV Kit, 100 Tests","HIV 1/2, Determine Complete HIV Kit",Determine,no_dosage,Test kit,100,15000,1200000.0,80.0,0.8,Inverness Japan,False,4956.0,225.96,2352.0
1389,11039,151-NG-T01,Pre-PQ Process,SO-22524,DN-1199,Nigeria,PMO - US,From RDC,N/A - From RDC,Air Charter,2008-05-08,2008-11-08,2009-05-08,2009-05-08,2009-05-08,ARV,Adult,SCMS from RDC,"Lamivudine/Nevirapine/Zidovudine 150/200/300mg, tablets, 60 Tabs",Lamivudine/Nevirapine/Zidovudine,Generic,150/300/200mg,Tablet - FDC,60,69491,792197.4,11.4,0.19,"Aurobindo Unit III, India",True,7798.0,15128.37,1552.71
1390,11040,105-GY-T01,Pre-PQ Process,SO-25160,DN-1213,Guyana,PMO - US,From RDC,N/A - From RDC,Air,2008-05-12,2008-11-12,2009-05-12,2009-05-12,2009-05-12,ARV,Adult,SCMS from RDC,"Zidovudine 300mg, tablets, 60 Tabs",Zidovudine,Generic,300mg,Tablet,60,489,3770.19,7.71,0.13,"Aurobindo Unit III, India",True,28.0,1047.24,7.39
1391,11041,114-UG-T01,Pre-PQ Process,SO-26150,DN-1223,Uganda,PMO - US,From RDC,N/A - From RDC,Air,2008-06-01,2008-12-01,2009-06-01,2009-06-01,2009-06-01,ARV,Adult,SCMS from RDC,"Emtricitabine/Tenofovir Disoproxil Fumarate 200/300mg [Truvada], tablets, 30 Tabs",Emtricitabine/Tenofovir Disoproxil Fumarate,Truvada,300/200mg,Tablet - FDC,30,260,6825.0,26.25,0.88,"Aspen-OSD, Port Elizabeth, SA",True,28.0,1180.71,13.38
1392,11042,114-UG-T01,Pre-PQ Process,SO-26151,DN-1224,Uganda,PMO - US,From RDC,N/A - From RDC,Air,2008-05-22,2008-11-22,2009-05-22,2009-05-22,2009-05-22,ARV,Adult,SCMS from RDC,"Lamivudine 150mg, tablets, 60 Tabs",Lamivudine,Generic,150mg,Tablet,60,90,219.6,2.44,0.04,"Aurobindo Unit III, India",True,5.0,537.32,0.43
1393,11043,114-UG-T01,Pre-PQ Process,SO-30060,DN-1227,Uganda,PMO - US,From RDC,N/A - From RDC,Air,2008-06-01,2008-12-01,2009-06-01,2009-06-01,2009-06-01,ARV,Adult,SCMS from RDC,"Lopinavir/Ritonavir 200/50mg [Aluvia], tablets, 120 Tabs",Lopinavir/Ritonavir,Aluvia,200/50mg,Tablet,120,100,4110.0,41.1,0.34,ABBVIE Ludwigshafen Germany,True,23.0,1152.63,8.06
1394,11044,111-MZ-T01,Pre-PQ Process,SO-30440,DN-1231,Mozambique,PMO - US,From RDC,N/A - From RDC,Truck,2008-06-28,2008-12-28,2009-06-28,2009-06-28,2009-06-28,ARV,Adult,SCMS from RDC,"Lamivudine 150mg, tablets, 60 Tabs",Lamivudine,Generic,150mg,Tablet,60,2106,5138.64,2.44,0.04,"Aurobindo Unit III, India",True,3545.0,3599.76,10.07
1395,11045,100-GH-T01,Pre-PQ Process,SO-30700,DN-1235,Ghana,PMO - US,From RDC,N/A - From RDC,Truck,2008-08-12,2009-02-12,2009-08-12,2009-08-12,2009-08-12,ARV,Adult,SCMS from RDC,"Stavudine 15mg, capsules, 60 Caps",Stavudine,Generic,15mg,Capsule,60,150,1.5,0.01,0.0,"Aurobindo Unit III, India",False,53.5,3975.7,0.0
1396,11046,100-SZ-T01,Pre-PQ Process,SO-30790,DN-1238,Swaziland,PMO - US,From RDC,N/A - From RDC,Air,2008-05-21,2008-11-21,2009-05-21,2009-05-21,2009-05-21,ARV,Adult,SCMS from RDC,"Tenofovir Disoproxil Fumarate 300mg, tablets, 30 Tabs",Tenofovir Disoproxil Fumarate,Generic,300mg,Tablet,30,1250,11250.0,9.0,0.3,Mylan (formerly Matrix) Nashik,True,1787.0,12798.04,22.05
1397,11047,110-ZM-T01,Pre-PQ Process,SO-17620,DN-1239,Zambia,PMO - US,From RDC,N/A - From RDC,Truck,2008-06-08,2008-12-08,2009-06-08,2009-06-08,2009-06-08,ARV,Adult,SCMS from RDC,"Efavirenz 600mg, tablets, 30 Tabs",Efavirenz,Generic,600mg,Tablet,30,100000,1100000.0,11.0,0.37,Hetero Unit III Hyderabad IN,True,7735.0,15922.67,2156.0
1398,11048,112-NG-T01,Pre-PQ Process,SO-21050,DN-1244,Nigeria,PMO - US,From RDC,N/A - From RDC,Air Charter,2008-06-16,2008-12-16,2009-06-16,2009-06-16,2009-06-16,ARV,Adult,SCMS from RDC,"Lamivudine/Nevirapine/Stavudine 150/200/30mg, tablets, 60 Tabs",Lamivudine/Nevirapine/Stavudine,Generic,150/200/30mg,Tablet - FDC,60,5512,39245.44,7.12,0.12,"Cipla, Goa, India",True,1165.0,7329.83,76.92
1399,11051,153-NG-T01,Pre-PQ Process,SO-31171,DN-1260,Nigeria,PMO - US,From RDC,N/A - From RDC,Air,2008-06-05,2008-12-05,2009-06-05,2009-06-05,2009-06-05,ARV,Adult,SCMS from RDC,"Lamivudine/Zidovudine 150/300mg, tablets, 60 Tabs",Lamivudine/Zidovudine,Generic,150/300mg,Tablet - FDC,60,264,2312.64,8.76,0.15,Mylan (formerly Matrix) Nashik,True,27.0,1012.18,4.53
1400,11052,114-UG-T01,Pre-PQ Process,SO-31140,DN-1262,Uganda,PMO - US,From RDC,N/A - From RDC,Air,2008-06-01,2008-12-01,2009-06-01,2009-06-01,2009-06-01,ARV,Adult,SCMS from RDC,"Zidovudine 300mg, tablets, 60 Tabs",Zidovudine,Generic,300mg,Tablet,60,105,809.55,7.71,0.13,"Aurobindo Unit III, India",True,6.0,1053.86,1.59
1401,11053,123-NG-T01,Pre-PQ Process,SO-24482,DN-1263,Nigeria,PMO - US,From RDC,N/A - From RDC,Air Charter,2008-06-16,2008-12-16,2009-06-16,2009-06-16,2009-06-16,ARV,Adult,SCMS from RDC,"Lamivudine/Nevirapine/Stavudine 150/200/30mg, tablets, 60 Tabs",Lamivudine/Nevirapine/Stavudine,Generic,150/200/30mg,Tablet - FDC,60,21765,154966.8,7.12,0.12,"Strides, Bangalore, India.",True,1984.0,7329.83,303.73
1402,11055,114-UG-T01,Pre-PQ Process,SO-31360,DN-1287,Uganda,PMO - US,From RDC,N/A - From RDC,Air,2008-06-22,2008-12-22,2009-06-22,2009-06-22,2009-06-22,ARV,Adult,SCMS from RDC,"Lamivudine/Nevirapine/Zidovudine 150/200/300mg, tablets, 60 Tabs",Lamivudine/Nevirapine/Zidovudine,Generic,150/300/200mg,Tablet - FDC,60,11216,127301.6,11.35,0.19,"Aurobindo Unit III, India",True,1894.0,13293.41,249.51
1403,11056,151-NG-T01,Pre-PQ Process,SO-30023,DN-1292,Nigeria,PMO - US,From RDC,N/A - From RDC,Air Charter,2008-06-16,2008-12-16,2009-06-16,2009-06-16,2009-06-16,ARV,Adult,SCMS from RDC,"Lamivudine/Nevirapine/Zidovudine 150/200/300mg, tablets, 60 Tabs",Lamivudine/Nevirapine/Zidovudine,Generic,150/300/200mg,Tablet - FDC,60,3994,45531.6,11.4,0.19,"Aurobindo Unit III, India",True,452.0,7329.83,89.24
1404,11057,123-NG-T01,Pre-PQ Process,SO-24481,DN-1296,Nigeria,PMO - US,From RDC,N/A - From RDC,Air Charter,2008-06-16,2008-12-16,2009-06-16,2009-06-16,2009-06-16,ARV,Pediatric,SCMS from RDC,"Efavirenz 200mg, capsule, 90 Caps",Efavirenz,Generic,200mg,Capsule,90,3000,45780.0,15.26,0.17,"Aurobindo Unit III, India",False,342.0,12601.07,89.73
1405,11058,105-GY-T01,Pre-PQ Process,SO-25161,DN-1302,Guyana,PMO - US,From RDC,N/A - From RDC,Air,2008-06-18,2008-12-18,2009-06-18,2009-06-18,2009-06-18,ARV,Adult,SCMS from RDC,"Zidovudine 300mg, tablets, 60 Tabs",Zidovudine,Generic,300mg,Tablet,60,810,6245.1,7.71,0.13,"Aurobindo Unit III, India",True,47.0,1000.51,12.24
1406,11060,104-CI-T01,Pre-PQ Process,SO-27530,DN-1313,Côte d'Ivoire,PMO - US,From RDC,N/A - From RDC,Air,2008-08-19,2009-02-19,2009-08-19,2009-08-19,2009-08-19,ARV,Adult,SCMS from RDC,"Lamivudine/Stavudine 150/30mg, tablets, 60 Tabs",Lamivudine/Stavudine,Generic,150/30mg,Tablet - FDC,60,10480,39824.0,3.8,0.06,"Cipla, Goa, India",True,786.0,11032.42,78.06
1407,11061,110-ZM-T01,Pre-PQ Process,SO-30311,DN-1319,Zambia,PMO - US,From RDC,N/A - From RDC,Truck,2008-09-04,2009-03-04,2009-09-04,2009-09-04,2009-09-04,ARV,Adult,SCMS from RDC,"Efavirenz 600mg, tablets, 30 Tabs",Efavirenz,Generic,600mg,Tablet,30,37059,407649.0,11.0,0.37,Hetero Unit III Hyderabad IN,True,2876.0,4506.18,798.99
1408,11062,106-HT-T01,Pre-PQ Process,SO-32760,DN-1373,Haiti,PMO - US,From RDC,N/A - From RDC,Air,2008-07-31,2009-01-31,2009-07-31,2009-07-31,2009-07-31,ARV,Pediatric,SCMS from RDC,"Efavirenz 50mg, capsule, 30 Caps",Efavirenz,Generic,50mg,Capsule,30,1092,2446.08,2.24,0.07,"Aurobindo Unit III, India",True,1585.0,6811.39,4.79
1409,11063,106-HT-T01,Pre-PQ Process,SO-32760,DN-1373,Haiti,PMO - US,From RDC,N/A - From RDC,Air,2008-07-31,2009-01-31,2009-07-31,2009-07-31,2009-07-31,ARV,Pediatric,SCMS from RDC,"Nevirapine 10mg/ml, oral suspension, Bottle, 240 ml",Nevirapine,Generic,10mg/ml,Oral suspension,240,2304,4423.68,1.92,0.01,"Aurobindo Unit III, India",False,668.5,2946.7200000000003,8.67
1410,11066,104-CI-T01,Pre-PQ Process,SO-32210,DN-1401,Côte d'Ivoire,PMO - US,From RDC,N/A - From RDC,Air,2008-09-08,2009-03-08,2009-09-08,2009-09-08,2009-09-08,ARV,Adult,SCMS from RDC,"Stavudine 20mg, capsules, 60 Caps",Stavudine,Generic,20mg,Capsule,60,2052,3591.0,1.75,0.03,"Aurobindo Unit III, India",False,756.5,4063.81,7.04
1411,11067,114-UG-T01,Pre-PQ Process,SO-32960,DN-1414,Uganda,PMO - US,From RDC,N/A - From RDC,Air,2008-09-14,2009-03-14,2009-09-14,2009-09-14,2009-09-14,ARV,Adult,SCMS from RDC,"Zidovudine 300mg, tablets, 60 Tabs",Zidovudine,Generic,300mg,Tablet,60,192,1445.76,7.53,0.13,"Aurobindo Unit III, India",True,11.0,1112.31,2.83
1412,11068,114-UG-T01,Pre-PQ Process,SO-30150,DN-1426,Uganda,PMO - US,From RDC,N/A - From RDC,Air,2008-10-08,2009-04-08,2009-10-08,2009-10-08,2009-10-08,ARV,Adult,SCMS from RDC,"Efavirenz 600mg, tablets, 30 Tabs",Efavirenz,Generic,600mg,Tablet,30,3740,26441.8,7.07,0.24,"Aurobindo Unit III, India",True,322.0,3054.1,51.83
1413,11069,104-CI-T01,Pre-PQ Process,SO-33240,DN-1424,Côte d'Ivoire,PMO - US,From RDC,N/A - From RDC,Air,2008-09-28,2009-03-28,2009-09-28,2009-09-28,2009-09-28,ARV,Adult,SCMS from RDC,"Nevirapine 200mg, tablets, 60 Tabs",Nevirapine,Generic,200mg,Tablet,60,8732,25322.8,2.9,0.05,Hetero Unit III Hyderabad IN,True,485.0,7302.48,49.63
1414,11070,151-NG-T01,Pre-PQ Process,SO-27824,DN-1443,Nigeria,PMO - US,From RDC,N/A - From RDC,Air Charter,2008-10-20,2009-04-20,2009-10-20,2009-10-20,2009-10-20,ARV,Adult,SCMS from RDC,"Emtricitabine/Tenofovir Disoproxil Fumarate 200/300mg, tablets, 30 Tabs",Emtricitabine/Tenofovir Disoproxil Fumarate,Generic,200/300mg,Tablet - FDC,30,441,5181.75,11.75,0.39,Mylan (formerly Matrix) Nashik,True,36.0,9341.49,10.16
1415,11071,104-CI-T01,Pre-PQ Process,SO-33231,DN-1460,Côte d'Ivoire,PMO - US,From RDC,N/A - From RDC,Air,2008-10-07,2009-04-07,2009-10-07,2009-10-07,2009-10-07,ARV,Adult,SCMS from RDC,"Emtricitabine/Tenofovir Disoproxil Fumarate 200/300mg, tablets, 30 Tabs",Emtricitabine/Tenofovir Disoproxil Fumarate,Generic,200/300mg,Tablet - FDC,30,576,6768.0,11.75,0.39,Mylan (formerly Matrix) Nashik,True,47.0,1234.91,13.27
1416,11072,100-LB-T01,Pre-PQ Process,SO-33890,DN-1486,Lebanon,PMO - US,From RDC,N/A - From RDC,Air,2008-11-18,2009-05-18,2009-11-18,2009-11-18,2009-11-18,ARV,Adult,SCMS from RDC,"Saquinavir 200mg [Invirase], capsules, 270 Caps",Saquinavir,Invirase,200mg,Capsule,270,200,2.0,0.01,0.0,Roche Basel,True,22.0,3790.6549999999997,0.0
1417,11073,100-LB-T01,Pre-PQ Process,SO-33900,DN-1487,Lebanon,PMO - US,From RDC,N/A - From RDC,Air,2008-11-18,2009-05-18,2009-11-18,2009-11-18,2009-11-18,ARV,Adult,SCMS from RDC,"Abacavir 300mg, tablets, 60 Tabs",Abacavir,Generic,300mg,Tablet,60,100,1.0,0.01,0.0,Mylan (formerly Matrix) Nashik,True,36.0,3790.6549999999997,0.0
1418,11074,100-LB-T01,Pre-PQ Process,SO-33910,DN-1488,Lebanon,PMO - US,From RDC,N/A - From RDC,Air,2008-11-24,2009-05-24,2009-11-24,2009-11-24,2009-11-24,ARV,Adult,SCMS from RDC,"Lamivudine/Zidovudine 150/300mg, tablets, 60 Tabs",Lamivudine/Zidovudine,Generic,150/300mg,Tablet - FDC,60,42,0.42,0.01,0.0,"Aurobindo Unit III, India",True,123.0,3790.6549999999997,0.0
1419,11075,110-ZM-T01,Pre-PQ Process,SO-29031,DN-1498,Zambia,PMO - US,From RDC,N/A - From RDC,Truck,2008-10-29,2009-04-29,2009-10-29,2009-10-29,2009-10-29,ARV,Adult,SCMS from RDC,"Efavirenz 600mg, tablets, 30 Tabs",Efavirenz,Generic,600mg,Tablet,30,34036,196728.08,5.78,0.19,"Aurobindo Unit III, India",True,2901.0,4897.42,424.15
1420,11076,111-MZ-T01,Pre-PQ Process,SO-32571,DN-1532,Mozambique,PMO - US,From RDC,N/A - From RDC,Air,2008-12-11,2009-06-11,2009-12-11,2009-12-11,2009-12-11,ARV,Adult,SCMS from RDC,"Lamivudine/Stavudine 150/30mg, tablets, 60 Tabs",Lamivudine/Stavudine,Generic,150/30mg,Tablet - FDC,60,2510,9789.0,3.9,0.06,"Cipla, Goa, India",True,190.0,1317.4,21.11
1421,11077,151-NG-T30,Pre-PQ Process,SO-35150,DN-1594,Nigeria,PMO - US,From RDC,N/A - From RDC,Air Charter,2008-12-18,2009-06-18,2009-12-18,2009-12-18,2009-12-18,ARV,Adult,SCMS from RDC,"Lamivudine/Nevirapine/Zidovudine 150/200/300mg, tablets, 60 Tabs",Lamivudine/Nevirapine/Zidovudine,Generic,150/300/200mg,Tablet - FDC,60,3,34.2,11.4,0.19,"Aurobindo Unit III, India",True,1.0,0.0,0.07
1422,11078,111-MZ-T01,Pre-PQ Process,SO-33430,DN-1529,Mozambique,PMO - US,From RDC,N/A - From RDC,Air,2009-02-23,2009-08-23,2010-02-23,2010-02-23,2010-02-23,ARV,Adult,SCMS from RDC,"Nevirapine 200mg, tablets, 60 Tabs",Nevirapine,Generic,200mg,Tablet,60,1788,5721.6,3.2,0.05,"Cipla, Goa, India",True,205.0,1380.45,12.34
1423,11079,151-NG-T30,Pre-PQ Process,SO-35330,DN-1615,Nigeria,PMO - US,From RDC,N/A - From RDC,Air,2009-02-19,2009-08-19,2010-02-19,2010-01-22,2010-01-22,ARV,Adult,SCMS from RDC,"Emtricitabine/Tenofovir Disoproxil Fumarate 200/300mg, tablets, 30 Tabs",Emtricitabine/Tenofovir Disoproxil Fumarate,Generic,200/300mg,Tablet - FDC,30,5,58.75,11.75,0.39,Mylan (formerly Matrix) Nashik,True,1.0,19480.97,0.13
1424,11086,100-CI-T01,Pre-PQ Process,SO-283,DN-16,Côte d'Ivoire,PMO - US,From RDC,N/A - From RDC,Air,2006-02-22,2006-08-22,2007-02-22,2007-02-22,2007-02-22,ARV,Adult,SCMS from RDC,"Efavirenz 600mg, tablets, 30 Tabs",Efavirenz,Generic,600mg,Tablet,30,4350,70687.5,16.25,0.54,"Aurobindo Unit III, India",False,668.5,4063.81,0.0
1425,11088,100-CI-T01,Pre-PQ Process,SO-283,DN-26,Côte d'Ivoire,PMO - US,From RDC,N/A - From RDC,Air,2006-02-22,2006-08-22,2007-02-22,2007-03-08,2007-03-08,ARV,Adult,SCMS from RDC,"Efavirenz 600mg, tablets, 30 Tabs",Efavirenz,Generic,600mg,Tablet,30,3024,49140.0,16.25,0.54,"Aurobindo Unit III, India",True,275.0,1448.0,0.0
1426,11089,111-MZ-T01,Pre-PQ Process,SO-324,DN-17,Mozambique,PMO - US,From RDC,N/A - From RDC,Air,2006-01-09,2006-07-09,2007-01-09,2007-01-09,2007-01-09,ARV,Adult,SCMS from RDC,"Lamivudine/Zidovudine+Abacavir 150/300+300mg, tablets, co-blister, 60+60 Tabs",Lamivudine/Zidovudine+Abacavir,Generic,150/300+300mg,Tablet - FDC + co-blister,120,1217,69429.85,57.05,0.48,"Aurobindo Unit III, India",False,124.0,3247.5699999999997,0.0
1427,11090,111-MZ-T01,Pre-PQ Process,SO-324,DN-17,Mozambique,PMO - US,From RDC,N/A - From RDC,Air,2006-01-09,2006-07-09,2007-01-09,2007-01-09,2007-01-09,ARV,Adult,SCMS from RDC,"Lamivudine/Zidovudine 150/300mg, tablets, 60 Tabs",Lamivudine/Zidovudine,Generic,150/300mg,Tablet - FDC,60,6156,68577.84,11.14,0.19,"Aurobindo Unit III, India",False,1044.0,3247.5699999999997,0.0
1428,11091,100-CI-T01,Pre-PQ Process,SO-373,DN-30,Côte d'Ivoire,PMO - US,From RDC,N/A - From RDC,Air,2006-03-15,2006-09-15,2007-03-15,2007-03-15,2007-03-15,ARV,Adult,SCMS from RDC,"Tenofovir Disoproxil Fumarate 300mg [Viread], tablets, 30 Tabs",Tenofovir Disoproxil Fumarate,Viread,300mg,Tablet,30,528,8976.0,17.0,0.57,Gilead(Nycomed) Oranienburg DE,True,368.0,1619.0,0.0
1429,11092,100-CI-T01,Pre-PQ Process,SO-373,DN-30,Côte d'Ivoire,PMO - US,From RDC,N/A - From RDC,Air,2006-03-15,2006-09-15,2007-03-15,2007-03-15,2007-03-15,ARV,Adult,SCMS from RDC,"Saquinavir 200mg [Invirase], capsules, 270 Caps",Saquinavir,Invirase,200mg,Capsule,270,482,37596.0,78.0,0.29,Roche Basel,False,50.0,4063.81,0.0
1430,11095,107-RW-T01,Pre-PQ Process,SO-239,DN-70,Rwanda,PMO - US,From RDC,N/A - From RDC,Air,2006-04-10,2006-10-10,2007-04-10,2007-04-10,2007-04-10,HRDT,HIV test,SCMS from RDC,"HIV 1/2, Capillus HIV Kit, 100 Tests","HIV 1/2, Capillus HIV Kit",Capillus,no_dosage,Test kit,100,60,8340.0,139.0,1.39,"Trinity Biotech, Plc",True,353.0,3684.6,0.0
1431,11096,100-BW-T01,Pre-PQ Process,SO-425,DN-91,Botswana,PMO - US,From RDC,N/A - From RDC,Air,2006-04-27,2006-10-27,2007-04-27,2007-04-27,2007-04-27,HRDT,HIV test,SCMS from RDC,"HIV 1/2, Determine Complete HIV Kit, 100 Tests","HIV 1/2, Determine Complete HIV Kit",Determine,no_dosage,Test kit,100,100,8000.0,80.0,0.8,ABBVIE GmbH & Co.KG Wiesbaden,True,32.0,695.23,0.0
1432,11097,112-NG-T01,Pre-PQ Process,SO-340,DN-72,Nigeria,PMO - US,From RDC,N/A - From RDC,Air Charter,2006-04-17,2006-10-17,2007-04-17,2007-04-17,2007-04-17,ARV,Adult,SCMS from RDC,"Stavudine 30mg, capsules, 60 Caps",Stavudine,Generic,30mg,Capsule,60,1260,2016.0,1.6,0.03,"Aurobindo Unit III, India",True,988.0,4251.0,0.0
1433,11099,113-ZW-T01,Pre-PQ Process,SO-337,DN-115,Zimbabwe,PMO - US,From RDC,N/A - From RDC,Truck,2006-04-26,2006-10-26,2007-04-26,2007-04-26,2007-04-26,ARV,Adult,SCMS from RDC,"Lopinavir/Ritonavir 200/50mg [Aluvia], tablets, 120 Tabs",Lopinavir/Ritonavir,Aluvia,200/50mg,Tablet,120,400,16440.0,41.1,0.34,ABBVIE Ludwigshafen Germany,True,87.0,907.41,0.0
1434,11100,110-ZM-T01,Pre-PQ Process,SO-310,DN-122,Zambia,PMO - US,From RDC,N/A - From RDC,Truck,2006-05-04,2006-11-04,2007-05-04,2007-05-04,2007-05-04,ARV,Adult,SCMS from RDC,"Abacavir 300mg, tablets, 60 Tabs",Abacavir,Generic,300mg,Tablet,60,1000,35800.0,35.8,0.6,"Aurobindo Unit III, India",True,4436.0,18375.7,0.0
1435,11101,110-ZM-T01,Pre-PQ Process,SO-310,DN-122,Zambia,PMO - US,From RDC,N/A - From RDC,Truck,2006-05-04,2006-11-04,2007-05-04,2007-05-04,2007-05-04,ARV,Adult,SCMS from RDC,"Efavirenz 600mg, tablets, 30 Tabs",Efavirenz,Generic,600mg,Tablet,30,50112,814821.12,16.26,0.54,"Aurobindo Unit III, India",False,668.5,6476.695,0.0
1436,11102,100-CI-T01,Pre-PQ Process,SO-392,DN-53,Côte d'Ivoire,PMO - US,From RDC,N/A - From RDC,Air,2006-05-04,2006-11-04,2007-05-04,2007-05-04,2007-05-04,ARV,Adult,SCMS from RDC,"Efavirenz 600mg, tablets, 30 Tabs",Efavirenz,Generic,600mg,Tablet,30,10000,162500.0,16.25,0.54,"Aurobindo Unit III, India",True,901.0,3006.0,0.0
1437,11105,112-NG-T01,Pre-PQ Process,SO-329,DN-132,Nigeria,PMO - US,From RDC,N/A - From RDC,Air Charter,2006-05-23,2006-11-23,2007-05-23,2007-05-23,2007-05-23,ARV,Adult,SCMS from RDC,"Lamivudine/Zidovudine+Nevirapine 150/300+200mg, tablets, co-blister, 60+60 Tabs",Lamivudine/Zidovudine+Nevirapine,Generic,150/300+200mg,Tablet - FDC + co-blister,120,5709,117034.5,20.5,0.17,"Aspen-OSD, Port Elizabeth, SA",True,1238.0,6433.28,0.0
1438,11107,111-MZ-T01,Pre-PQ Process,SO-545,DN-137,Mozambique,PMO - US,From RDC,N/A - From RDC,Air,2006-06-01,2006-12-01,2007-06-01,2007-06-01,2007-06-01,ARV,Adult,SCMS from RDC,"Efavirenz 600mg, tablets, 30 Tabs",Efavirenz,Generic,600mg,Tablet,30,25003,418800.25,16.75,0.56,"Aurobindo Unit III, India",True,2177.0,2912.01,0.0
1439,11109,111-MZ-T01,Pre-PQ Process,SO-293,DN-44,Mozambique,PMO - US,From RDC,N/A - From RDC,Air,2006-04-17,2006-10-17,2007-04-17,2007-04-17,2007-04-17,ARV,Pediatric,SCMS from RDC,"Abacavir 20mg/ml, oral solution, Bottle, 240 ml",Abacavir,Generic,20mg/ml,Oral solution,240,460,9683.0,21.05,0.09,"Aurobindo Unit III, India",False,668.5,3247.5699999999997,0.0
1440,11112,100-BW-T01,Pre-PQ Process,SO-426,DN-84,Botswana,PMO - US,From RDC,N/A - From RDC,Air,2006-04-27,2006-10-27,2007-04-27,2007-04-27,2007-04-27,HRDT,HIV test,SCMS from RDC,"HIV 1/2, OraQuick Advance HIV Rapid Antibody Kit, 100 Tests","HIV 1/2, OraQuick Advance HIV Rapid Antibody Kit",OraQuick,no_dosage,Test kit,100,30,12000.0,400.0,4.0,"Pacific Biotech, Thailand",True,72.0,947.05,0.0
1441,11113,100-CI-T01,Pre-PQ Process,SO-394,DN-61,Côte d'Ivoire,PMO - US,From RDC,N/A - From RDC,Air,2006-05-04,2006-11-04,2007-05-04,2007-05-04,2007-05-04,ARV,Adult,SCMS from RDC,"Lamivudine/Zidovudine 150/300mg, tablets, 60 Tabs",Lamivudine/Zidovudine,Generic,150/300mg,Tablet - FDC,60,10000,102500.0,10.25,0.17,"Aurobindo Unit III, India",True,980.0,3179.0,0.0
1442,11114,110-ZM-T01,Pre-PQ Process,SO-211,DN-104,Zambia,PMO - US,From RDC,N/A - From RDC,Truck,2006-05-03,2006-11-03,2007-05-03,2007-05-03,2007-05-03,ARV,Adult,SCMS from RDC,"Lamivudine/Zidovudine 150/300mg, tablets, 60 Tabs",Lamivudine/Zidovudine,Generic,150/300mg,Tablet - FDC,60,50549,518127.25,10.25,0.17,"Aurobindo Unit III, India",True,4680.0,19288.91,0.0
1443,11115,111-MZ-T01,Pre-PQ Process,SO-500,DN-152,Mozambique,PMO - US,From RDC,N/A - From RDC,Air,2006-06-08,2006-12-08,2007-06-08,2007-06-08,2007-06-08,ARV,Adult,SCMS from RDC,"Abacavir 300mg, tablets, 60 Tabs",Abacavir,Generic,300mg,Tablet,60,4444,159095.2,35.8,0.6,"Aurobindo Unit III, India",True,633.0,0.0,0.0
1444,11117,104-CI-T01,Pre-PQ Process,SO-586,DN-194,Côte d'Ivoire,PMO - US,From RDC,N/A - From RDC,Air,2006-06-28,2006-12-28,2007-06-28,2007-06-28,2007-06-28,ARV,Adult,SCMS from RDC,"Lopinavir/Ritonavir 200/50mg [Aluvia], tablets, 120 Tabs",Lopinavir/Ritonavir,Aluvia,200/50mg,Tablet,120,4000,164400.0,41.1,0.34,ABBVIE Ludwigshafen Germany,True,1015.0,3256.0,263.04
1445,11118,104-CI-T01,Pre-PQ Process,SO-586,DN-194,Côte d'Ivoire,PMO - US,From RDC,N/A - From RDC,Air,2006-06-28,2006-12-28,2007-06-28,2007-06-28,2007-06-28,ARV,Adult,SCMS from RDC,"Abacavir 300mg, tablets, 60 Tabs",Abacavir,Generic,300mg,Tablet,60,2000,71600.0,35.8,0.6,"Aurobindo Unit III, India",False,274.0,4063.81,114.56
1446,11119,104-CI-T01,Pre-PQ Process,SO-625,DN-166,Côte d'Ivoire,PMO - US,From RDC,N/A - From RDC,Air,2006-06-21,2006-12-21,2007-06-21,2007-06-21,2007-06-21,ARV,Adult,SCMS from RDC,"Indinavir 400mg [Crixivan], capsules, 180 Caps",Indinavir,Crixivan,400mg,Capsule,180,4402,220100.0,50.0,0.28,MSD Elkton USA,True,994.0,3501.0,0.0
1447,11122,104-CI-T01,Pre-PQ Process,SO-687,DN-206,Côte d'Ivoire,PMO - US,From RDC,N/A - From RDC,Air,2006-07-10,2007-01-10,2007-07-10,2007-07-10,2007-07-10,ARV,Pediatric,SCMS from RDC,"Efavirenz 50mg, capsule, 30 Caps",Efavirenz,Generic,50mg,Capsule,30,4515,10113.6,2.24,0.07,"Aurobindo Unit III, India",True,259.0,1574.0,16.18
1448,11128,110-ZM-T01,Pre-PQ Process,SO-209,DN-205,Zambia,PMO - US,From RDC,N/A - From RDC,Truck,2006-06-20,2006-12-20,2007-06-20,2007-06-20,2007-06-20,ARV,Adult,SCMS from RDC,"Lamivudine/Zidovudine 150/300mg, tablets, 60 Tabs",Lamivudine/Zidovudine,Generic,150/300mg,Tablet - FDC,60,66370,680292.5,10.25,0.17,"Aurobindo Unit III, India",True,6243.0,25729.7,1088.47
1449,11130,104-CI-T01,Pre-PQ Process,SO-560,DN-146,Côte d'Ivoire,PMO - US,From RDC,N/A - From RDC,Air,2006-05-16,2006-11-16,2007-05-16,2007-05-16,2007-05-16,ARV,Adult,SCMS from RDC,"Abacavir 300mg, tablets, 60 Tabs",Abacavir,Generic,300mg,Tablet,60,1200,42960.0,35.8,0.6,"Aurobindo Unit III, India",False,128.0,4063.81,0.0
1450,11133,112-NG-T01,Pre-PQ Process,SO-663,DN-190,Nigeria,PMO - US,From RDC,N/A - From RDC,Air Charter,2006-06-26,2006-12-26,2007-06-26,2007-06-26,2007-06-26,ARV,Adult,SCMS from RDC,"Stavudine 30mg, capsules, 60 Caps",Stavudine,Generic,30mg,Capsule,60,700,1064.0,1.52,0.03,"Strides, Bangalore, India.",False,548.0,12601.07,1.7
1451,11135,111-MZ-T01,Pre-PQ Process,SO-580,DN-208,Mozambique,PMO - US,From RDC,N/A - From RDC,Air,2006-07-12,2007-01-12,2007-07-12,2007-07-12,2007-07-12,ARV,Pediatric,SCMS from RDC,"Abacavir 20mg/ml, oral solution, Bottle, 240 ml",Abacavir,Generic,20mg/ml,Oral solution,240,397,8356.85,21.05,0.09,"Aurobindo Unit III, India",True,141.0,411.07,13.37
1452,11136,112-NG-T01,Pre-PQ Process,SO-563,DN-209,Nigeria,PMO - US,From RDC,N/A - From RDC,Air Charter,2006-07-03,2007-01-03,2007-07-03,2007-07-03,2007-07-03,ARV,Adult,SCMS from RDC,"Lamivudine/Nevirapine/Stavudine 150/200/30mg, tablets, 60 Tabs",Lamivudine/Nevirapine/Stavudine,Generic,150/200/30mg,Tablet - FDC,60,1319,9892.5,7.5,0.12,"Cipla, Goa, India",True,1656.0,8331.36,15.83
1453,11137,112-NG-T01,Pre-PQ Process,SO-563,DN-209,Nigeria,PMO - US,From RDC,N/A - From RDC,Air Charter,2006-07-03,2007-01-03,2007-07-03,2007-07-03,2007-07-03,ARV,Adult,SCMS from RDC,"Lamivudine/Nevirapine/Stavudine 150/200/40mg, tablets, 60 Tabs",Lamivudine/Nevirapine/Stavudine,Generic,150/200/40mg,Tablet - FDC,60,1018,7838.6,7.7,0.13,"Cipla, Goa, India",False,668.5,12601.07,12.54
1454,11138,109-TZ-T01,Pre-PQ Process,SO-441,DN-246,Tanzania,PMO - US,From RDC,N/A - From RDC,Air,2006-08-13,2007-02-13,2007-08-13,2007-08-13,2007-08-13,ARV,Adult,SCMS from RDC,"Lopinavir/Ritonavir 200/50mg [Aluvia], tablets, 120 Tabs",Lopinavir/Ritonavir,Aluvia,200/50mg,Tablet,120,3000,123300.0,41.1,0.34,ABBVIE Ludwigshafen Germany,True,1422.0,4198.0,197.28
1455,11139,109-TZ-T01,Pre-PQ Process,SO-496,DN-247,Tanzania,PMO - US,From RDC,N/A - From RDC,Air,2006-07-30,2007-01-30,2007-07-30,2007-07-30,2007-07-30,ARV,Adult,SCMS from RDC,"Ritonavir 100mg [Norvir], capsules, cool, 4 x 84 Caps",Ritonavir,Norvir,100mg,Capsule,336,157,6022.52,38.36,0.11,ABBVIE (Abbott) Logis. UK,True,547.0,2094.0,9.64
1456,11140,104-CI-T01,Pre-PQ Process,SO-701,DN-271,Côte d'Ivoire,PMO - US,From RDC,N/A - From RDC,Air,2006-08-14,2007-02-14,2007-08-14,2007-08-14,2007-08-14,ARV,Adult,SCMS from RDC,"Lamivudine/Stavudine 150/30mg, tablets, 30 Tabs",Lamivudine/Stavudine,Generic,150/30mg,Tablet - FDC,30,86821,173642.0,2.0,0.07,"Cipla, Goa, India",True,5697.0,14893.0,277.83
1457,11141,104-CI-T01,Pre-PQ Process,SO-817,DN-274,Côte d'Ivoire,PMO - US,From RDC,N/A - From RDC,Air,2006-08-14,2007-02-14,2007-08-14,2007-08-14,2007-08-14,ARV,Adult,SCMS from RDC,"Lamivudine/Nevirapine/Stavudine 150/200/30mg, tablets, 60 Tabs",Lamivudine/Nevirapine/Stavudine,Generic,150/200/30mg,Tablet - FDC,60,32436,243270.0,7.5,0.12,"Cipla, Goa, India",True,3203.0,8258.0,389.23
1458,11142,100-HT-T01,Pre-PQ Process,SO-831,DN-278,Haiti,PMO - US,From RDC,N/A - From RDC,Air,2006-08-07,2007-02-07,2007-08-07,2007-08-07,2007-08-07,HRDT,HIV test,SCMS from RDC,"HIV 1/2, Capillus HIV Kit, 100 Tests","HIV 1/2, Capillus HIV Kit",Capillus,no_dosage,Test kit,100,75,10425.0,139.0,1.39,"Trinity Biotech, Plc",True,50.0,791.84,16.68
1459,11144,111-MZ-T01,Pre-PQ Process,SO-502,DN-282,Mozambique,PMO - US,From RDC,N/A - From RDC,Air,2006-10-10,2007-04-10,2007-10-10,2007-10-10,2007-10-10,ARV,Pediatric,SCMS from RDC,"Efavirenz 200mg, capsule, 90 Caps",Efavirenz,Generic,200mg,Capsule,90,400,6780.0,16.95,0.19,"Aurobindo Unit III, India",True,3340.0,3438.84,10.85
1460,11146,107-RW-T01,Pre-PQ Process,SO-756,DN-238,Rwanda,PMO - US,From RDC,N/A - From RDC,Air,2006-07-16,2007-01-16,2007-07-16,2007-07-16,2007-07-16,HRDT,HIV test,SCMS from RDC,"HIV 1/2, Capillus HIV Kit, 100 Tests","HIV 1/2, Capillus HIV Kit",Capillus,no_dosage,Test kit,100,150,20850.0,139.0,1.39,"Trinity Biotech, Plc",True,130.0,1676.91,33.36
1461,11147,104-CI-T01,Pre-PQ Process,SO-529,DN-250,Côte d'Ivoire,PMO - US,From RDC,N/A - From RDC,Air,2006-07-27,2007-01-27,2007-07-27,2007-07-27,2007-07-27,HRDT,HIV test,SCMS from RDC,"HIV 2, New LAV Blot 2 HIV Kit, 18 Tests","HIV 2, New LAV Blot 2 HIV Kit",LAV,no_dosage,Test kit,18,12,3698.04,308.17,17.12,Bio-Rad Laboratories,True,46.0,1607.0,5.92
1462,11151,104-CI-T01,Pre-PQ Process,SO-922,DN-318,Côte d'Ivoire,PMO - US,From RDC,N/A - From RDC,Air,2006-09-10,2007-03-10,2007-09-10,2007-09-10,2007-09-10,ARV,Adult,SCMS from RDC,"Efavirenz 600mg, tablets, 30 Tabs",Efavirenz,Generic,600mg,Tablet,30,25037,407101.62,16.26,0.54,"Aurobindo Unit III, India",True,2213.0,18101.32,651.36
1463,11153,109-TZ-T01,Pre-PQ Process,SO-456,DN-291,Tanzania,PMO - US,From RDC,N/A - From RDC,Air,2006-08-28,2007-02-28,2007-08-29,2007-08-29,2007-08-29,ARV,Adult,SCMS from RDC,"Efavirenz 600mg, tablets, 30 Tabs",Efavirenz,Generic,600mg,Tablet,30,23814,387215.64,16.26,0.54,"Aurobindo Unit III, India",True,2102.0,5834.0,619.55
1464,11154,111-MZ-T01,Pre-PQ Process,SO-298,DN-304,Mozambique,PMO - US,From RDC,N/A - From RDC,Air,2006-09-21,2007-03-21,2007-09-21,2007-09-21,2007-09-21,ARV,Pediatric,SCMS from RDC,"Efavirenz 200mg, capsule, 90 Caps",Efavirenz,Generic,200mg,Capsule,90,271,4593.45,16.95,0.19,"Aurobindo Unit III, India",False,668.5,3247.5699999999997,7.35
1465,11156,114-UG-T01,Pre-PQ Process,SO-896,DN-297,Uganda,PMO - US,From RDC,N/A - From RDC,Air,2006-10-17,2007-04-17,2007-10-17,2007-10-17,2007-10-17,ARV,Adult,SCMS from RDC,"Stavudine 30mg, capsules, 60 Caps",Stavudine,Generic,30mg,Capsule,60,294,446.88,1.52,0.03,"Strides, Bangalore, India.",True,14.0,632.6,0.72
1466,11160,114-UG-T01,Pre-PQ Process,SO-1080,DN-362,Uganda,PMO - US,From RDC,N/A - From RDC,Air,2006-11-05,2007-05-05,2007-11-05,2007-11-05,2007-11-05,ARV,Adult,SCMS from RDC,"Efavirenz 600mg, tablets, 30 Tabs",Efavirenz,Generic,600mg,Tablet,30,1717,21325.14,12.42,0.41,"Strides, Bangalore, India.",False,151.0,2485.92,34.12
1467,11161,110-ZM-T01,Pre-PQ Process,SO-940,DN-366,Zambia,PMO - US,From RDC,N/A - From RDC,Truck,2006-09-27,2007-03-27,2007-09-27,2007-09-27,2007-09-27,ARV,Adult,SCMS from RDC,"Nevirapine 200mg, tablets, 60 Tabs",Nevirapine,Generic,200mg,Tablet,60,85000,289000.0,3.4,0.06,"Aurobindo Unit III, India",True,14311.0,63886.29,462.4
1468,11162,110-ZM-T01,Pre-PQ Process,SO-940,DN-366,Zambia,PMO - US,From RDC,N/A - From RDC,Truck,2006-09-27,2007-03-27,2007-09-27,2007-09-27,2007-09-27,ARV,Adult,SCMS from RDC,"Efavirenz 600mg, tablets, 30 Tabs",Efavirenz,Generic,600mg,Tablet,30,69783,1360768.5,19.5,0.65,"Cipla, Goa, India",False,668.5,6476.695,2177.23
1469,11173,111-MZ-T01,Pre-PQ Process,SO-924,DN-344,Mozambique,PMO - US,From RDC,N/A - From RDC,Air,2006-10-05,2007-04-05,2007-10-05,2007-10-05,2007-10-05,ARV,Adult,SCMS from RDC,"Lamivudine 150mg, tablets, 60 Tabs",Lamivudine,Generic,150mg,Tablet,60,200,608.0,3.04,0.05,"Aurobindo Unit III, India",True,4241.0,25442.0,0.97
1470,11174,117-ET-T01,Pre-PQ Process,SO-914,DN-332,Ethiopia,PMO - US,From RDC,N/A - From RDC,Air,2006-09-04,2007-03-04,2007-09-04,2007-09-04,2007-09-04,ARV,Adult,SCMS from RDC,"Lamivudine 150mg, tablets, 60 Tabs",Lamivudine,Generic,150mg,Tablet,60,60029,182488.16,3.04,0.05,"Ranbaxy, Paonta Shahib, India",False,668.5,4672.77,291.98
1471,11175,104-CI-T01,Pre-PQ Process,SO-972,DN-327,Côte d'Ivoire,PMO - US,From RDC,N/A - From RDC,Air,2006-09-10,2007-03-10,2007-09-10,2007-09-10,2007-09-10,ARV,Pediatric,SCMS from RDC,"Zidovudine 10mg/ml, oral solution, Bottle, 240 ml",Zidovudine,Generic,10mg/ml,Oral solution,240,4286,9214.9,2.15,0.01,"Aurobindo Unit III, India",False,668.5,4063.81,14.74
1472,11177,110-ZM-T01,Pre-PQ Process,SO-753,DN-395,Zambia,PMO - US,From RDC,N/A - From RDC,Truck,2006-11-02,2007-05-02,2007-11-02,2007-11-02,2007-11-02,ARV,Pediatric,SCMS from RDC,"Efavirenz 200mg, capsule, 90 Caps",Efavirenz,Generic,200mg,Capsule,90,2324,37184.0,16.0,0.18,"Aurobindo Unit III, India",False,668.5,6476.695,59.49
1473,11186,104-CI-T01,Pre-PQ Process,SO-1113,DN-385,Côte d'Ivoire,PMO - US,From RDC,N/A - From RDC,Air,2006-10-22,2007-04-22,2007-10-22,2007-10-22,2007-10-22,HRDT,HIV test,SCMS from RDC,"HIV 1/2, Determine HIV Kit, without Lancets, 100 Tests","HIV 1/2, Determine HIV Kit, without Lancets",Determine,no_dosage,Test kit,100,595,42834.05,71.99,0.72,Inverness Japan,True,200.0,1642.0,68.53
1474,11187,110-ZM-T01,Pre-PQ Process,SO-317,DN-387,Zambia,PMO - US,From RDC,N/A - From RDC,Truck,2006-10-29,2007-04-29,2007-10-29,2007-10-29,2007-10-29,ARV,Adult,SCMS from RDC,"Lamivudine/Zidovudine 150/300mg, tablets, 60 Tabs",Lamivudine/Zidovudine,Generic,150/300mg,Tablet - FDC,60,40761,435327.48,10.68,0.18,"Aurobindo Unit III, India",True,4221.0,17549.81,696.52
1475,11188,110-ZM-T01,Pre-PQ Process,SO-572,DN-388,Zambia,PMO - US,From RDC,N/A - From RDC,Truck,2006-11-09,2007-05-09,2007-11-09,2007-11-09,2007-11-09,ARV,Adult,SCMS from RDC,"Nevirapine 200mg, tablets, 60 Tabs",Nevirapine,Generic,200mg,Tablet,60,52864,188724.48,3.57,0.06,"Aurobindo Unit III, India",True,5989.0,19590.04,301.96
1476,11189,113-ZW-T01,Pre-PQ Process,SO-281,DN-392,Zimbabwe,PMO - US,From RDC,N/A - From RDC,Truck,2006-10-22,2007-04-22,2007-10-22,2007-10-22,2007-10-22,ARV,Adult,SCMS from RDC,"Nevirapine 200mg, tablets, 60 Tabs",Nevirapine,Generic,200mg,Tablet,60,500,1835.0,3.67,0.06,"Aurobindo Unit III, India",True,47.0,707.4,2.94
1477,11191,112-NG-T01,Pre-PQ Process,SO-1224,DN-410,Nigeria,PMO - US,From RDC,N/A - From RDC,Air,2006-12-04,2007-06-04,2007-12-04,2007-12-04,2007-12-04,ARV,Pediatric,SCMS from RDC,"Efavirenz 200mg, capsule, 90 Caps",Efavirenz,Generic,200mg,Capsule,90,400,6400.0,16.0,0.18,"Aurobindo Unit III, India",True,38.0,1161.13,10.24
1478,11192,111-MZ-T01,Pre-PQ Process,SO-992,DN-427,Mozambique,PMO - US,From RDC,N/A - From RDC,Air,2006-11-22,2007-05-22,2007-11-22,2007-11-22,2007-11-22,ARV,Adult,SCMS from RDC,"Lamivudine/Stavudine 150/30mg, tablets, 30 Tabs",Lamivudine/Stavudine,Generic,150/30mg,Tablet - FDC,30,24140,48280.0,2.0,0.07,"Cipla, Goa, India",True,1434.0,3682.34,77.25
1479,11194,104-CI-T01,Pre-PQ Process,SO-1245,DN-423,Côte d'Ivoire,PMO - US,From RDC,N/A - From RDC,Air,2006-11-13,2007-05-13,2007-11-13,2007-11-13,2007-11-13,ARV,Adult,SCMS from RDC,"Abacavir/Lamivudine/Zidovudine 300/150/300mg [Trizivir], tablets, 60 Tabs",Abacavir/Lamivudine/Zidovudine,Trizivir,300/150/300mg,Tablet - FDC,60,3300,146850.0,44.5,0.74,GSK Ware (UK),True,2143.0,10137.04,234.96
1480,11195,110-ZM-T01,Pre-PQ Process,SO-1317,DN-605,Zambia,PMO - US,From RDC,N/A - From RDC,Truck,2007-02-21,2007-08-21,2008-02-21,2008-02-21,2008-02-21,ARV,Adult,SCMS from RDC,"Nevirapine 200mg, tablets, 60 Tabs",Nevirapine,Generic,200mg,Tablet,60,9943,33806.2,3.4,0.06,"Aurobindo Unit III, India",False,668.5,6476.695,54.09
1481,11196,110-ZM-T01,Pre-PQ Process,SO-1419,DN-606,Zambia,PMO - US,From RDC,N/A - From RDC,Air,2007-02-20,2007-08-20,2008-02-20,2008-02-20,2008-02-20,ARV,Pediatric,SCMS from RDC,"Efavirenz 200mg, capsule, 90 Caps",Efavirenz,Generic,200mg,Capsule,90,900,14400.0,16.0,0.18,"Aurobindo Unit III, India",True,109.0,919.66,23.04
1482,11197,111-MZ-T01,Pre-PQ Process,SO-1039,DN-603,Mozambique,PMO - US,From RDC,N/A - From RDC,Air,2007-04-08,2007-10-08,2008-04-08,2008-04-08,2008-04-08,ARV,Adult,SCMS from RDC,"Lamivudine/Stavudine 150/30mg, tablets, 30 Tabs",Lamivudine/Stavudine,Generic,150/30mg,Tablet - FDC,30,50000,100000.0,2.0,0.07,"Cipla, Goa, India",True,3584.0,8405.91,160.0
1483,11198,114-UG-T01,Pre-PQ Process,SO-1300,DN-435,Uganda,PMO - US,From RDC,N/A - From RDC,Air,2006-12-10,2007-06-10,2007-12-10,2007-12-10,2007-12-10,ARV,Adult,SCMS from RDC,"Lamivudine/Nevirapine/Zidovudine 150/200/300mg, tablets, 60 Tabs",Lamivudine/Nevirapine/Zidovudine,Generic,150/300/200mg,Tablet - FDC,60,3930,80565.0,20.5,0.34,"Aurobindo Unit III, India",False,668.5,2485.92,128.9
1484,11200,104-CI-T01,Pre-PQ Process,SO-1145,DN-440,Côte d'Ivoire,PMO - US,From RDC,N/A - From RDC,Air,2006-11-29,2007-05-29,2007-11-29,2007-11-29,2007-11-29,ARV,Adult,SCMS from RDC,"Stavudine 30mg, capsules, 60 Caps",Stavudine,Generic,30mg,Capsule,60,14000,24500.0,1.75,0.03,"Strides, Bangalore, India.",True,989.0,3452.0,39.2
1485,11201,104-CI-T01,Pre-PQ Process,SO-1145,DN-440,Côte d'Ivoire,PMO - US,From RDC,N/A - From RDC,Air,2006-11-29,2007-05-29,2007-11-29,2007-11-29,2007-11-29,ARV,Adult,SCMS from RDC,"Stavudine 30mg, capsules, 60 Caps",Stavudine,Generic,30mg,Capsule,60,3996,6993.0,1.75,0.03,"Aurobindo Unit III, India",False,668.5,4063.81,11.19
1486,11202,104-CI-T01,Pre-PQ Process,SO-1103,DN-442,Côte d'Ivoire,PMO - US,From RDC,N/A - From RDC,Air,2006-11-22,2007-05-22,2007-11-22,2007-11-22,2007-11-22,ARV,Pediatric,SCMS from RDC,"Efavirenz 30mg/ml [Stocrin/Sustiva], oral solution, Bottle, 180 ml",Efavirenz,Stocrin/Sustiva,30mg/ml,Oral solution,180,4077,69186.69,16.97,0.09,"MSD, Haarlem, NL",True,1554.0,4963.0,110.7
1487,11203,106-HT-T01,Pre-PQ Process,SO-1288,DN-445,Haiti,PMO - US,From RDC,N/A - From RDC,Air,2007-01-22,2007-07-22,2008-01-22,2008-01-22,2008-01-22,ARV,Pediatric,SCMS from RDC,"Efavirenz 50mg, capsule, 30 Caps",Efavirenz,Generic,50mg,Capsule,30,100,224.0,2.24,0.07,"Aurobindo Unit III, India",False,36.0,2946.7200000000003,0.36
1488,11204,104-CI-T01,Pre-PQ Process,SO-604,DN-446,Côte d'Ivoire,PMO - US,From RDC,N/A - From RDC,Air,2006-11-30,2007-05-30,2007-11-30,2007-11-30,2007-11-30,ARV,Adult,SCMS from RDC,"Abacavir/Lamivudine/Zidovudine 300/150/300mg [Trizivir], tablets, 60 Tabs",Abacavir/Lamivudine/Zidovudine,Trizivir,300/150/300mg,Tablet - FDC,60,995,69650.0,70.0,1.17,GSK Ware (UK),True,219.0,1392.0,111.44
1489,11205,104-CI-T01,Pre-PQ Process,SO-1298,DN-451,Côte d'Ivoire,PMO - US,From RDC,N/A - From RDC,Air,2007-01-17,2007-07-17,2008-01-17,2008-01-17,2008-01-17,ARV,Adult,SCMS from RDC,"Lopinavir/Ritonavir 200/50mg [Aluvia], tablets, 120 Tabs",Lopinavir/Ritonavir,Aluvia,200/50mg,Tablet,120,993,40812.3,41.1,0.34,ABBVIE (Abbott) Logis. UK,True,217.0,3499.1,65.3
1490,11206,110-ZM-T01,Pre-PQ Process,SO-1084,DN-453,Zambia,PMO - US,From RDC,N/A - From RDC,Truck,2006-12-06,2007-06-06,2007-12-06,2007-12-06,2007-12-06,ARV,Adult,SCMS from RDC,"Efavirenz 600mg, tablets, 30 Tabs",Efavirenz,Generic,600mg,Tablet,30,96,1872.0,19.5,0.65,"Cipla, Goa, India",True,5.0,636.52,3.0
1491,11207,110-ZM-T01,Pre-PQ Process,SO-1429,DN-470,Zambia,PMO - US,From RDC,N/A - From RDC,Air,2006-11-26,2007-05-26,2007-11-26,2007-11-26,2007-11-26,ARV,Adult,SCMS from RDC,"Efavirenz 600mg, tablets, 30 Tabs",Efavirenz,Generic,600mg,Tablet,30,84,1043.28,12.42,0.41,"Aurobindo Unit III, India",True,6.0,14019.38,1.67
1492,11208,112-NG-T01,Pre-PQ Process,SO-567,DN-475,Nigeria,PMO - US,From RDC,N/A - From RDC,Air,2006-12-03,2007-06-03,2007-12-03,2007-12-03,2007-12-03,ARV,Adult,SCMS from RDC,"Lamivudine/Zidovudine 150/300mg, tablets, 60 Tabs",Lamivudine/Zidovudine,Generic,150/300mg,Tablet - FDC,60,215,2296.2,10.68,0.18,"Aurobindo Unit III, India",False,668.5,10144.765,3.67
1493,11209,112-NG-T01,Pre-PQ Process,SO-567,DN-475,Nigeria,PMO - US,From RDC,N/A - From RDC,Air,2006-12-03,2007-06-03,2007-12-03,2007-12-03,2007-12-03,ARV,Pediatric,SCMS from RDC,"Nevirapine 10mg/ml, oral suspension, Bottle, 240 ml",Nevirapine,Generic,10mg/ml,Oral suspension,240,965,5983.0,6.2,0.03,"Aurobindo Unit III, India",False,344.0,10144.765,9.57
1494,11210,110-ZM-T01,Pre-PQ Process,SO-1362,DN-494,Zambia,PMO - US,From RDC,N/A - From RDC,Truck,2006-12-28,2007-06-28,2007-12-28,2007-12-28,2007-12-28,ARV,Pediatric,SCMS from RDC,"Lopinavir/Ritonavir 80/20mg/ml [Kaletra], oral solution, cool, Bottle 5 x 60 ml",Lopinavir/Ritonavir,Kaletra,80/20mg/ml,Oral solution,300,630,25893.0,41.1,0.14,ABBVIE (Abbott) Logis. UK,True,83.0,4522.03,41.43
1495,11213,107-RW-T01,Pre-PQ Process,SO-1448,DN-500,Rwanda,PMO - US,From RDC,N/A - From RDC,Air,2006-12-05,2007-06-05,2007-12-05,2007-12-05,2007-12-05,HRDT,HIV test,SCMS from RDC,"HIV 1/2, Determine HIV Kit, without Lancets, 100 Tests","HIV 1/2, Determine HIV Kit, without Lancets",Determine,no_dosage,Test kit,100,405,29155.95,71.99,0.72,Inverness Japan,True,130.0,3187.18,46.65
1496,11217,117-ET-T01,Pre-PQ Process,SO-1542,DN-529,Ethiopia,PMO - US,From RDC,N/A - From RDC,Air,2006-12-20,2007-06-20,2007-12-20,2007-12-20,2007-12-20,ARV,Adult,SCMS from RDC,"Lamivudine/Zidovudine 150/300mg, tablets, 60 Tabs",Lamivudine/Zidovudine,Generic,150/300mg,Tablet - FDC,60,9692,92074.0,9.5,0.16,"Aurobindo Unit III, India",True,1215.0,6346.22,147.32
1497,11219,106-HT-T01,Pre-PQ Process,SO-1287,DN-614,Haiti,PMO - US,From RDC,N/A - From RDC,Air,2007-03-04,2007-09-04,2008-03-04,2008-02-21,2008-02-21,ARV,Pediatric,SCMS from RDC,"Zidovudine 10mg/ml, oral solution, Bottle, 240 ml",Zidovudine,Generic,10mg/ml,Oral solution,240,3000,6450.0,2.15,0.01,"Aurobindo Unit III, India",True,2584.0,26877.3,10.32
1498,11222,112-NG-T01,Pre-PQ Process,SO-1570,DN-535,Nigeria,PMO - US,From RDC,N/A - From RDC,Air,2007-01-09,2007-07-09,2008-01-09,2008-01-09,2008-01-09,ARV,Adult,SCMS from RDC,"Lamivudine/Nevirapine/Stavudine 150/200/30mg, tablets, 60 Tabs",Lamivudine/Nevirapine/Stavudine,Generic,150/200/30mg,Tablet - FDC,60,2925,21645.0,7.4,0.12,"Cipla, Goa, India",False,668.5,10144.765,34.63
1499,11223,106-HT-T01,Pre-PQ Process,SO-1287,DN-614,Haiti,PMO - US,From RDC,N/A - From RDC,Air,2007-03-04,2007-09-04,2008-03-04,2008-02-21,2008-02-21,ARV,Adult,SCMS from RDC,"Stavudine 15mg, capsules, 60 Caps",Stavudine,Generic,15mg,Capsule,60,120,180.0,1.5,0.02,"Aurobindo Unit III, India",False,22.0,2946.7200000000003,0.29
1500,11224,104-CI-T01,Pre-PQ Process,SO-1104,DN-569,Côte d'Ivoire,PMO - US,From RDC,N/A - From RDC,Air,2007-01-29,2007-07-29,2008-01-29,2008-01-29,2008-01-29,ARV,Adult,SCMS from RDC,"Lamivudine/Zidovudine 150/300mg, tablets, 60 Tabs",Lamivudine/Zidovudine,Generic,150/300mg,Tablet - FDC,60,29593,281133.5,9.5,0.16,"Aurobindo Unit III, India",True,10877.0,30167.0,449.81
1501,11225,107-RW-T01,Pre-PQ Process,SO-1682,DN-580,Rwanda,PMO - US,From RDC,N/A - From RDC,Air,2007-01-28,2007-07-28,2008-01-28,2008-01-28,2008-01-28,ARV,Adult,SCMS from RDC,"Stavudine 30mg, capsules, 60 Caps",Stavudine,Generic,30mg,Capsule,60,392,842.8,2.15,0.04,"Aurobindo Unit III, India",True,29.0,1372.38,1.35
1502,11226,109-TZ-T01,Pre-PQ Process,SO-1647,DN-556,Tanzania,PMO - US,From RDC,N/A - From RDC,Air,2007-02-06,2007-08-06,2008-02-06,2008-02-06,2008-02-06,ARV,Adult,SCMS from RDC,"Abacavir 300mg, tablets, 60 Tabs",Abacavir,Generic,300mg,Tablet,60,1128,31053.84,27.53,0.46,"Aurobindo Unit III, India",False,668.5,8925.0,49.69
1503,11227,104-CI-T01,Pre-PQ Process,SO-793,DN-560,Côte d'Ivoire,PMO - US,From RDC,N/A - From RDC,Air,2007-01-21,2007-07-21,2008-01-21,2008-01-21,2008-01-21,HRDT,HIV test,SCMS from RDC,"#108853** HIV, Genie II HIV-1/HIV-2 Kit, 40 Tests","HIV, Genie II HIV-1/HIV-2 Kit",Genie,no_dosage,Test kit,40,710,53960.0,76.0,1.9,Bio-Rad Laboratories,True,771.0,3256.0,86.34
1504,11228,104-CI-T01,Pre-PQ Process,SO-1111,DN-565,Côte d'Ivoire,PMO - US,From RDC,N/A - From RDC,Air,2007-01-29,2007-07-29,2008-01-29,2008-01-29,2008-01-29,ARV,Adult,SCMS from RDC,"Lopinavir/Ritonavir 200/50mg [Aluvia], tablets, 120 Tabs",Lopinavir/Ritonavir,Aluvia,200/50mg,Tablet,120,12107,497597.7,41.1,0.34,ABBVIE Ludwigshafen Germany,True,2647.0,9307.0,796.16
1505,11230,110-ZM-T01,Pre-PQ Process,SO-1189,DN-483,Zambia,PMO - US,From RDC,N/A - From RDC,Air,2007-02-12,2007-08-12,2008-02-12,2008-02-12,2008-02-12,ARV,Adult,SCMS from RDC,"Efavirenz 600mg, tablets, 30 Tabs",Efavirenz,Generic,600mg,Tablet,30,66667,828004.14,12.42,0.41,Mylan (formerly Matrix) Nashik,True,5253.0,18856.33,1324.81
1506,11231,114-UG-T01,Pre-PQ Process,SO-1082,DN-589,Uganda,PMO - US,From RDC,N/A - From RDC,Air,2007-02-28,2007-08-28,2008-02-28,2008-02-28,2008-02-28,ARV,Adult,SCMS from RDC,"Lamivudine/Zidovudine 150/300mg, tablets, 60 Tabs",Lamivudine/Zidovudine,Generic,150/300mg,Tablet - FDC,60,2883,27388.5,9.5,0.16,"Aurobindo Unit III, India",False,668.5,2485.92,43.82
1507,11232,113-ZW-T01,Pre-PQ Process,SO-1051,DN-708,Zimbabwe,PMO - US,From RDC,N/A - From RDC,Truck,2007-04-21,2007-10-21,2008-04-21,2008-04-21,2008-04-21,HRDT,HIV test,SCMS from RDC,"HIV 1/2, Bioline 3.0 Kit, Lancets, Capillary pipets, Alcohol swabs included, 25 Tests","HIV 1/2, Bioline 3.0 Kit, Lancets, Capillary pipets, Alcohol swabs included",Bioline,no_dosage,Test kit,25,5693,113860.0,20.0,0.8,"Standard Diagnostics, Korea",True,1740.0,8008.65,182.18
1508,11233,106-HT-T01,Pre-PQ Process,SO-2058,DN-692,Haiti,PMO - US,From RDC,N/A - From RDC,Air,2007-04-03,2007-10-03,2008-04-03,2008-04-03,2008-04-03,ARV,Adult,SCMS from RDC,"Lamivudine/Zidovudine 150/300mg, tablets, 60 Tabs",Lamivudine/Zidovudine,Generic,150/300mg,Tablet - FDC,60,7558,71423.1,9.45,0.16,"Aurobindo Unit III, India",True,2166.0,20578.2,114.28
1509,11234,106-HT-T01,Pre-PQ Process,SO-2046,DN-685,Haiti,PMO - US,From RDC,N/A - From RDC,Air,2007-03-30,2007-09-30,2008-03-31,2008-03-31,2008-03-31,ARV,Adult,SCMS from RDC,"Efavirenz 600mg, tablets, 30 Tabs",Efavirenz,Generic,600mg,Tablet,30,19740,237077.4,12.01,0.4,"Aurobindo Unit III, India",True,2941.0,31051.3,379.32
1510,11235,109-TZ-T01,Pre-PQ Process,SO-2560,DN-826,Tanzania,PMO - US,From RDC,N/A - From RDC,Air,2007-07-29,2008-01-29,2008-07-29,2008-07-29,2008-07-29,ARV,Adult,SCMS from RDC,"Lamivudine/Zidovudine 150/300mg, tablets, 60 Tabs",Lamivudine/Zidovudine,Generic,150/300mg,Tablet - FDC,60,5809,54895.05,9.45,0.16,"Aurobindo Unit III, India",False,668.5,8925.0,87.83
1511,11236,102-GY-T01,Pre-PQ Process,SO-1004,DN-617,Guyana,PMO - US,From RDC,N/A - From RDC,Air,2007-02-21,2007-08-21,2008-02-21,2008-02-21,2008-02-21,HRDT,HIV test - Ancillary,SCMS from RDC,"HIV, Lancet, Safety, for HIV Test kits, 100 Pcs","HIV, Lancet, Safety, for HIV Test kits, 100 Pcs",Generic,no_dosage,Test kit - Ancillary,100,152,1.52,0.01,0.0,Inverness Japan,True,45.0,798.59,0.0
1512,11238,111-MZ-T01,Pre-PQ Process,SO-1310,DN-688,Mozambique,PMO - US,From RDC,N/A - From RDC,Air,2007-06-30,2007-12-30,2008-06-30,2008-06-30,2008-06-30,ARV,Adult,SCMS from RDC,"Lamivudine/Nevirapine/Stavudine 150/200/30mg, tablets, 60 Tabs",Lamivudine/Nevirapine/Stavudine,Generic,150/200/30mg,Tablet - FDC,60,90955,673067.0,7.4,0.12,"Cipla, Goa, India",True,16579.0,8654.7,1076.91
1513,11239,112-NG-T01,Pre-PQ Process,SO-2726,DN-800,Nigeria,PMO - US,From RDC,N/A - From RDC,Air,2007-06-19,2007-12-19,2008-06-19,2008-06-19,2008-06-19,ARV,Adult,SCMS from RDC,"Lopinavir/Ritonavir 200/50mg [Aluvia], tablets, 120 Tabs",Lopinavir/Ritonavir,Aluvia,200/50mg,Tablet,120,84,3452.4,41.1,0.34,ABBVIE Ludwigshafen Germany,False,6.0,10144.765,5.52
1514,11240,112-NG-T01,Pre-PQ Process,SO-2726,DN-800,Nigeria,PMO - US,From RDC,N/A - From RDC,Air,2007-06-19,2007-12-19,2008-06-19,2008-06-19,2008-06-19,ARV,Adult,SCMS from RDC,"Abacavir 300mg, tablets, 60 Tabs",Abacavir,Generic,300mg,Tablet,60,4,105.2,26.3,0.44,Mylan (formerly Matrix) Nashik,False,78.0,10144.765,0.17
1515,11241,106-HT-T01,Pre-PQ Process,SO-2053,DN-744,Haiti,PMO - US,From RDC,N/A - From RDC,Air,2007-06-02,2007-12-02,2008-06-02,2008-06-02,2008-06-02,ARV,Pediatric,SCMS from RDC,"Nevirapine 10mg/ml, oral suspension, Bottle, 240 ml",Nevirapine,Generic,10mg/ml,Oral suspension,240,2112,4055.04,1.92,0.01,"Aurobindo Unit III, India",False,668.5,2946.7200000000003,6.49
1516,11242,110-ZM-T01,Pre-PQ Process,SO-1891,DN-676,Zambia,PMO - US,From RDC,N/A - From RDC,Truck,2007-04-01,2007-10-01,2008-04-01,2008-04-01,2008-04-01,ARV,Adult,SCMS from RDC,"Nevirapine 200mg, tablets, 60 Tabs",Nevirapine,Generic,200mg,Tablet,60,32358,110017.2,3.4,0.06,"Ranbaxy, Paonta Shahib, India",True,3146.0,13332.0,176.03
1517,11243,112-NG-T01,Pre-PQ Process,SO-11220,DN-833,Nigeria,PMO - US,From RDC,N/A - From RDC,Air,2007-07-16,2008-01-16,2008-07-16,2008-07-16,2008-07-16,ARV,Adult,SCMS from RDC,"Lamivudine 150mg, tablets, 60 Tabs",Lamivudine,Generic,150mg,Tablet,60,2100,6090.0,2.9,0.05,"Aurobindo Unit III, India",True,153.0,1280.91,9.74
1518,11244,123-NG-T01,Pre-PQ Process,SO-2553,DN-836,Nigeria,PMO - US,From RDC,N/A - From RDC,Air,2007-07-31,2008-01-31,2008-07-31,2008-07-31,2008-07-31,ARV,Adult,SCMS from RDC,"Lamivudine/Zidovudine 150/300mg, tablets, 60 Tabs",Lamivudine/Zidovudine,Generic,150/300mg,Tablet - FDC,60,14277,134917.65,9.45,0.16,"Aurobindo Unit III, India",True,2033.0,15307.62,215.87
1519,11245,110-ZM-T01,Pre-PQ Process,SO-1880,DN-639,Zambia,PMO - US,From RDC,N/A - From RDC,Truck,2007-03-14,2007-09-14,2008-03-14,2008-03-14,2008-03-14,ARV,Adult,SCMS from RDC,"Nevirapine 200mg, tablets, 60 Tabs",Nevirapine,Generic,200mg,Tablet,60,27662,94050.8,3.4,0.06,Hetero Unit III Hyderabad IN,True,4128.0,6539.8,150.48
1520,11246,125-HT-T01,Pre-PQ Process,SO-1291,DN-686,Haiti,PMO - US,From RDC,N/A - From RDC,Air,2007-04-03,2007-10-03,2008-04-03,2008-04-03,2008-04-03,HRDT,HIV test,SCMS from RDC,"HIV 1/2, Determine HIV Kit, without Lancets, 100 Tests","HIV 1/2, Determine HIV Kit, without Lancets",Determine,no_dosage,Test kit,100,10,720.0,72.0,0.72,Inverness Japan,False,6.0,2946.7200000000003,1.15
1521,11247,102-KE-T01,Pre-PQ Process,SO-1975,DN-675,Kenya,PMO - US,From RDC,N/A - From RDC,Truck,2007-03-05,2007-09-05,2008-03-05,2008-03-05,2008-03-05,HRDT,HIV test,SCMS from RDC,"HIV 1/2, Determine HIV Kit, without Lancets, 100 Tests","HIV 1/2, Determine HIV Kit, without Lancets",Determine,no_dosage,Test kit,100,1550,123984.5,79.99,0.8,Inverness Japan,True,394.0,225.96,198.38
1522,11248,110-ZM-T01,Pre-PQ Process,SO-1893,DN-777,Zambia,PMO - US,From RDC,N/A - From RDC,Truck,2007-06-19,2007-12-19,2008-06-19,2008-06-19,2008-06-19,ARV,Adult,SCMS from RDC,"Efavirenz 600mg, tablets, 30 Tabs",Efavirenz,Generic,600mg,Tablet,30,50000,600500.0,12.01,0.4,Mylan (formerly Matrix) Nashik,True,3422.0,5936.99,960.8
1523,11249,117-ET-T01,Pre-PQ Process,SO-1964,DN-659,Ethiopia,PMO - US,From RDC,N/A - From RDC,Air,2007-03-12,2007-09-12,2008-03-12,2008-03-12,2008-03-12,ARV,Adult,SCMS from RDC,"Lamivudine 150mg, tablets, 60 Tabs",Lamivudine,Generic,150mg,Tablet,60,14044,42693.76,3.04,0.05,"Ranbaxy, Paonta Shahib, India",True,732.0,2963.8,68.31
1524,11250,104-CI-T01,Pre-PQ Process,SO-2705,DN-786,Côte d'Ivoire,PMO - US,From RDC,N/A - From RDC,Air,2007-06-27,2007-12-27,2008-06-27,2008-06-27,2008-06-27,ARV,Pediatric,SCMS from RDC,"Efavirenz 200mg, capsule, 90 Caps",Efavirenz,Generic,200mg,Capsule,90,3885,62160.0,16.0,0.18,"Aurobindo Unit III, India",True,467.0,6299.56,99.46
1525,11252,102-KE-T01,Pre-PQ Process,SO-1390,DN-667,Kenya,PMO - US,From RDC,N/A - From RDC,Truck,2007-03-26,2007-09-26,2008-03-26,2008-03-26,2008-03-26,HRDT,HIV test,SCMS from RDC,"HIV 1/2, Uni-Gold HIV Kit, 20 Tests","HIV 1/2, Uni-Gold HIV Kit",Uni-Gold,no_dosage,Test kit,20,1200,38400.0,32.0,1.6,"Trinity Biotech, Plc",False,425.5,225.96,61.44
1526,11257,111-MZ-T01,Pre-PQ Process,SO-2423,DN-810,Mozambique,PMO - US,From RDC,N/A - From RDC,Truck,2007-08-07,2008-02-07,2008-08-07,2008-08-07,2008-08-07,ARV,Adult,SCMS from RDC,"Lamivudine/Nevirapine/Zidovudine 150/200/300mg, tablets, 60 Tabs",Lamivudine/Nevirapine/Zidovudine,Generic,150/300/200mg,Tablet - FDC,60,16610,224235.0,13.5,0.22,"Cipla, Goa, India",True,2298.0,3733.57,358.78
1527,11258,111-MZ-T01,Pre-PQ Process,SO-1615,DN-698,Mozambique,PMO - US,From RDC,N/A - From RDC,Air,2007-06-23,2007-12-23,2008-06-23,2008-06-23,2008-06-23,ARV,Adult,SCMS from RDC,"Zidovudine 300mg, tablets, 60 Tabs",Zidovudine,Generic,300mg,Tablet,60,3060,24939.0,8.15,0.14,"Aurobindo Unit III, India",False,247.0,3247.5699999999997,39.9
1528,11259,100-ZW-T01,Pre-PQ Process,SO-713,DN-687,Zimbabwe,PMO - US,From RDC,N/A - From RDC,Air,2007-03-30,2007-09-30,2008-03-30,2008-03-30,2008-03-30,ARV,Adult,SCMS from RDC,"Efavirenz 600mg, tablets, 30 Tabs",Efavirenz,Generic,600mg,Tablet,30,1233,15313.86,12.42,0.41,Mylan (formerly Matrix) Nashik,False,668.5,12894.85,24.5
1529,11260,130-NG-T01,Pre-PQ Process,SO-2501,DN-730,Nigeria,PMO - US,From RDC,N/A - From RDC,Air,2007-05-26,2007-11-26,2008-05-26,2008-05-26,2008-05-26,ARV,Adult,SCMS from RDC,"Lamivudine/Zidovudine 150/300mg, tablets, 60 Tabs",Lamivudine/Zidovudine,Generic,150/300mg,Tablet - FDC,60,1887,17832.15,9.45,0.16,"Aurobindo Unit III, India",True,273.0,2446.58,28.53
1530,11261,130-NG-T01,Pre-PQ Process,SO-2501,DN-730,Nigeria,PMO - US,From RDC,N/A - From RDC,Air,2007-05-26,2007-11-26,2008-05-26,2008-05-26,2008-05-26,ARV,Adult,SCMS from RDC,"Lamivudine/Stavudine 150/30mg, tablets, 30 Tabs",Lamivudine/Stavudine,Generic,150/30mg,Tablet - FDC,30,1566,3132.0,2.0,0.07,"Cipla, Goa, India",False,668.5,10144.765,5.01
1531,11263,117-ET-T01,Pre-PQ Process,SO-1974,DN-703,Ethiopia,PMO - US,From RDC,N/A - From RDC,Air,2007-04-21,2007-10-21,2008-04-21,2008-04-21,2008-04-21,ARV,Pediatric,SCMS from RDC,"Zidovudine 10mg/ml, oral solution, Bottle, 240 ml",Zidovudine,Generic,10mg/ml,Oral solution,240,1846,3968.9,2.15,0.01,"Aurobindo Unit III, India",True,773.0,3472.55,6.35
1532,11265,106-HT-T01,Pre-PQ Process,SO-2055,DN-690,Haiti,PMO - US,From RDC,N/A - From RDC,Air,2007-04-14,2007-10-14,2008-04-14,2008-04-14,2008-04-14,ARV,Pediatric,SCMS from RDC,"Lamivudine 10mg/ml, oral solution, Bottle, 240 ml",Lamivudine,Generic,10mg/ml,Oral solution,240,4338,8545.86,1.97,0.01,"Aurobindo Unit III, India",False,668.5,2946.7200000000003,13.67
1533,11267,113-ZW-T01,Pre-PQ Process,SO-1873,DN-773,Zimbabwe,PMO - US,From RDC,N/A - From RDC,Air,2007-06-17,2007-12-17,2008-06-17,2008-06-17,2008-06-17,HRDT,HIV test,SCMS from RDC,"HIV 1/2, Determine HIV Kit, without Lancets, 100 Tests","HIV 1/2, Determine HIV Kit, without Lancets",Determine,no_dosage,Test kit,100,550,39594.5,71.99,0.72,Inverness Japan,True,161.0,939.12,63.35
1534,11268,113-ZW-T01,Pre-PQ Process,SO-1053,DN-774,Zimbabwe,PMO - US,From RDC,N/A - From RDC,Truck,2007-06-17,2007-12-17,2008-06-17,2008-06-17,2008-06-17,HRDT,HIV test - Ancillary,SCMS from RDC,"HIV, Lancet, Safety, for HIV Test kits, 100 Pcs","HIV, Lancet, Safety, for HIV Test kits, 100 Pcs",Generic,no_dosage,Test kit - Ancillary,100,1800,18.0,0.01,0.0,Inverness Japan,True,526.0,2185.82,0.03
1535,11408,107-RW-T01,Pre-PQ Process,SO-827,DN-277,Rwanda,PMO - US,From RDC,N/A - From RDC,Air,2006-08-06,2007-02-06,2007-08-06,2007-08-06,2007-08-06,HRDT,HIV test,SCMS from RDC,"HIV 1/2, Determine Complete HIV Kit, 100 Tests","HIV 1/2, Determine Complete HIV Kit",Determine,no_dosage,Test kit,100,850,68000.0,80.0,0.8,ABBVIE GmbH & Co.KG Wiesbaden,True,195.0,4613.67,108.8
1536,11269,114-UG-T01,Pre-PQ Process,SO-2343,DN-816,Uganda,PMO - US,From RDC,N/A - From RDC,Air,2007-08-21,2008-02-21,2008-08-21,2008-08-21,2008-08-21,ARV,Adult,SCMS from RDC,"Lamivudine/Nevirapine/Stavudine 150/200/30mg, tablets, 60 Tabs",Lamivudine/Nevirapine/Stavudine,Generic,150/200/30mg,Tablet - FDC,60,2700,19980.0,7.4,0.12,"Strides, Bangalore, India.",True,199.0,1476.8,31.97
1537,11270,114-UG-T01,Pre-PQ Process,SO-2344,DN-818,Uganda,PMO - US,From RDC,N/A - From RDC,Air,2007-08-21,2008-02-21,2008-08-21,2008-08-21,2008-08-21,ARV,Adult,SCMS from RDC,"Lamivudine/Zidovudine 150/300mg, tablets, 60 Tabs",Lamivudine/Zidovudine,Generic,150/300mg,Tablet - FDC,60,1350,12757.5,9.45,0.16,"Aurobindo Unit III, India",True,239.0,1277.22,20.41
1538,11271,110-ZM-T01,Pre-PQ Process,SO-2549,DN-823,Zambia,PMO - US,From RDC,N/A - From RDC,Truck,2007-07-23,2008-01-23,2008-07-23,2008-07-23,2008-07-23,ARV,Adult,SCMS from RDC,"Lamivudine/Nevirapine/Stavudine 150/200/30mg, tablets, 60 Tabs",Lamivudine/Nevirapine/Stavudine,Generic,150/200/30mg,Tablet - FDC,60,60000,432000.0,7.2,0.12,"Strides, Bangalore, India.",True,12606.0,7053.51,691.2
1539,11273,109-TZ-T01,Pre-PQ Process,SO-13300,DN-903,Tanzania,PMO - US,From RDC,N/A - From RDC,Truck,2007-09-26,2008-03-26,2008-09-26,2008-09-26,2008-09-26,ARV,Adult,SCMS from RDC,"Lopinavir/Ritonavir 200/50mg [Aluvia], tablets, 120 Tabs",Lopinavir/Ritonavir,Aluvia,200/50mg,Tablet,120,2580,106038.0,41.1,0.34,ABBVIE Ludwigshafen Germany,True,587.0,1146.27,169.66
1540,11274,110-ZM-T01,Pre-PQ Process,SO-19410,DN-1028,Zambia,PMO - US,From RDC,N/A - From RDC,Truck,2007-12-08,2008-06-08,2008-12-08,2008-12-08,2008-12-08,ARV,Adult,SCMS from RDC,"Zidovudine 300mg, tablets, 60 Tabs",Zidovudine,Generic,300mg,Tablet,60,1294,10546.1,8.15,0.14,"Aurobindo Unit III, India",True,76.0,1062.5,20.67
1541,11275,104-CI-T01,Pre-PQ Process,SO-19320,DN-1030,Côte d'Ivoire,PMO - US,From RDC,N/A - From RDC,Air,2007-12-19,2008-06-19,2008-12-19,2008-12-19,2008-12-19,ARV,Adult,SCMS from RDC,"Lamivudine/Zidovudine 150/300mg, tablets, 60 Tabs",Lamivudine/Zidovudine,Generic,150/300mg,Tablet - FDC,60,6786,63449.1,9.35,0.16,"Aurobindo Unit III, India",True,620.0,2739.3,124.36
1542,11276,106-HT-T01,Pre-PQ Process,SO-15940,DN-997,Haiti,PMO - US,From RDC,N/A - From RDC,Air,2007-11-17,2008-05-17,2008-11-17,2008-11-17,2008-11-17,ARV,Pediatric,SCMS from RDC,"Zidovudine 10mg/ml, oral solution, Bottle, 240 ml",Zidovudine,Generic,10mg/ml,Oral solution,240,10000,21000.0,2.1,0.01,"Aurobindo Unit III, India",True,3720.0,43704.8,41.16
1543,11277,104-CI-T01,Pre-PQ Process,SO-11851,DN-1007,Côte d'Ivoire,PMO - US,From RDC,N/A - From RDC,Air,2007-11-21,2008-05-21,2008-11-21,2008-11-21,2008-11-21,ARV,Adult,SCMS from RDC,"Efavirenz 600mg, tablets, 30 Tabs",Efavirenz,Generic,600mg,Tablet,30,2410,28245.2,11.72,0.39,Mylan (formerly Matrix) Nashik,True,182.0,1409.26,55.36
1544,11278,123-NG-T01,Pre-PQ Process,SO-17680,DN-1010,Nigeria,PMO - US,From RDC,N/A - From RDC,Air,2007-11-26,2008-05-26,2008-11-26,2008-11-26,2008-11-26,ARV,Adult,SCMS from RDC,"Lamivudine/Zidovudine 150/300mg, tablets, 60 Tabs",Lamivudine/Zidovudine,Generic,150/300mg,Tablet - FDC,60,11569,109327.05,9.45,0.16,"Aurobindo Unit III, India",True,1072.0,8504.72,214.28
1545,11280,100-PK-T01,Pre-PQ Process,SO-14930,DN-1004,Pakistan,PMO - US,From RDC,N/A - From RDC,Air,2007-11-17,2008-05-17,2008-11-17,2008-11-17,2008-11-17,HRDT,HIV test,SCMS from RDC,"HIV 1/2, Uni-Gold HIV Kit, 20 Tests","HIV 1/2, Uni-Gold HIV Kit",Uni-Gold,no_dosage,Test kit,20,25,800.0,32.0,1.6,"Trinity Biotech, Plc",True,19.0,851.24,1.57
1546,11281,110-ZM-T01,Pre-PQ Process,SO-17621,DN-1111,Zambia,PMO - US,From RDC,N/A - From RDC,Air,2008-03-02,2008-09-02,2009-03-02,2009-03-02,2009-03-02,ARV,Adult,SCMS from RDC,"Zidovudine 300mg, tablets, 60 Tabs",Zidovudine,Generic,300mg,Tablet,60,10000,79000.0,7.9,0.13,"Aurobindo Unit III, India",True,581.0,3238.0,154.84
1547,11282,112-NG-T01,Pre-PQ Process,SO-19430,DN-1063,Nigeria,PMO - US,From RDC,N/A - From RDC,Air,2008-02-09,2008-08-09,2009-02-09,2009-02-09,2009-02-09,ARV,Adult,SCMS from RDC,"Abacavir 300mg, tablets, 60 Tabs",Abacavir,Generic,300mg,Tablet,60,4,105.2,26.3,0.44,"Aurobindo Unit III, India",True,1.0,165.0,0.21
1548,11283,131-NG-T01,Pre-PQ Process,SO-10820,DN-897,Nigeria,PMO - US,From RDC,N/A - From RDC,Air,2007-09-10,2008-03-10,2008-09-10,2008-09-10,2008-09-10,ARV,Adult,SCMS from RDC,"Efavirenz 600mg, tablets, 30 Tabs",Efavirenz,Generic,600mg,Tablet,30,12000,140640.0,11.72,0.39,"Aurobindo Unit III, India",False,1005.0,10144.765,225.02
1549,11284,113-ZW-T01,Pre-PQ Process,SO-2503,DN-900,Zimbabwe,PMO - US,From RDC,N/A - From RDC,Truck,2007-09-12,2008-03-12,2008-09-12,2008-09-12,2008-09-12,ARV,Adult,SCMS from RDC,"Efavirenz 600mg, tablets, 30 Tabs",Efavirenz,Generic,600mg,Tablet,30,4000,48040.0,12.01,0.4,"Aurobindo Unit III, India",True,8481.0,30585.17,76.86
1550,11286,113-ZW-T01,Pre-PQ Process,SO-11210,DN-857,Zimbabwe,PMO - US,From RDC,N/A - From RDC,Truck,2007-07-26,2008-01-26,2008-07-26,2008-07-26,2008-07-26,ARV,Adult,SCMS from RDC,"Efavirenz 600mg, tablets, 30 Tabs",Efavirenz,Generic,600mg,Tablet,30,4000,48040.0,12.01,0.4,"Aurobindo Unit III, India",True,342.0,1648.64,76.86
1551,11289,114-UG-T01,Pre-PQ Process,SO-17430,DN-968,Uganda,PMO - US,From RDC,N/A - From RDC,Air,2007-12-09,2008-06-09,2008-12-09,2008-12-09,2008-12-09,ARV,Adult,SCMS from RDC,"Lopinavir/Ritonavir 200/50mg [Aluvia], tablets, 120 Tabs",Lopinavir/Ritonavir,Aluvia,200/50mg,Tablet,120,60,2466.0,41.1,0.34,ABBVIE Ludwigshafen Germany,True,547.0,2437.63,4.83
1552,11290,104-CI-T01,Pre-PQ Process,SO-1690,DN-928,Côte d'Ivoire,PMO - US,From RDC,N/A - From RDC,Air,2007-10-07,2008-04-07,2008-10-07,2008-10-07,2008-10-07,ARV,Adult,SCMS from RDC,"Tenofovir Disoproxil Fumarate 300mg, tablets, 30 Tabs",Tenofovir Disoproxil Fumarate,Generic,300mg,Tablet,30,5547,94299.0,17.0,0.57,Mylan (formerly Matrix) Nashik,True,333.0,1793.11,150.88
1553,11291,114-UG-T01,Pre-PQ Process,SO-17830,DN-990,Uganda,PMO - US,From RDC,N/A - From RDC,Air,2007-12-09,2008-06-09,2008-12-09,2008-12-09,2008-12-09,ARV,Adult,SCMS from RDC,"Lamivudine/Zidovudine 150/300mg, tablets, 60 Tabs",Lamivudine/Zidovudine,Generic,150/300mg,Tablet - FDC,60,1144,10696.4,9.35,0.16,"Aurobindo Unit III, India",False,668.5,2485.92,20.96
1554,11292,117-ET-T01,Pre-PQ Process,SO-22020,DN-1052,Ethiopia,PMO - US,From RDC,N/A - From RDC,Air,2008-03-03,2008-09-03,2009-03-03,2009-03-03,2009-03-03,ARV,Adult,SCMS from RDC,"Lamivudine/Stavudine 150/30mg, tablets, 60 Tabs",Lamivudine/Stavudine,Generic,150/30mg,Tablet - FDC,60,1044,3967.2,3.8,0.06,Mylan (formerly Matrix) Nashik,False,668.5,4672.77,7.78
1555,11293,109-TZ-T01,Pre-PQ Process,SO-18710,DN-1073,Tanzania,PMO - US,From RDC,N/A - From RDC,Truck,2008-03-06,2008-09-06,2009-03-06,2009-03-06,2009-03-06,ARV,Pediatric,SCMS from RDC,"Abacavir 20mg/ml, oral solution, Bottle, 240 ml",Abacavir,Generic,20mg/ml,Oral solution,240,4439,71689.85,16.15,0.07,"Aurobindo Unit III, India",True,1592.0,6708.25,140.51
1556,11294,106-HT-T01,Pre-PQ Process,SO-23750,DN-1100,Haiti,PMO - US,From RDC,N/A - From RDC,Air,2008-03-03,2008-09-03,2009-03-03,2009-03-03,2009-03-03,ARV,Pediatric,SCMS from RDC,"Efavirenz 200mg, capsule, 90 Caps",Efavirenz,Generic,200mg,Capsule,90,210,3204.6,15.26,0.17,"Aurobindo Unit III, India",False,32.0,2946.7200000000003,6.28
1557,11295,114-UG-T01,Pre-PQ Process,SO-17753,DN-1084,Uganda,PMO - US,From RDC,N/A - From RDC,Air,2008-03-05,2008-09-05,2009-03-05,2009-03-05,2009-03-05,ARV,Adult,SCMS from RDC,"Emtricitabine/Tenofovir Disoproxil Fumarate 200/300mg [Truvada], tablets, 30 Tabs",Emtricitabine/Tenofovir Disoproxil Fumarate,Truvada,300/200mg,Tablet - FDC,30,382,10027.5,26.25,0.88,"Aspen-OSD, Port Elizabeth, SA",True,177.0,2151.27,19.65
1558,11298,114-UG-T01,Pre-PQ Process,SO-17754,DN-1125,Uganda,PMO - US,From RDC,N/A - From RDC,Air,2008-04-08,2008-10-08,2009-04-08,2009-04-08,2009-04-08,ARV,Adult,SCMS from RDC,"Emtricitabine/Tenofovir Disoproxil Fumarate 200/300mg [Truvada], tablets, 30 Tabs",Emtricitabine/Tenofovir Disoproxil Fumarate,Truvada,300/200mg,Tablet - FDC,30,3014,79117.5,26.25,0.88,"Aspen-OSD, Port Elizabeth, SA",True,291.0,1755.0,155.07
1559,11299,106-HT-T01,Pre-PQ Process,SO-15930,DN-944,Haiti,PMO - US,From RDC,N/A - From RDC,Air,2007-11-04,2008-05-04,2008-11-04,2008-11-04,2008-11-04,ARV,Pediatric,SCMS from RDC,"Lamivudine 10mg/ml, oral solution, Bottle, 240 ml",Lamivudine,Generic,10mg/ml,Oral solution,240,14405,27369.5,1.9,0.01,"Aurobindo Unit III, India",False,668.5,2946.7200000000003,53.64
1560,11300,123-NG-T01,Pre-PQ Process,SO-19060,DN-1058,Nigeria,PMO - US,From RDC,N/A - From RDC,Air,2008-01-19,2008-07-19,2009-01-19,2009-01-19,2009-01-19,ARV,Adult,SCMS from RDC,"Lamivudine/Zidovudine 150/300mg, tablets, 60 Tabs",Lamivudine/Zidovudine,Generic,150/300mg,Tablet - FDC,60,45000,420750.0,9.35,0.16,"Aurobindo Unit III, India",False,4688.0,10144.765,824.67
1561,11301,102-KE-T01,Pre-PQ Process,SO-18000,DN-1103,Kenya,PMO - US,From RDC,N/A - From RDC,Truck,2008-02-11,2008-08-11,2009-02-11,2009-02-11,2009-02-11,HRDT,HIV test,SCMS from RDC,"HIV 1/2, Uni-Gold HIV Kit, 20 Tests","HIV 1/2, Uni-Gold HIV Kit",Uni-Gold,no_dosage,Test kit,20,750,24000.0,32.0,1.6,"Trinity Biotech, Plc",True,241.0,188.0,47.04
1562,11302,114-UG-T01,Pre-PQ Process,SO-17710,DN-996,Uganda,PMO - US,From RDC,N/A - From RDC,Air,2007-11-27,2008-05-27,2008-11-27,2008-11-27,2008-11-27,ARV,Adult,SCMS from RDC,"Lamivudine/Zidovudine 150/300mg, tablets, 60 Tabs",Lamivudine/Zidovudine,Generic,150/300mg,Tablet - FDC,60,5377,50274.95,9.35,0.16,"Aurobindo Unit III, India",True,501.0,3266.38,98.54
1563,11303,117-ET-T01,Pre-PQ Process,SO-22050,DN-1105,Ethiopia,PMO - US,From RDC,N/A - From RDC,Air,2008-03-20,2008-09-20,2009-03-20,2009-03-20,2009-03-20,ARV,Adult,SCMS from RDC,"Lamivudine/Nevirapine/Zidovudine 150/200/300mg, tablets, 60 Tabs",Lamivudine/Nevirapine/Zidovudine,Generic,150/300/200mg,Tablet - FDC,60,11188,132018.4,11.8,0.2,Mylan (formerly Matrix) Nashik,True,1435.0,9138.0,258.76
1564,11304,111-MZ-T01,Pre-PQ Process,SO-11070,DN-931,Mozambique,PMO - US,From RDC,N/A - From RDC,Truck,2007-11-14,2008-05-14,2008-11-14,2008-11-14,2008-11-14,ARV,Adult,SCMS from RDC,"Lamivudine/Nevirapine/Stavudine 150/200/30mg, tablets, 60 Tabs",Lamivudine/Nevirapine/Stavudine,Generic,150/200/30mg,Tablet - FDC,60,125009,900064.8,7.2,0.12,"Strides, Bangalore, India.",True,7910.0,1012.43,1440.1
1565,11305,130-NG-T01,Pre-PQ Process,SO-10600,DN-918,Nigeria,PMO - US,From RDC,N/A - From RDC,Air,2007-10-02,2008-04-02,2008-10-02,2008-10-02,2008-10-02,ARV,Adult,SCMS from RDC,"Lamivudine/Stavudine 150/30mg, tablets, 60 Tabs",Lamivudine/Stavudine,Generic,150/30mg,Tablet - FDC,60,969,3779.1,3.9,0.06,Mylan (formerly Matrix) Nashik,True,71.0,1181.41,6.05
1566,11306,112-NG-T01,Pre-PQ Process,SO-13470,DN-1079,Nigeria,PMO - US,From RDC,N/A - From RDC,Air,2008-02-16,2008-08-16,2009-02-16,2009-02-16,2009-02-16,ARV,Adult,SCMS from RDC,"Efavirenz 600mg, tablets, 30 Tabs",Efavirenz,Generic,600mg,Tablet,30,2063,24178.36,11.72,0.39,"Aurobindo Unit III, India",True,176.0,3680.33,47.39
1567,11307,104-CI-T01,Pre-PQ Process,SO-16181,DN-1019,Côte d'Ivoire,PMO - US,From RDC,N/A - From RDC,Air,2007-11-27,2008-05-27,2008-11-27,2008-11-27,2008-11-27,ARV,Pediatric,SCMS from RDC,"Zidovudine 10mg/ml, oral solution, Bottle, 240 ml",Zidovudine,Generic,10mg/ml,Oral solution,240,5800,12180.0,2.1,0.01,"Aurobindo Unit III, India",True,2177.0,5127.91,23.87
1568,11309,114-UG-T01,Pre-PQ Process,SO-2676,DN-915,Uganda,PMO - US,From RDC,N/A - From RDC,Air,2007-10-08,2008-04-08,2008-10-08,2008-10-08,2008-10-08,ARV,Adult,SCMS from RDC,"Lopinavir/Ritonavir 200/50mg [Aluvia], tablets, 120 Tabs",Lopinavir/Ritonavir,Aluvia,200/50mg,Tablet,120,80,3288.0,41.1,0.34,ABBVIE Ludwigshafen Germany,True,18.0,418.75,5.26
1569,11310,107-RW-T01,Pre-PQ Process,SO-27280,DN-1167,Rwanda,PMO - US,From RDC,N/A - From RDC,Air,2008-04-09,2008-10-09,2009-04-09,2009-04-09,2009-04-09,ARV,Adult,SCMS from RDC,"Lamivudine 150mg, tablets, 60 Tabs",Lamivudine,Generic,150mg,Tablet,60,6385,15579.4,2.44,0.04,"Aurobindo Unit III, India",True,327.0,1762.5,30.54
1570,11312,127-KE-T01,Pre-PQ Process,SO-29010,DN-1193,Kenya,PMO - US,From RDC,N/A - From RDC,Truck,2008-04-23,2008-10-23,2009-04-23,2009-04-23,2009-04-23,ARV,Pediatric,SCMS from RDC,"Efavirenz 30mg/ml [Stocrin/Sustiva], oral solution, Bottle, 180 ml",Efavirenz,Stocrin/Sustiva,30mg/ml,Oral solution,180,3930,39.3,0.01,0.0,"MSD, Haarlem, NL",True,668.5,225.96,0.08
1571,11313,151-NG-T01,Pre-PQ Process,SO-22526,DN-1201,Nigeria,PMO - US,From RDC,N/A - From RDC,Air Charter,2008-05-08,2008-11-08,2009-05-08,2009-05-08,2009-05-08,ARV,Adult,SCMS from RDC,"Lamivudine/Nevirapine/Zidovudine 150/200/300mg, tablets, 60 Tabs",Lamivudine/Nevirapine/Zidovudine,Generic,150/300/200mg,Tablet - FDC,60,53671,611849.4,11.4,0.19,"Aurobindo Unit III, India",True,6024.0,15128.37,1199.22
1572,11314,106-HT-T01,Pre-PQ Process,SO-24830,DN-1205,Haiti,PMO - US,From RDC,N/A - From RDC,Air,2008-05-19,2008-11-19,2009-05-19,2009-05-19,2009-05-19,ARV,Pediatric,SCMS from RDC,"Efavirenz 200mg, capsule, 90 Caps",Efavirenz,Generic,200mg,Capsule,90,420,6409.2,15.26,0.17,"Aurobindo Unit III, India",True,199.0,3133.23,12.56
1573,11315,151-NG-T01,Pre-PQ Process,SO-22528,DN-1210,Nigeria,PMO - US,From RDC,N/A - From RDC,Air,2008-05-14,2008-11-14,2009-05-14,2009-05-14,2009-05-14,ARV,Adult,SCMS from RDC,"Lamivudine/Nevirapine/Zidovudine 150/200/300mg, tablets, 60 Tabs",Lamivudine/Nevirapine/Zidovudine,Generic,150/300/200mg,Tablet - FDC,60,16698,190357.2,11.4,0.19,"Aurobindo Unit III, India",True,1901.0,18638.84,373.1
1574,11316,151-NG-T01,Pre-PQ Process,SO-22529,DN-1211,Nigeria,PMO - US,From RDC,N/A - From RDC,Air,2008-05-14,2008-11-14,2009-05-14,2009-05-14,2009-05-14,ARV,Adult,SCMS from RDC,"Lamivudine/Nevirapine/Zidovudine 150/200/300mg, tablets, 60 Tabs",Lamivudine/Nevirapine/Zidovudine,Generic,150/300/200mg,Tablet - FDC,60,9483,108106.2,11.4,0.19,"Aurobindo Unit III, India",True,1079.0,10823.52,211.89
1575,11317,114-UG-T01,Pre-PQ Process,SO-26140,DN-1222,Uganda,PMO - US,From RDC,N/A - From RDC,Air,2008-06-24,2008-12-24,2009-06-24,2009-06-24,2009-06-24,ARV,Adult,SCMS from RDC,"Efavirenz 600mg, tablets, 30 Tabs",Efavirenz,Generic,600mg,Tablet,30,867,8427.24,9.72,0.32,Mylan (formerly Matrix) Nashik,True,76.0,1954.23,16.52
1576,11318,111-MZ-T01,Pre-PQ Process,SO-30440,DN-1231,Mozambique,PMO - US,From RDC,N/A - From RDC,Truck,2008-06-28,2008-12-28,2009-06-28,2009-06-28,2009-06-28,ARV,Adult,SCMS from RDC,"Efavirenz 600mg, tablets, 30 Tabs",Efavirenz,Generic,600mg,Tablet,30,19400,188568.0,9.72,0.32,Mylan (formerly Matrix) Nashik,False,668.5,5192.68,369.59
1577,11319,114-UG-T01,Pre-PQ Process,SO-30100,DN-1232,Uganda,PMO - US,From RDC,N/A - From RDC,Air,2008-06-01,2008-12-01,2009-06-01,2009-06-01,2009-06-01,ARV,Adult,SCMS from RDC,"Emtricitabine/Tenofovir Disoproxil Fumarate 200/300mg [Truvada], tablets, 30 Tabs",Emtricitabine/Tenofovir Disoproxil Fumarate,Truvada,300/200mg,Tablet - FDC,30,90,2362.5,26.25,0.88,"Aspen-OSD, Port Elizabeth, SA",False,7.5,2485.92,4.63
1578,11320,111-MZ-T01,Pre-PQ Process,SO-30140,DN-1233,Mozambique,PMO - US,From RDC,N/A - From RDC,Air,2008-06-16,2008-12-16,2009-06-16,2009-06-16,2009-06-16,ARV,Adult,SCMS from RDC,"Lamivudine/Nevirapine/Zidovudine 150/200/300mg, tablets, 60 Tabs",Lamivudine/Nevirapine/Zidovudine,Generic,150/300/200mg,Tablet - FDC,60,7044,83119.2,11.8,0.2,Mylan (formerly Matrix) Nashik,True,668.5,3247.5699999999997,162.91
1579,11321,100-GH-T01,Pre-PQ Process,SO-30700,DN-1235,Ghana,PMO - US,From RDC,N/A - From RDC,Truck,2008-08-12,2009-02-12,2009-08-12,2009-08-12,2009-08-12,ARV,Pediatric,SCMS from RDC,"Didanosine 100mg, chewable/dispersible tablets, 60 Tabs",Didanosine,Generic,100mg,Chewable/dispersible tablet,60,888,8.88,0.01,0.0,"Aurobindo Unit III, India",False,119.0,3975.7,0.02
1580,11322,110-ZM-T01,Pre-PQ Process,SO-30920,DN-1241,Zambia,PMO - US,From RDC,N/A - From RDC,Truck,2008-06-10,2008-12-10,2009-06-10,2009-06-10,2009-06-10,ARV,Adult,SCMS from RDC,"Efavirenz 600mg, tablets, 30 Tabs",Efavirenz,Generic,600mg,Tablet,30,107180,857440.0,8.0,0.27,Mylan (formerly Matrix) Nashik,True,7995.0,0.0,1680.58
1581,11326,110-ZM-T01,Pre-PQ Process,SO-30300,DN-1250,Zambia,PMO - US,From RDC,N/A - From RDC,Truck,2008-06-15,2008-12-15,2009-06-15,2009-06-15,2009-06-15,ARV,Adult,SCMS from RDC,"Abacavir 300mg, tablets, 60 Tabs",Abacavir,Generic,300mg,Tablet,60,4594,116917.3,25.45,0.42,Mylan (formerly Matrix) Nashik,False,668.5,6476.695,229.16
1582,11327,110-ZM-T01,Pre-PQ Process,SO-30300,DN-1250,Zambia,PMO - US,From RDC,N/A - From RDC,Truck,2008-06-15,2008-12-15,2009-06-15,2009-06-15,2009-06-15,ARV,Adult,SCMS from RDC,"Lamivudine/Nevirapine/Stavudine 150/200/30mg, tablets, 60 Tabs",Lamivudine/Nevirapine/Stavudine,Generic,150/200/30mg,Tablet - FDC,60,95000,676400.0,7.12,0.12,"Cipla, Goa, India",False,9607.0,6476.695,1325.74
1583,11331,126-NG-T01,Pre-PQ Process,SO-26270,DN-1277,Nigeria,PMO - US,From RDC,N/A - From RDC,Air Charter,2008-06-16,2008-12-16,2009-06-16,2009-06-16,2009-06-16,ARV,Adult,SCMS from RDC,"Lamivudine/Tenofovir Disoproxil Fumarate 300/300mg, tablets, 30 Tabs",Lamivudine/Tenofovir Disoproxil Fumarate,Generic,300/300mg,Tablet - FDC,30,11000,126500.0,11.5,0.38,Mylan (formerly Matrix) Nashik,True,966.0,7329.83,247.94
1584,11332,113-ZW-T01,Pre-PQ Process,SO-21010,DN-1289,Zimbabwe,PMO - US,From RDC,N/A - From RDC,Truck,2008-06-22,2008-12-22,2009-06-22,2009-06-22,2009-06-22,ARV,Adult,SCMS from RDC,"Lamivudine/Nevirapine/Stavudine 150/200/30mg, tablets, 60 Tabs",Lamivudine/Nevirapine/Stavudine,Generic,150/200/30mg,Tablet - FDC,60,76000,541120.0,7.12,0.12,"Cipla, Goa, India",True,8955.0,14958.2,1060.6
1585,11333,123-NG-T01,Pre-PQ Process,SO-24483,DN-1295,Nigeria,PMO - US,From RDC,N/A - From RDC,Air Charter,2008-06-16,2008-12-16,2009-06-16,2009-06-16,2009-06-16,ARV,Adult,SCMS from RDC,"Lamivudine/Nevirapine/Stavudine 150/200/30mg, tablets, 60 Tabs",Lamivudine/Nevirapine/Stavudine,Generic,150/200/30mg,Tablet - FDC,60,40000,284800.0,7.12,0.12,"Strides, Bangalore, India.",True,2970.0,7329.83,558.21
1586,11336,104-CI-T01,Pre-PQ Process,SO-27540,DN-1315,Côte d'Ivoire,PMO - US,From RDC,N/A - From RDC,Air,2008-07-14,2009-01-14,2009-07-14,2009-07-14,2009-07-14,ARV,Adult,SCMS from RDC,"Tenofovir Disoproxil Fumarate 300mg, tablets, 30 Tabs",Tenofovir Disoproxil Fumarate,Generic,300mg,Tablet,30,6000,79680.0,13.28,0.44,Mylan (formerly Matrix) Nashik,False,581.0,4063.81,156.17
1587,11337,119-NA-T01,Pre-PQ Process,SO-30450,DN-1316,Namibia,PMO - US,From RDC,N/A - From RDC,Truck,2008-07-16,2009-01-16,2009-07-16,2009-07-16,2009-07-16,ARV,Adult,SCMS from RDC,"Lamivudine/Tenofovir Disoproxil Fumarate 300/300mg, tablets, 30 Tabs",Lamivudine/Tenofovir Disoproxil Fumarate,Generic,300/300mg,Tablet - FDC,30,25000,250000.0,10.0,0.33,Mylan (formerly Matrix) Nashik,True,2068.0,8502.12,490.0
1588,11338,104-CI-T01,Pre-PQ Process,SO-32250,DN-1335,Côte d'Ivoire,PMO - US,From RDC,N/A - From RDC,Air,2008-07-16,2009-01-16,2009-07-16,2009-07-16,2009-07-16,ARV,Adult,SCMS from RDC,"Lamivudine/Stavudine 150/30mg, tablets, 60 Tabs",Lamivudine/Stavudine,Generic,150/30mg,Tablet - FDC,60,9560,36328.0,3.8,0.06,Mylan (formerly Matrix) Nashik,True,722.0,2787.55,71.2
1589,11339,104-CI-T01,Pre-PQ Process,SO-32250,DN-1335,Côte d'Ivoire,PMO - US,From RDC,N/A - From RDC,Air,2008-07-16,2009-01-16,2009-07-16,2009-07-16,2009-07-16,ARV,Adult,SCMS from RDC,"Stavudine 15mg, capsules, 60 Caps",Stavudine,Generic,15mg,Capsule,60,296,444.0,1.5,0.02,"Aurobindo Unit III, India",False,668.5,4063.81,0.87
1590,11340,151-NG-T01,Pre-PQ Process,SO-32641,DN-1343,Nigeria,PMO - US,From RDC,N/A - From RDC,Air Charter,2008-08-04,2009-02-04,2009-08-04,2009-08-04,2009-08-04,ARV,Adult,SCMS from RDC,"Lamivudine/Nevirapine/Zidovudine 150/200/300mg, tablets, 60 Tabs",Lamivudine/Nevirapine/Zidovudine,Generic,150/300/200mg,Tablet - FDC,60,26550,302670.0,11.4,0.19,"Aurobindo Unit III, India",True,2991.0,7445.8,593.23
1591,11341,151-NG-T01,Pre-PQ Process,SO-32643,DN-1345,Nigeria,PMO - US,From RDC,N/A - From RDC,Air Charter,2008-08-04,2009-02-04,2009-08-04,2009-08-04,2009-08-04,ARV,Adult,SCMS from RDC,"Lamivudine/Nevirapine/Zidovudine 150/200/300mg, tablets, 60 Tabs",Lamivudine/Nevirapine/Zidovudine,Generic,150/300/200mg,Tablet - FDC,60,41948,478207.2,11.4,0.19,"Aurobindo Unit III, India",True,4724.0,7445.8,937.29
1592,11342,151-NG-T01,Pre-PQ Process,SO-27812,DN-1347,Nigeria,PMO - US,From RDC,N/A - From RDC,Air Charter,2008-08-04,2009-02-04,2009-08-04,2009-08-04,2009-08-04,ARV,Adult,SCMS from RDC,"Emtricitabine/Tenofovir Disoproxil Fumarate 200/300mg [Truvada], tablets, 30 Tabs",Emtricitabine/Tenofovir Disoproxil Fumarate,Truvada,300/200mg,Tablet - FDC,30,240,6300.0,26.25,0.88,"Aspen-OSD, Port Elizabeth, SA",True,21.0,7445.8,12.35
1593,11343,151-NG-T01,Pre-PQ Process,SO-27813,DN-1348,Nigeria,PMO - US,From RDC,N/A - From RDC,Air Charter,2008-08-04,2009-02-04,2009-08-04,2009-08-04,2009-08-04,ARV,Adult,SCMS from RDC,"Emtricitabine/Tenofovir Disoproxil Fumarate 200/300mg [Truvada], tablets, 30 Tabs",Emtricitabine/Tenofovir Disoproxil Fumarate,Truvada,300/200mg,Tablet - FDC,30,662,17377.5,26.25,0.88,"Aspen-OSD, Port Elizabeth, SA",True,58.0,7445.8,34.06
1594,11344,104-CI-T01,Pre-PQ Process,SO-27532,DN-1354,Côte d'Ivoire,PMO - US,From RDC,N/A - From RDC,Air,2008-08-11,2009-02-11,2009-08-11,2009-08-11,2009-08-11,ARV,Adult,SCMS from RDC,"Efavirenz 600mg, tablets, 30 Tabs",Efavirenz,Generic,600mg,Tablet,30,5010,48697.2,9.72,0.32,"Aurobindo Unit III, India",True,434.0,1854.88,95.45
1595,11345,104-CI-T01,Pre-PQ Process,SO-32230,DN-1359,Côte d'Ivoire,PMO - US,From RDC,N/A - From RDC,Air,2008-09-08,2009-03-08,2009-09-08,2009-09-08,2009-09-08,ARV,Adult,SCMS from RDC,"Zidovudine 300mg, tablets, 60 Tabs",Zidovudine,Generic,300mg,Tablet,60,8000,60240.0,7.53,0.13,Hetero Unit III Hyderabad IN,True,452.0,0.0,118.07
1596,11346,151-NG-T01,Pre-PQ Process,SO-27817,DN-1367,Nigeria,PMO - US,From RDC,N/A - From RDC,Air Charter,2008-08-04,2009-02-04,2009-08-04,2009-08-04,2009-08-04,ARV,Adult,SCMS from RDC,"Emtricitabine/Tenofovir Disoproxil Fumarate 200/300mg [Truvada], tablets, 30 Tabs",Emtricitabine/Tenofovir Disoproxil Fumarate,Truvada,300/200mg,Tablet - FDC,30,8462,222127.5,26.25,0.88,"Aspen-OSD, Port Elizabeth, SA",True,1225.0,7445.71,435.37
1597,11348,111-MZ-T01,Pre-PQ Process,SO-26423,DN-1379,Mozambique,PMO - US,From RDC,N/A - From RDC,Truck,2008-08-27,2009-02-27,2009-08-27,2009-09-17,2009-09-17,ARV,Adult,SCMS from RDC,"Lamivudine 150mg, tablets, 60 Tabs",Lamivudine,Generic,150mg,Tablet,60,374,912.56,2.44,0.04,"Aurobindo Unit III, India",True,18.0,1799.88,1.79
1598,11350,111-MZ-T01,Pre-PQ Process,SO-32560,DN-1395,Mozambique,PMO - US,From RDC,N/A - From RDC,Truck,2008-10-07,2009-04-07,2009-10-07,2009-10-07,2009-10-07,ARV,Adult,SCMS from RDC,"Efavirenz 600mg, tablets, 30 Tabs",Efavirenz,Generic,600mg,Tablet,30,8438,82017.36,9.72,0.32,"Aurobindo Unit III, India",True,1404.0,1588.05,160.75
1599,11351,111-MZ-T01,Pre-PQ Process,SO-32560,DN-1395,Mozambique,PMO - US,From RDC,N/A - From RDC,Truck,2008-10-07,2009-04-07,2009-10-07,2009-10-07,2009-10-07,ARV,Adult,SCMS from RDC,"Efavirenz 600mg, tablets, 30 Tabs",Efavirenz,Generic,600mg,Tablet,30,8662,84194.64,9.72,0.32,Mylan (formerly Matrix) Nashik,False,668.5,5192.68,165.02
1600,11352,113-ZW-T01,Pre-PQ Process,SO-21020,DN-1411,Zimbabwe,PMO - US,From RDC,N/A - From RDC,Truck,2008-09-22,2009-03-22,2009-09-22,2009-09-22,2009-09-22,ARV,Adult,SCMS from RDC,"Efavirenz 600mg, tablets, 30 Tabs",Efavirenz,Generic,600mg,Tablet,30,4000,42480.0,10.62,0.35,"Aurobindo Unit III, India",True,9020.0,14958.2,83.26
1601,11353,151-NG-T01,Pre-PQ Process,SO-33334,DN-1438,Nigeria,PMO - US,From RDC,N/A - From RDC,Air Charter,2008-10-20,2009-04-20,2009-10-20,2009-10-20,2009-10-20,ARV,Adult,SCMS from RDC,"Lamivudine/Nevirapine/Zidovudine 150/200/300mg, tablets, 60 Tabs",Lamivudine/Nevirapine/Zidovudine,Generic,150/300/200mg,Tablet - FDC,60,60930,694602.0,11.4,0.19,"Aurobindo Unit III, India",True,6862.0,9341.49,1361.42
1602,11354,151-NG-T01,Pre-PQ Process,SO-27822,DN-1441,Nigeria,PMO - US,From RDC,N/A - From RDC,Air Charter,2008-10-20,2009-04-20,2009-10-20,2009-10-20,2009-10-20,ARV,Adult,SCMS from RDC,"Emtricitabine/Tenofovir Disoproxil Fumarate 200/300mg, tablets, 30 Tabs",Emtricitabine/Tenofovir Disoproxil Fumarate,Generic,200/300mg,Tablet - FDC,30,25000,293750.0,11.75,0.39,Mylan (formerly Matrix) Nashik,True,2023.0,9341.49,575.75
1603,11356,110-ZM-T01,Pre-PQ Process,SO-33022,DN-1463,Zambia,PMO - US,From RDC,N/A - From RDC,Truck,2008-10-13,2009-04-13,2009-10-13,2009-10-13,2009-10-13,ARV,Adult,SCMS from RDC,"Lamivudine/Zidovudine 150/300mg, tablets, 60 Tabs",Lamivudine/Zidovudine,Generic,150/300mg,Tablet - FDC,60,40000,350400.0,8.76,0.15,"Aurobindo Unit III, India",True,3626.0,4997.47,686.78
1604,11357,106-HT-T01,Pre-PQ Process,SO-32720,DN-1466,Haiti,PMO - US,From RDC,N/A - From RDC,Air,2008-10-21,2009-04-21,2009-10-21,2009-10-21,2009-10-21,ARV,Adult,SCMS from RDC,"Lamivudine/Zidovudine 150/300mg, tablets, 60 Tabs",Lamivudine/Zidovudine,Generic,150/300mg,Tablet - FDC,60,59952,525179.52,8.76,0.15,"Aurobindo Unit III, India",True,6967.0,75688.58,1029.35
1605,11358,100-GH-T01,Pre-PQ Process,SO-33650,DN-1473,Ghana,PMO - US,From RDC,N/A - From RDC,Truck,2008-09-30,2009-03-30,2009-09-30,2009-08-12,2009-08-12,ARV,Pediatric,SCMS from RDC,"Lopinavir/Ritonavir 80/20mg/ml [Kaletra], oral solution, cool, Bottle 5 x 60 ml",Lopinavir/Ritonavir,Kaletra,80/20mg/ml,Oral solution,300,129,1.29,0.01,0.0,ABBVIE (Abbott) Logis. UK,True,253.0,3975.7,0.0
1606,11361,109-TZ-T01,Pre-PQ Process,SO-31284,DN-1565,Tanzania,PMO - US,From RDC,N/A - From RDC,Truck,2009-01-14,2009-07-14,2010-01-14,2010-01-14,2010-01-14,ARV,Adult,SCMS from RDC,"Abacavir 300mg, tablets, 60 Tabs",Abacavir,Generic,300mg,Tablet,60,6376,136573.92,21.42,0.36,"Aurobindo Unit III, India",True,640.0,2751.0,294.45
1607,11367,107-RW-T01,Pre-PQ Process,SO-308,DN-25,Rwanda,PMO - US,From RDC,N/A - From RDC,Air,2006-03-17,2006-09-17,2007-03-17,2007-03-17,2007-03-17,ARV,Adult,SCMS from RDC,"Tenofovir Disoproxil Fumarate 300mg [Viread], tablets, 30 Tabs",Tenofovir Disoproxil Fumarate,Viread,300mg,Tablet,30,4000,68000.0,17.0,0.57,Gilead(Nycomed) Oranienburg DE,True,256.0,12205.4,0.0
1608,11368,100-CI-T01,Pre-PQ Process,SO-373,DN-30,Côte d'Ivoire,PMO - US,From RDC,N/A - From RDC,Air,2006-03-15,2006-09-15,2007-03-15,2007-03-15,2007-03-15,ARV,Adult,SCMS from RDC,"Indinavir 400mg [Crixivan], capsules, 180 Caps",Indinavir,Crixivan,400mg,Capsule,180,370,18248.4,49.32,0.27,MSD Elkton USA,False,42.0,4063.81,0.0
1609,11369,100-CI-T01,Pre-PQ Process,SO-373,DN-30,Côte d'Ivoire,PMO - US,From RDC,N/A - From RDC,Air,2006-03-15,2006-09-15,2007-03-15,2007-03-15,2007-03-15,ARV,Adult,SCMS from RDC,"Abacavir 300mg, tablets, 60 Tabs",Abacavir,Generic,300mg,Tablet,60,33,1453.65,44.05,0.73,"Aurobindo Unit III, India",False,668.5,4063.81,0.0
1610,11370,110-ZM-T01,Pre-PQ Process,SO-233,DN-40,Zambia,PMO - US,From RDC,N/A - From RDC,Truck,2006-04-02,2006-10-02,2007-04-02,2007-04-02,2007-04-02,HRDT,HIV test,SCMS from RDC,"HIV 1/2, Bioline 3.0 Kit, Lancets, Capillary pipets, Alcohol swabs included, 25 Tests","HIV 1/2, Bioline 3.0 Kit, Lancets, Capillary pipets, Alcohol swabs included",Bioline,no_dosage,Test kit,25,561,11220.0,20.0,0.8,"Standard Diagnostics, Korea",True,191.0,1200.12,0.0
1611,11372,112-NG-T01,Pre-PQ Process,SO-341,DN-93,Nigeria,PMO - US,From RDC,N/A - From RDC,Air Charter,2006-04-17,2006-10-17,2007-04-17,2007-04-17,2007-04-17,ARV,Adult,SCMS from RDC,"Lamivudine/Zidovudine+Nevirapine 150/300+200mg, tablets, co-blister, 60+60 Tabs",Lamivudine/Zidovudine+Nevirapine,Generic,150/300+200mg,Tablet - FDC + co-blister,120,2703,55411.5,20.5,0.17,"Aspen-OSD, Port Elizabeth, SA",False,401.0,12601.07,0.0
1612,11373,100-CI-T01,Pre-PQ Process,SO-397,DN-54,Côte d'Ivoire,PMO - US,From RDC,N/A - From RDC,Air,2006-05-04,2006-11-04,2007-05-04,2007-05-04,2007-05-04,ARV,Adult,SCMS from RDC,"Efavirenz 600mg, tablets, 30 Tabs",Efavirenz,Generic,600mg,Tablet,30,4500,73125.0,16.25,0.54,"Aurobindo Unit III, India",True,410.0,1931.0,0.0
1613,11374,100-CI-T01,Pre-PQ Process,SO-286,DN-71,Côte d'Ivoire,PMO - US,From RDC,N/A - From RDC,Air,2006-04-30,2006-10-30,2007-04-30,2007-04-30,2007-04-30,ARV,Adult,SCMS from RDC,"Indinavir 400mg [Crixivan], capsules, 180 Caps",Indinavir,Crixivan,400mg,Capsule,180,740,36496.8,49.32,0.27,MSD Elkton USA,True,206.0,1583.0,0.0
1614,11376,109-TZ-T01,Pre-PQ Process,SO-422,DN-127,Tanzania,PMO - US,From RDC,N/A - From RDC,Air,2006-06-06,2006-12-06,2007-06-06,2007-06-06,2007-06-06,ARV,Adult,SCMS from RDC,"Lamivudine/Zidovudine 150/300mg, tablets, 60 Tabs",Lamivudine/Zidovudine,Generic,150/300mg,Tablet - FDC,60,28512,304508.16,10.68,0.18,"Aurobindo Unit III, India",True,2630.0,13820.4,0.0
1615,11377,113-ZW-T01,Pre-PQ Process,SO-223,DN-92,Zimbabwe,PMO - US,From RDC,N/A - From RDC,Truck,2006-04-18,2006-10-18,2007-04-18,2007-04-18,2007-04-18,ARV,Adult,SCMS from RDC,"Zidovudine 300mg, tablets, 60 Tabs",Zidovudine,Generic,300mg,Tablet,60,421,4113.17,9.77,0.16,"Ranbaxy, Paonta Shahib, India",True,25.0,516.84,0.0
1616,11378,112-NG-T01,Pre-PQ Process,SO-329,DN-132,Nigeria,PMO - US,From RDC,N/A - From RDC,Air Charter,2006-05-23,2006-11-23,2007-05-23,2007-05-23,2007-05-23,ARV,Pediatric,SCMS from RDC,"Nevirapine 10mg/ml, oral suspension, Bottle, 240 ml",Nevirapine,Generic,10mg/ml,Oral suspension,240,1181,4133.5,3.5,0.01,"Aurobindo Unit III, India",False,668.5,12601.07,0.0
1617,11379,110-ZM-T01,Pre-PQ Process,SO-536,DN-136,Zambia,PMO - US,From RDC,N/A - From RDC,Air,2006-05-21,2006-11-21,2007-05-21,2007-05-21,2007-05-21,HRDT,HIV test,SCMS from RDC,"HIV 1/2, Bioline 3.0 Kit, Lancets, Capillary pipets, Alcohol swabs included, 25 Tests","HIV 1/2, Bioline 3.0 Kit, Lancets, Capillary pipets, Alcohol swabs included",Bioline,no_dosage,Test kit,25,452,9040.0,20.0,0.8,"Standard Diagnostics, Korea",True,394.0,1250.72,0.0
1618,11381,107-RW-T01,Pre-PQ Process,SO-396,DN-43,Rwanda,PMO - US,From RDC,N/A - From RDC,Air,2006-03-17,2006-09-17,2007-03-17,2007-03-17,2007-03-17,ARV,Adult,SCMS from RDC,"Tenofovir Disoproxil Fumarate 300mg [Viread], tablets, 30 Tabs",Tenofovir Disoproxil Fumarate,Viread,300mg,Tablet,30,4000,68000.0,17.0,0.57,Gilead(Nycomed) Oranienburg DE,True,265.0,11931.0,0.0
1619,11383,110-ZM-T01,Pre-PQ Process,SO-206,DN-69,Zambia,PMO - US,From RDC,N/A - From RDC,Truck,2006-04-20,2006-10-20,2007-04-20,2007-04-20,2007-04-20,ARV,Adult,SCMS from RDC,"Abacavir 300mg, tablets, 60 Tabs",Abacavir,Generic,300mg,Tablet,60,5000,177500.0,35.5,0.59,"Aurobindo Unit III, India",True,239.0,1684.15,0.0
1620,11384,107-RW-T01,Pre-PQ Process,SO-481,DN-100,Rwanda,PMO - US,From RDC,N/A - From RDC,Air,2006-05-14,2006-11-14,2007-05-14,2007-05-14,2007-05-14,ARV,Adult,SCMS from RDC,"Stavudine 30mg, capsules, 60 Caps",Stavudine,Generic,30mg,Capsule,60,117,188.37,1.61,0.03,"Strides, Bangalore, India.",False,155.0,5865.805,0.0
1621,11385,107-RW-T01,Pre-PQ Process,SO-481,DN-100,Rwanda,PMO - US,From RDC,N/A - From RDC,Air,2006-05-14,2006-11-14,2007-05-14,2007-05-14,2007-05-14,ARV,Adult,SCMS from RDC,"Stavudine 40mg, capsules, 60 Caps",Stavudine,Generic,40mg,Capsule,60,306,651.78,2.13,0.04,"Strides, Bangalore, India.",False,668.5,5865.805,0.0
1622,11386,100-CI-T01,Pre-PQ Process,SO-438,DN-80,Côte d'Ivoire,PMO - US,From RDC,N/A - From RDC,Air,2006-04-30,2006-10-30,2007-04-30,2007-04-30,2007-04-30,ARV,Adult,SCMS from RDC,"Lamivudine/Nevirapine/Stavudine 150/200/30mg, tablets, 60 Tabs",Lamivudine/Nevirapine/Stavudine,Generic,150/200/30mg,Tablet - FDC,60,9000,67500.0,7.5,0.12,"Cipla, Goa, India",True,974.0,3166.0,0.0
1623,11387,104-CI-T01,Pre-PQ Process,SO-585,DN-193,Côte d'Ivoire,PMO - US,From RDC,N/A - From RDC,Air,2006-06-28,2006-12-28,2007-06-28,2007-06-28,2007-06-28,ARV,Adult,SCMS from RDC,"Stavudine 15mg, capsules, 60 Caps",Stavudine,Generic,15mg,Capsule,60,401,862.15,2.15,0.04,"Aurobindo Unit III, India",True,235.0,1619.0,1.38
1624,11390,104-CI-T01,Pre-PQ Process,SO-594,DN-198,Côte d'Ivoire,PMO - US,From RDC,N/A - From RDC,Air,2006-06-25,2006-12-25,2007-06-25,2007-06-25,2007-06-25,ARV,Adult,SCMS from RDC,"Abacavir 300mg, tablets, 60 Tabs",Abacavir,Generic,300mg,Tablet,60,957,34260.6,35.8,0.6,"Aurobindo Unit III, India",True,95.0,1448.0,54.82
1625,11391,104-CI-T01,Pre-PQ Process,SO-519,DN-199,Côte d'Ivoire,PMO - US,From RDC,N/A - From RDC,Air,2006-07-05,2007-01-05,2007-07-05,2007-07-05,2007-07-05,ARV,Pediatric,SCMS from RDC,"Zidovudine 10mg/ml, oral solution, Bottle, 240 ml",Zidovudine,Generic,10mg/ml,Oral solution,240,4316,17048.2,3.95,0.02,"Aurobindo Unit III, India",True,6634.0,15561.0,27.28
1626,11393,110-ZM-T01,Pre-PQ Process,SO-498,DN-182,Zambia,PMO - US,From RDC,N/A - From RDC,Truck,2006-06-14,2006-12-14,2007-06-14,2007-06-14,2007-06-14,ARV,Adult,SCMS from RDC,"Efavirenz 600mg, tablets, 30 Tabs",Efavirenz,Generic,600mg,Tablet,30,25874,420711.24,16.26,0.54,"Aurobindo Unit III, India",False,668.5,6476.695,0.0
1627,11394,110-ZM-T01,Pre-PQ Process,SO-479,DN-186,Zambia,PMO - US,From RDC,N/A - From RDC,Truck,2006-06-12,2006-12-12,2007-06-12,2007-06-12,2007-06-12,ARV,Pediatric,SCMS from RDC,"Efavirenz 50mg [Stocrin/Sustiva], capsule, 30 Caps",Efavirenz,Stocrin/Sustiva,50mg,Capsule,30,570,1977.9,3.47,0.12,"MSD Manati, Puerto Rico, (USA)",True,26.0,505.17,0.0
1628,11395,110-ZM-T01,Pre-PQ Process,SO-623,DN-204,Zambia,PMO - US,From RDC,N/A - From RDC,Truck,2006-06-20,2006-12-20,2007-06-20,2007-06-20,2007-06-20,ARV,Adult,SCMS from RDC,"Lopinavir/Ritonavir 200/50mg [Aluvia], tablets, 120 Tabs",Lopinavir/Ritonavir,Aluvia,200/50mg,Tablet,120,2820,115902.0,41.1,0.34,ABBVIE Ludwigshafen Germany,True,614.0,2880.35,185.44
1629,11397,104-CI-T01,Pre-PQ Process,SO-517,DN-160,Côte d'Ivoire,PMO - US,From RDC,N/A - From RDC,Air,2006-06-15,2006-12-15,2007-06-15,2007-06-15,2007-06-15,ARV,Adult,SCMS from RDC,"Lamivudine/Nevirapine/Stavudine 150/200/30mg, tablets, 60 Tabs",Lamivudine/Nevirapine/Stavudine,Generic,150/200/30mg,Tablet - FDC,60,8347,62602.5,7.5,0.12,"Cipla, Goa, India",True,1313.0,3908.0,0.0
1630,11398,104-CI-T01,Pre-PQ Process,SO-517,DN-160,Côte d'Ivoire,PMO - US,From RDC,N/A - From RDC,Air,2006-06-15,2006-12-15,2007-06-15,2007-06-15,2007-06-15,ARV,Adult,SCMS from RDC,"Saquinavir 200mg [Invirase], capsules, 270 Caps",Saquinavir,Invirase,200mg,Capsule,270,638,50172.32,78.64,0.29,Roche Basel,False,45.0,4063.81,0.0
1631,11401,107-RW-T01,Pre-PQ Process,SO-240,DN-150,Rwanda,PMO - US,From RDC,N/A - From RDC,Air,2006-05-22,2006-11-22,2007-05-22,2007-05-22,2007-05-22,HRDT,HIV test,SCMS from RDC,"HIV 1/2/O, First Response HIV 1-2.0, v.3.0 Cards Kit, 30 Tests","HIV 1/2/O, First Response HIV 1-2.0, v.3.0 Cards Kit",First Response,no_dosage,Test kit,30,2000,42000.0,21.0,0.7,Premier Med. Corp Ltd. India,True,662.5,2805.51,0.0
1632,11402,107-RW-T01,Pre-PQ Process,SO-240,DN-150,Rwanda,PMO - US,From RDC,N/A - From RDC,Air,2006-05-22,2006-11-22,2007-05-22,2007-05-22,2007-05-22,HRDT,HIV test,SCMS from RDC,"HIV 1/2, Capillus HIV Kit, 100 Tests","HIV 1/2, Capillus HIV Kit",Capillus,no_dosage,Test kit,100,60,8340.0,139.0,1.39,"Trinity Biotech, Plc",False,144.0,5865.805,0.0
1633,11403,117-ET-T01,Pre-PQ Process,SO-582,DN-157,Ethiopia,PMO - US,From RDC,N/A - From RDC,Air,2006-05-24,2006-11-24,2007-05-24,2007-05-24,2007-05-24,HRDT,HIV test,SCMS from RDC,"HIV 1/2, Capillus HIV Kit, 100 Tests","HIV 1/2, Capillus HIV Kit",Capillus,no_dosage,Test kit,100,200,27800.0,139.0,1.39,"Trinity Biotech, Plc",True,213.0,2129.46,0.0
1634,11404,110-ZM-T01,Pre-PQ Process,SO-230,DN-165,Zambia,PMO - US,From RDC,N/A - From RDC,Truck,2006-06-05,2006-12-05,2007-06-05,2007-06-05,2007-06-05,ARV,Adult,SCMS from RDC,"Nevirapine 200mg, tablets, 60 Tabs",Nevirapine,Generic,200mg,Tablet,60,33333,122332.11,3.67,0.06,"Aurobindo Unit III, India",True,3118.0,0.0,0.0
1635,11407,104-CI-T01,Pre-PQ Process,SO-652,DN-244,Côte d'Ivoire,PMO - US,From RDC,N/A - From RDC,Air,2006-07-20,2007-01-20,2007-07-20,2007-07-20,2007-07-20,ARV,Adult,SCMS from RDC,"Lopinavir/Ritonavir 200/50mg [Aluvia], tablets, 120 Tabs",Lopinavir/Ritonavir,Aluvia,200/50mg,Tablet,120,1110,45621.0,41.1,0.34,ABBVIE Ludwigshafen Germany,True,222.0,1603.0,72.99
1636,11409,111-MZ-T01,Pre-PQ Process,SO-577,DN-279,Mozambique,PMO - US,From RDC,N/A - From RDC,Air,2006-09-21,2007-03-21,2007-09-21,2007-09-21,2007-09-21,ARV,Pediatric,SCMS from RDC,"Efavirenz 50mg, capsule, 30 Caps",Efavirenz,Generic,50mg,Capsule,30,570,1949.4,3.42,0.11,"Aurobindo Unit III, India",True,35.0,364.51,3.12
1637,11411,104-CI-T01,Pre-PQ Process,SO-788,DN-255,Côte d'Ivoire,PMO - US,From RDC,N/A - From RDC,Air,2006-07-31,2007-01-31,2007-07-31,2007-07-31,2007-07-31,HRDT,HIV test,SCMS from RDC,"HIV 1/2, Determine Complete HIV Kit, 100 Tests","HIV 1/2, Determine Complete HIV Kit",Determine,no_dosage,Test kit,100,79,6320.0,80.0,0.8,ABBVIE GmbH & Co.KG Wiesbaden,True,27.0,286.76,10.11
1638,11412,111-MZ-T01,Pre-PQ Process,SO-502,DN-282,Mozambique,PMO - US,From RDC,N/A - From RDC,Air,2006-10-10,2007-04-10,2007-10-10,2007-10-10,2007-10-10,ARV,Adult,SCMS from RDC,"Ritonavir 100mg [Norvir], capsules, cool, 4 x 84 Caps",Ritonavir,Norvir,100mg,Capsule,336,140,5370.4,38.36,0.11,ABBVIE (Abbott) Logis. UK,False,17.0,3247.5699999999997,8.59
1639,11417,109-TZ-T01,Pre-PQ Process,SO-645,DN-216,Tanzania,PMO - US,From RDC,N/A - From RDC,Air,2006-07-18,2007-01-18,2007-07-18,2007-07-18,2007-07-18,HRDT,HIV test,SCMS from RDC,"HIV 1/2, Bioline 3.0 Kit, Lancets, Capillary pipets, Alcohol swabs included, 25 Tests","HIV 1/2, Bioline 3.0 Kit, Lancets, Capillary pipets, Alcohol swabs included",Bioline,no_dosage,Test kit,25,6452,129040.0,20.0,0.8,"Standard Diagnostics, Korea",True,2334.0,9343.18,206.46
1640,11418,111-MZ-T01,Pre-PQ Process,SO-695,DN-214,Mozambique,PMO - US,From RDC,N/A - From RDC,Air,2006-07-18,2007-01-18,2007-07-18,2007-07-18,2007-07-18,ARV,Adult,SCMS from RDC,"Lopinavir/Ritonavir 200/50mg [Aluvia], tablets, 120 Tabs",Lopinavir/Ritonavir,Aluvia,200/50mg,Tablet,120,4000,164400.0,41.1,0.34,ABBVIE Ludwigshafen Germany,True,870.0,1149.57,263.04
1641,11419,104-CI-T01,Pre-PQ Process,SO-590,DN-220,Côte d'Ivoire,PMO - US,From RDC,N/A - From RDC,Air,2006-07-18,2007-01-18,2007-07-18,2007-07-18,2007-07-18,ARV,Adult,SCMS from RDC,"Lamivudine/Nevirapine/Stavudine 150/200/30mg, tablets, 60 Tabs",Lamivudine/Nevirapine/Stavudine,Generic,150/200/30mg,Tablet - FDC,60,209,1567.5,7.5,0.12,"Cipla, Goa, India",False,12.0,4063.81,2.51
1642,11420,104-CI-T01,Pre-PQ Process,SO-522,DN-240,Côte d'Ivoire,PMO - US,From RDC,N/A - From RDC,Air,2006-07-16,2007-01-16,2007-07-16,2007-07-16,2007-07-16,ARV,Adult,SCMS from RDC,"Saquinavir 200mg [Invirase], capsules, 270 Caps",Saquinavir,Invirase,200mg,Capsule,270,575,45218.0,78.64,0.29,Roche Basel,False,668.5,4063.81,72.35
1643,11424,113-ZW-T01,Pre-PQ Process,SO-416,DN-252,Zimbabwe,PMO - US,From RDC,N/A - From RDC,Truck,2006-07-30,2007-01-30,2007-07-30,2007-07-30,2007-07-30,ARV,Adult,SCMS from RDC,"Efavirenz 600mg, tablets, 30 Tabs",Efavirenz,Generic,600mg,Tablet,30,3200,52032.0,16.26,0.54,"Aurobindo Unit III, India",True,280.0,1300.45,83.25
1644,11425,111-MZ-T01,Pre-PQ Process,SO-499,DN-258,Mozambique,PMO - US,From RDC,N/A - From RDC,Air,2006-08-15,2007-02-15,2007-08-15,2007-08-15,2007-08-15,ARV,Pediatric,SCMS from RDC,"Efavirenz 200mg, capsule, 90 Caps",Efavirenz,Generic,200mg,Capsule,90,422,7152.9,16.95,0.19,"Aurobindo Unit III, India",True,514.0,740.43,11.44
1645,11426,104-CI-T01,Pre-PQ Process,SO-523,DN-260,Côte d'Ivoire,PMO - US,From RDC,N/A - From RDC,Air,2006-08-03,2007-02-03,2007-08-03,2007-08-03,2007-08-03,ARV,Adult,SCMS from RDC,"Abacavir/Lamivudine/Zidovudine 300/150/300mg [Trizivir], tablets, 60 Tabs",Abacavir/Lamivudine/Zidovudine,Trizivir,300/150/300mg,Tablet - FDC,60,400,28000.0,70.0,1.17,GSK Ware (UK),True,2270.0,6889.0,44.8
1646,11430,114-UG-T01,Pre-PQ Process,SO-895,DN-298,Uganda,PMO - US,From RDC,N/A - From RDC,Air,2006-08-27,2007-02-27,2007-08-27,2007-08-27,2007-08-27,ARV,Adult,SCMS from RDC,"Stavudine 30mg, capsules, 60 Caps",Stavudine,Generic,30mg,Capsule,60,1000,1520.0,1.52,0.03,"Strides, Bangalore, India.",False,132.0,2485.92,2.43
1647,11431,104-CI-T01,Pre-PQ Process,SO-631,DN-306,Côte d'Ivoire,PMO - US,From RDC,N/A - From RDC,Air,2006-08-17,2007-02-17,2007-08-17,2007-08-17,2007-08-17,ARV,Adult,SCMS from RDC,"Ritonavir 100mg [Norvir], capsules, cool, 4 x 84 Caps",Ritonavir,Norvir,100mg,Capsule,336,1025,39319.0,38.36,0.11,ABBVIE (Abbott) France,True,1436.0,5911.5,62.91
1648,11432,111-MZ-T01,Pre-PQ Process,SO-925,DN-307,Mozambique,PMO - US,From RDC,N/A - From RDC,Air,2006-09-04,2007-03-04,2007-09-04,2007-09-04,2007-09-04,ARV,Adult,SCMS from RDC,"Lamivudine/Zidovudine 150/300mg, tablets, 60 Tabs",Lamivudine/Zidovudine,Generic,150/300mg,Tablet - FDC,60,10800,102600.0,9.5,0.16,"Aurobindo Unit III, India",True,1020.0,1998.5,164.16
1649,11433,111-MZ-T01,Pre-PQ Process,SO-927,DN-308,Mozambique,PMO - US,From RDC,N/A - From RDC,Air,2006-09-04,2007-03-04,2007-09-04,2007-09-04,2007-09-04,ARV,Adult,SCMS from RDC,"Stavudine 30mg, capsules, 60 Caps",Stavudine,Generic,30mg,Capsule,60,630,957.6,1.52,0.03,"Aurobindo Unit III, India",True,36.0,1998.5,1.53
1650,11434,110-ZM-T01,Pre-PQ Process,SO-942,DN-309,Zambia,PMO - US,From RDC,N/A - From RDC,Air,2006-08-21,2007-02-21,2007-08-21,2007-08-21,2007-08-21,ARV,Pediatric,SCMS from RDC,"Nevirapine 10mg/ml, oral suspension, Bottle, 240 ml",Nevirapine,Generic,10mg/ml,Oral suspension,240,10624,65868.8,6.2,0.03,"Aurobindo Unit III, India",True,3785.0,13116.0,105.39
1651,11435,104-CI-T01,Pre-PQ Process,SO-959,DN-320,Côte d'Ivoire,PMO - US,From RDC,N/A - From RDC,Air,2006-08-28,2007-02-28,2007-08-30,2007-08-30,2007-08-30,ARV,Adult,SCMS from RDC,"Indinavir 400mg [Crixivan], capsules, 180 Caps",Indinavir,Crixivan,400mg,Capsule,180,7839,391950.0,50.0,0.28,MSD Elkton USA,False,668.5,4063.81,627.12
1652,11436,104-CI-T01,Pre-PQ Process,SO-959,DN-320,Côte d'Ivoire,PMO - US,From RDC,N/A - From RDC,Air,2006-08-28,2007-02-28,2007-08-30,2007-08-30,2007-08-30,ARV,Adult,SCMS from RDC,"Lopinavir/Ritonavir 200/50mg [Aluvia], tablets, 120 Tabs",Lopinavir/Ritonavir,Aluvia,200/50mg,Tablet,120,726,29838.6,41.1,0.34,ABBVIE Ludwigshafen Germany,False,199.0,4063.81,47.74
1653,11450,110-ZM-T01,Pre-PQ Process,SO-627,DN-340,Zambia,PMO - US,From RDC,N/A - From RDC,Truck,2006-09-14,2007-03-14,2007-09-14,2007-09-14,2007-09-14,ARV,Pediatric,SCMS from RDC,"Lopinavir/Ritonavir 80/20mg/ml [Kaletra], oral solution, cool, Bottle 5 x 60 ml",Lopinavir/Ritonavir,Kaletra,80/20mg/ml,Oral solution,300,665,27331.5,41.1,0.14,ABBVIE (Abbott) Logis. UK,True,603.0,2839.2,43.73
1654,11452,111-MZ-T01,Pre-PQ Process,SO-924,DN-344,Mozambique,PMO - US,From RDC,N/A - From RDC,Air,2006-10-05,2007-04-05,2007-10-05,2007-10-05,2007-10-05,ARV,Adult,SCMS from RDC,"Lamivudine/Stavudine 150/30mg, tablets, 30 Tabs",Lamivudine/Stavudine,Generic,150/30mg,Tablet - FDC,30,70000,140000.0,2.0,0.07,"Cipla, Goa, India",False,6406.0,3247.5699999999997,224.0
1655,11454,117-ET-T01,Pre-PQ Process,SO-914,DN-332,Ethiopia,PMO - US,From RDC,N/A - From RDC,Air,2006-09-04,2007-03-04,2007-09-04,2007-09-04,2007-09-04,ARV,Adult,SCMS from RDC,"Lamivudine 150mg, tablets, 60 Tabs",Lamivudine,Generic,150mg,Tablet,60,15960,48518.4,3.04,0.05,"Aurobindo Unit III, India",False,1285.0,4672.77,77.63
1656,11456,110-ZM-T01,Pre-PQ Process,SO-1072,DN-353,Zambia,PMO - US,From RDC,N/A - From RDC,Truck,2006-09-14,2007-03-14,2007-09-14,2007-09-14,2007-09-14,ARV,Pediatric,SCMS from RDC,"Stavudine 1mg/ml, powder for oral solution, 200 ml",Stavudine,Generic,1mg/ml,Oral solution,200,9050,13122.5,1.45,0.01,"Aurobindo Unit III, India",True,1084.0,5181.0,21.0
1657,11458,110-ZM-T01,Pre-PQ Process,SO-978,DN-397,Zambia,PMO - US,From RDC,N/A - From RDC,Truck,2006-11-26,2007-05-26,2007-11-26,2007-11-26,2007-11-26,ARV,Adult,SCMS from RDC,"Efavirenz 600mg, tablets, 30 Tabs",Efavirenz,Generic,600mg,Tablet,30,44135,548156.7,12.42,0.41,"Aurobindo Unit III, India",True,4082.0,13484.72,877.05
1658,11462,112-NG-T01,Pre-PQ Process,SO-565,DN-373,Nigeria,PMO - US,From RDC,N/A - From RDC,Air,2006-09-20,2007-03-20,2007-09-20,2007-09-20,2007-09-20,ARV,Adult,SCMS from RDC,"Lamivudine/Zidovudine 150/300mg, tablets, 60 Tabs",Lamivudine/Zidovudine,Generic,150/300mg,Tablet - FDC,60,229,2445.72,10.68,0.18,"Aurobindo Unit III, India",False,668.5,10144.765,3.91
1659,11464,111-MZ-T01,Pre-PQ Process,SO-1110,DN-375,Mozambique,PMO - US,From RDC,N/A - From RDC,Air,2006-10-30,2007-04-30,2007-10-31,2007-10-31,2007-10-31,HRDT,HIV test,SCMS from RDC,"HIV 1/2, Determine Complete HIV Kit, 100 Tests","HIV 1/2, Determine Complete HIV Kit",Determine,no_dosage,Test kit,100,4000,288000.0,72.0,0.72,ABBVIE GmbH & Co.KG Wiesbaden,True,2526.0,1871.05,460.8
1660,11472,110-ZM-T01,Pre-PQ Process,SO-1073,DN-371,Zambia,PMO - US,From RDC,N/A - From RDC,Truck,2006-09-21,2007-03-21,2007-09-21,2007-09-21,2007-09-21,ARV,Pediatric,SCMS from RDC,"Stavudine 1mg/ml, powder for oral solution, 200 ml",Stavudine,Generic,1mg/ml,Oral solution,200,2950,4277.5,1.45,0.01,"Aurobindo Unit III, India",True,267.0,3094.0,6.84
1661,11473,104-CI-T01,Pre-PQ Process,SO-1113,DN-385,Côte d'Ivoire,PMO - US,From RDC,N/A - From RDC,Air,2006-10-22,2007-04-22,2007-10-22,2007-10-22,2007-10-22,HRDT,HIV test - Ancillary,SCMS from RDC,"HIV, Lancet, Safety, for HIV Test kits, 100 Pcs","HIV, Lancet, Safety, for HIV Test kits, 100 Pcs",Generic,no_dosage,Test kit - Ancillary,100,595,5.95,0.01,0.0,Inverness Japan,False,131.5,4063.81,0.01
1662,11474,100-ZW-T01,Pre-PQ Process,SO-706,DN-401,Zimbabwe,PMO - US,From RDC,N/A - From RDC,Air,2006-11-25,2007-05-25,2007-11-25,2007-11-25,2007-11-25,ARV,Adult,SCMS from RDC,"Efavirenz 600mg, tablets, 30 Tabs",Efavirenz,Generic,600mg,Tablet,30,1860,23101.2,12.42,0.41,"Cipla, Goa, India",True,4256.0,5145.86,36.96
1663,11475,100-ZW-T01,Pre-PQ Process,SO-706,DN-401,Zimbabwe,PMO - US,From RDC,N/A - From RDC,Air,2006-11-25,2007-05-25,2007-11-25,2007-11-25,2007-11-25,ARV,Adult,SCMS from RDC,"Lamivudine/Nevirapine/Stavudine 150/200/30mg, tablets, 60 Tabs",Lamivudine/Nevirapine/Stavudine,Generic,150/200/30mg,Tablet - FDC,60,15000,111000.0,7.4,0.12,"Cipla, Goa, India",False,1442.0,12894.85,177.6
1664,11476,112-NG-T01,Pre-PQ Process,SO-1225,DN-411,Nigeria,PMO - US,From RDC,N/A - From RDC,Air,2006-11-01,2007-05-01,2007-11-01,2007-11-01,2007-11-01,ARV,Adult,SCMS from RDC,"Lamivudine/Zidovudine 150/300mg, tablets, 60 Tabs",Lamivudine/Zidovudine,Generic,150/300mg,Tablet - FDC,60,1200,23400.0,19.5,0.32,"Aurobindo Unit III, India",False,128.0,10144.765,37.44
1665,11477,111-MZ-T01,Pre-PQ Process,SO-1038,DN-426,Mozambique,PMO - US,From RDC,N/A - From RDC,Air,2006-11-29,2007-05-29,2007-11-29,2007-11-29,2007-11-29,ARV,Adult,SCMS from RDC,"Abacavir/Lamivudine/Zidovudine 300/150/300mg [Trizivir], tablets, 60 Tabs",Abacavir/Lamivudine/Zidovudine,Trizivir,300/150/300mg,Tablet - FDC,60,900,63000.0,70.0,1.17,GSK Ware (UK),False,104.5,3247.5699999999997,100.8
1666,11478,111-MZ-T01,Pre-PQ Process,SO-945,DN-413,Mozambique,PMO - US,From RDC,N/A - From RDC,Air,2006-11-12,2007-05-12,2007-11-12,2007-11-12,2007-11-12,HRDT,HIV test,SCMS from RDC,"HIV 1/2, Uni-Gold HIV Kit, 20 Tests","HIV 1/2, Uni-Gold HIV Kit",Uni-Gold,no_dosage,Test kit,20,4500,144000.0,32.0,1.6,"Trinity Biotech, Plc",True,1482.0,1566.19,230.4
1667,11479,110-ZM-T01,Pre-PQ Process,SO-1363,DN-607,Zambia,PMO - US,From RDC,N/A - From RDC,Air,2007-02-26,2007-08-26,2008-02-26,2008-02-26,2008-02-26,ARV,Adult,SCMS from RDC,"Lamivudine/Zidovudine 150/300mg, tablets, 60 Tabs",Lamivudine/Zidovudine,Generic,150/300mg,Tablet - FDC,60,27681,262969.5,9.5,0.16,"Aurobindo Unit III, India",True,2581.0,19832.46,420.75
1668,11480,104-CI-T01,Pre-PQ Process,SO-1546,DN-609,Côte d'Ivoire,PMO - US,From RDC,N/A - From RDC,Air,2007-02-19,2007-08-19,2008-02-19,2008-02-19,2008-02-19,ARV,Adult,SCMS from RDC,"Efavirenz 600mg, tablets, 30 Tabs",Efavirenz,Generic,600mg,Tablet,30,24561,294977.61,12.01,0.4,"Aurobindo Unit III, India",True,7191.0,12349.51,471.96
1669,11481,104-CI-T01,Pre-PQ Process,SO-1546,DN-609,Côte d'Ivoire,PMO - US,From RDC,N/A - From RDC,Air,2007-02-19,2007-08-19,2008-02-19,2008-02-19,2008-02-19,ARV,Adult,SCMS from RDC,"Efavirenz 600mg, tablets, 30 Tabs",Efavirenz,Generic,600mg,Tablet,30,37039,444838.39,12.01,0.4,"Strides, Bangalore, India.",False,668.5,4063.81,711.74
1670,11483,104-CI-T01,Pre-PQ Process,SO-1101,DN-434,Côte d'Ivoire,PMO - US,From RDC,N/A - From RDC,Air,2006-11-22,2007-05-22,2007-11-22,2007-11-22,2007-11-22,ARV,Pediatric,SCMS from RDC,"Efavirenz 30mg/ml [Stocrin/Sustiva], oral solution, Bottle, 180 ml",Efavirenz,Stocrin/Sustiva,30mg/ml,Oral solution,180,3027,28756.5,9.5,0.05,"MSD, Haarlem, NL",True,9248.0,25563.0,46.01
1671,11484,104-CI-T01,Pre-PQ Process,SO-1101,DN-434,Côte d'Ivoire,PMO - US,From RDC,N/A - From RDC,Air,2006-11-22,2007-05-22,2007-11-22,2007-11-22,2007-11-22,ARV,Adult,SCMS from RDC,"Abacavir/Lamivudine/Zidovudine 300/150/300mg [Trizivir], tablets, 60 Tabs",Abacavir/Lamivudine/Zidovudine,Trizivir,300/150/300mg,Tablet - FDC,60,1873,83348.5,44.5,0.74,GSK Ware (UK),False,668.5,4063.81,133.36
1672,11485,110-ZM-T01,Pre-PQ Process,SO-1186,DN-447,Zambia,PMO - US,From RDC,N/A - From RDC,Truck,2006-11-26,2007-05-26,2007-11-26,2007-11-26,2007-11-26,ARV,Adult,SCMS from RDC,"Emtricitabine/Tenofovir Disoproxil Fumarate 200/300mg [Truvada], tablets, 30 Tabs",Emtricitabine/Tenofovir Disoproxil Fumarate,Truvada,300/200mg,Tablet - FDC,30,17994,472342.5,26.25,0.88,"Aspen-OSD, Port Elizabeth, SA",True,1620.0,6785.1,755.75
1673,11490,104-CI-T01,Pre-PQ Process,SO-1306,DN-441,Côte d'Ivoire,PMO - US,From RDC,N/A - From RDC,Air,2006-11-29,2007-05-29,2007-11-29,2007-11-29,2007-11-29,ARV,Adult,SCMS from RDC,"Lamivudine 150mg, tablets, 60 Tabs",Lamivudine,Generic,150mg,Tablet,60,70000,212800.0,3.04,0.05,"Aurobindo Unit III, India",True,3681.0,10666.0,340.48
1674,11491,104-CI-T01,Pre-PQ Process,SO-1143,DN-443,Côte d'Ivoire,PMO - US,From RDC,N/A - From RDC,Air,2006-12-14,2007-06-14,2007-12-14,2007-12-14,2007-12-14,ARV,Adult,SCMS from RDC,"Nevirapine 200mg, tablets, 60 Tabs",Nevirapine,Generic,200mg,Tablet,60,13141,44679.4,3.4,0.06,"Aurobindo Unit III, India",True,1271.0,10722.75,71.49
1675,11492,125-HT-T01,Pre-PQ Process,SO-1290,DN-444,Haiti,PMO - US,From RDC,N/A - From RDC,Air,2006-12-30,2007-06-30,2007-12-31,2007-12-31,2007-12-31,HRDT,HIV test,SCMS from RDC,"HIV 1/2, Determine HIV Kit, without Lancets, 100 Tests","HIV 1/2, Determine HIV Kit, without Lancets",Determine,no_dosage,Test kit,100,25,1800.0,72.0,0.72,Inverness Japan,False,39.5,2946.7200000000003,2.88
1676,11493,104-CI-T01,Pre-PQ Process,SO-1298,DN-451,Côte d'Ivoire,PMO - US,From RDC,N/A - From RDC,Air,2007-01-17,2007-07-17,2008-01-17,2008-01-17,2008-01-17,ARV,Adult,SCMS from RDC,"Lopinavir/Ritonavir 200/50mg [Aluvia], tablets, 120 Tabs",Lopinavir/Ritonavir,Aluvia,200/50mg,Tablet,120,4,164.4,41.1,0.34,ABBVIE (Abbott) Logis. UK,False,78.0,4063.81,0.26
1677,11494,112-NG-T01,Pre-PQ Process,SO-567,DN-475,Nigeria,PMO - US,From RDC,N/A - From RDC,Air,2006-12-03,2007-06-03,2007-12-03,2007-12-03,2007-12-03,ARV,Adult,SCMS from RDC,"Nevirapine 200mg, tablets, 60 Tabs",Nevirapine,Generic,200mg,Tablet,60,628,2241.96,3.57,0.06,"Aurobindo Unit III, India",False,232.0,10144.765,3.59
1678,11495,112-NG-T01,Pre-PQ Process,SO-567,DN-475,Nigeria,PMO - US,From RDC,N/A - From RDC,Air,2006-12-03,2007-06-03,2007-12-03,2007-12-03,2007-12-03,ARV,Pediatric,SCMS from RDC,"Zidovudine 10mg/ml, oral solution, Bottle, 240 ml",Zidovudine,Generic,10mg/ml,Oral solution,240,1752,6920.4,3.95,0.02,"Aurobindo Unit III, India",False,668.5,10144.765,11.07
1679,11496,110-ZM-T01,Pre-PQ Process,SO-755,DN-482,Zambia,PMO - US,From RDC,N/A - From RDC,Truck,2007-02-22,2007-08-22,2008-02-22,2008-02-22,2008-02-22,ARV,Pediatric,SCMS from RDC,"Abacavir 20mg/ml, oral solution, Bottle, 240 ml",Abacavir,Generic,20mg/ml,Oral solution,240,2091,34501.5,16.5,0.07,"Aurobindo Unit III, India",True,9386.0,33363.16,55.2
1680,11497,110-ZM-T01,Pre-PQ Process,SO-1032,DN-485,Zambia,PMO - US,From RDC,N/A - From RDC,Truck,2007-01-08,2007-07-08,2008-01-08,2008-01-08,2008-01-08,ARV,Adult,SCMS from RDC,"Efavirenz 600mg, tablets, 30 Tabs",Efavirenz,Generic,600mg,Tablet,30,44135,548156.7,12.42,0.41,Mylan (formerly Matrix) Nashik,True,3454.0,12492.0,877.05
1681,11500,119-NA-T01,Pre-PQ Process,SO-1418,DN-492,Namibia,PMO - US,From RDC,N/A - From RDC,Air,2006-11-30,2007-05-30,2007-11-30,2007-11-30,2007-11-30,HRDT,HIV test,SCMS from RDC,"HIV 1/2, Clearview Complete Kit, 25 Tests","HIV 1/2, Clearview Complete Kit",Clearview,no_dosage,Test kit,25,100,7500.0,75.0,3.0,Inverness USA,True,61.0,870.4,12.0
1682,11501,119-NA-T01,Pre-PQ Process,SO-1451,DN-490,Namibia,PMO - US,From RDC,N/A - From RDC,Air,2006-12-06,2007-06-06,2007-12-06,2007-12-06,2007-12-06,HRDT,HIV test,SCMS from RDC,"HIV 1/2, Clearview Complete Kit, 25 Tests","HIV 1/2, Clearview Complete Kit",Clearview,no_dosage,Test kit,25,70,5250.0,75.0,3.0,Inverness USA,True,43.0,1542.15,8.4
1683,11507,112-NG-T01,Pre-PQ Process,SO-1570,DN-535,Nigeria,PMO - US,From RDC,N/A - From RDC,Air,2007-01-09,2007-07-09,2008-01-09,2008-01-09,2008-01-09,ARV,Adult,SCMS from RDC,"Lamivudine 150mg, tablets, 60 Tabs",Lamivudine,Generic,150mg,Tablet,60,451,1371.04,3.04,0.05,"Aurobindo Unit III, India",False,698.0,10144.765,2.19
1684,11508,104-CI-T01,Pre-PQ Process,SO-1144,DN-538,Côte d'Ivoire,PMO - US,From RDC,N/A - From RDC,Air,2006-12-28,2007-06-28,2007-12-28,2007-12-28,2007-12-28,ARV,Pediatric,SCMS from RDC,"Nevirapine 10mg/ml, oral suspension, Bottle, 240 ml",Nevirapine,Generic,10mg/ml,Oral suspension,240,475,912.0,1.92,0.01,"Aurobindo Unit III, India",True,170.0,1301.0,1.46
1685,11510,110-ZM-T01,Pre-PQ Process,SO-1187,DN-457,Zambia,PMO - US,From RDC,N/A - From RDC,Air,2006-12-24,2007-06-24,2007-12-24,2007-12-24,2007-12-24,ARV,Adult,SCMS from RDC,"Emtricitabine/Tenofovir Disoproxil Fumarate 200/300mg [Truvada], tablets, 30 Tabs",Emtricitabine/Tenofovir Disoproxil Fumarate,Truvada,300/200mg,Tablet - FDC,30,17706,464782.5,26.25,0.88,"Aspen-OSD, Port Elizabeth, SA",True,1594.0,6035.4,743.65
1686,11511,113-ZW-T01,Pre-PQ Process,SO-1439,DN-477,Zimbabwe,PMO - US,From RDC,N/A - From RDC,Air,2007-01-11,2007-07-11,2008-01-11,2008-01-11,2008-01-11,HRDT,HIV test,SCMS from RDC,"HIV 1/2, Bioline 3.0 Kit, Lancets, Capillary pipets, Alcohol swabs included, 25 Tests","HIV 1/2, Bioline 3.0 Kit, Lancets, Capillary pipets, Alcohol swabs included",Bioline,no_dosage,Test kit,25,3508,70160.0,20.0,0.8,"Standard Diagnostics, Korea",True,1052.0,4641.85,112.26
1687,11512,104-CI-T01,Pre-PQ Process,SO-971,DN-421,Côte d'Ivoire,PMO - US,From RDC,N/A - From RDC,Air,2007-01-17,2007-07-17,2008-01-17,2008-01-17,2008-01-17,ARV,Adult,SCMS from RDC,"Saquinavir 200mg [Invirase], capsules, 270 Caps",Saquinavir,Invirase,200mg,Capsule,270,332,26108.48,78.64,0.29,Roche Basel,False,668.5,4063.81,41.77
1688,11515,100-ZW-T01,Pre-PQ Process,SO-712,DN-623,Zimbabwe,PMO - US,From RDC,N/A - From RDC,Air,2007-03-05,2007-09-05,2008-03-05,2008-03-05,2008-03-05,ARV,Adult,SCMS from RDC,"Lamivudine/Stavudine 150/30mg, tablets, 30 Tabs",Lamivudine/Stavudine,Generic,150/30mg,Tablet - FDC,30,1600,3200.0,2.0,0.07,"Cipla, Goa, India",False,289.5,12894.85,5.12
1689,11516,114-UG-T01,Pre-PQ Process,SO-1302,DN-489,Uganda,PMO - US,From RDC,N/A - From RDC,Air,2007-01-15,2007-07-15,2008-01-15,2008-01-15,2008-01-15,ARV,Adult,SCMS from RDC,"Lamivudine/Zidovudine 150/300mg, tablets, 60 Tabs",Lamivudine/Zidovudine,Generic,150/300mg,Tablet - FDC,60,2084,19798.0,9.5,0.16,"Aurobindo Unit III, India",True,237.0,1154.5,31.68
1690,11517,107-RW-T01,Pre-PQ Process,SO-1534,DN-590,Rwanda,PMO - US,From RDC,N/A - From RDC,Air,2007-02-28,2007-08-29,2008-02-29,2008-02-29,2008-02-29,ARV,Adult,SCMS from RDC,"Lopinavir/Ritonavir 200/50mg [Aluvia], tablets, 120 Tabs",Lopinavir/Ritonavir,Aluvia,200/50mg,Tablet,120,600,24660.0,41.1,0.34,ABBVIE (Abbott) Logis. UK,True,859.0,5531.4,39.46
1691,11518,110-ZM-T01,Pre-PQ Process,SO-783,DN-481,Zambia,PMO - US,From RDC,N/A - From RDC,Truck,2007-01-15,2007-07-15,2008-01-15,2008-01-15,2008-01-15,HRDT,HIV test - Ancillary,SCMS from RDC,"HIV, Lancet, Safety, for HIV Test kits, 100 Pcs","HIV, Lancet, Safety, for HIV Test kits, 100 Pcs",Generic,no_dosage,Test kit - Ancillary,100,2100,21.0,0.01,0.0,Inverness Japan,False,1016.0,6476.695,0.03
1692,11520,117-ET-T01,Pre-PQ Process,SO-1512,DN-517,Ethiopia,PMO - US,From RDC,N/A - From RDC,Air,2006-12-14,2007-06-14,2007-12-14,2007-12-14,2007-12-14,ARV,Adult,SCMS from RDC,"Tenofovir Disoproxil Fumarate 300mg [Viread], tablets, 30 Tabs",Tenofovir Disoproxil Fumarate,Viread,300mg,Tablet,30,535,9095.0,17.0,0.57,Gilead(Nycomed) Oranienburg DE,True,33.0,755.5,14.55
1693,11521,100-ZW-T01,Pre-PQ Process,SO-708,DN-479,Zimbabwe,PMO - US,From RDC,N/A - From RDC,Air,2007-02-05,2007-08-05,2008-02-05,2008-02-05,2008-02-05,ARV,Adult,SCMS from RDC,"Lamivudine/Nevirapine/Stavudine 150/200/30mg, tablets, 60 Tabs",Lamivudine/Nevirapine/Stavudine,Generic,150/200/30mg,Tablet - FDC,60,37240,275576.0,7.4,0.12,"Cipla, Goa, India",False,5943.0,12894.85,440.92
1694,11522,117-ET-T01,Pre-PQ Process,SO-1601,DN-577,Ethiopia,PMO - US,From RDC,N/A - From RDC,Air,2007-02-07,2007-08-07,2008-02-07,2008-02-07,2008-02-07,ARV,Adult,SCMS from RDC,"Tenofovir Disoproxil Fumarate 300mg [Viread], tablets, 30 Tabs",Tenofovir Disoproxil Fumarate,Viread,300mg,Tablet,30,4394,74698.0,17.0,0.57,"Aspen-OSD, Port Elizabeth, SA",True,317.0,1628.18,119.52
1695,11523,112-NG-T01,Pre-PQ Process,SO-1430,DN-551,Nigeria,PMO - US,From RDC,N/A - From RDC,Air,2007-01-16,2007-07-16,2008-01-16,2008-01-16,2008-01-16,ARV,Pediatric,SCMS from RDC,"Nevirapine 10mg/ml, oral suspension, Bottle, 240 ml",Nevirapine,Generic,10mg/ml,Oral suspension,240,792,4910.4,6.2,0.03,"Aurobindo Unit III, India",True,272.0,2047.0,7.86
1696,11524,117-ET-T01,Pre-PQ Process,SO-1523,DN-540,Ethiopia,PMO - US,From RDC,N/A - From RDC,Air,2006-12-20,2007-06-20,2007-12-20,2008-01-16,2008-01-16,ARV,Adult,SCMS from RDC,"Lamivudine 150mg, tablets, 60 Tabs",Lamivudine,Generic,150mg,Tablet,60,29500,89680.0,3.04,0.05,"Ranbaxy, Paonta Shahib, India",True,1650.0,11339.5,143.49
1697,11525,109-TZ-T01,Pre-PQ Process,SO-1648,DN-559,Tanzania,PMO - US,From RDC,N/A - From RDC,Air,2007-02-25,2007-08-25,2008-02-25,2008-02-25,2008-02-25,ARV,Adult,SCMS from RDC,"Efavirenz 600mg, tablets, 30 Tabs",Efavirenz,Generic,600mg,Tablet,30,20000,248400.0,12.42,0.41,"Aurobindo Unit III, India",False,2292.5,8925.0,397.44
1698,11526,104-CI-T01,Pre-PQ Process,SO-1284,DN-586,Côte d'Ivoire,PMO - US,From RDC,N/A - From RDC,Air,2007-02-05,2007-08-05,2008-02-05,2008-02-05,2008-02-05,ARV,Adult,SCMS from RDC,"Indinavir 400mg [Crixivan], capsules, 180 Caps",Indinavir,Crixivan,400mg,Capsule,180,1550,77500.0,50.0,0.28,"MSD, Haarlem, NL",True,345.0,1888.48,124.0
1699,11527,100-ZW-T01,Pre-PQ Process,SO-711,DN-604,Zimbabwe,PMO - US,From RDC,N/A - From RDC,Air,2007-03-05,2007-09-05,2008-03-05,2008-03-05,2008-03-05,ARV,Adult,SCMS from RDC,"Lamivudine/Nevirapine/Stavudine 150/200/30mg, tablets, 60 Tabs",Lamivudine/Nevirapine/Stavudine,Generic,150/200/30mg,Tablet - FDC,60,2508,18559.2,7.4,0.12,"Cipla, Goa, India",True,4303.0,12894.85,29.69
1700,11528,110-ZM-T01,Pre-PQ Process,SO-1807,DN-822,Zambia,PMO - US,From RDC,N/A - From RDC,Truck,2007-07-29,2008-01-29,2008-07-29,2008-07-29,2008-07-29,ARV,Adult,SCMS from RDC,"Efavirenz 600mg, tablets, 30 Tabs",Efavirenz,Generic,600mg,Tablet,30,50000,600500.0,12.01,0.4,Mylan (formerly Matrix) Nashik,True,3882.0,5468.93,960.8
1701,11529,106-HT-T01,Pre-PQ Process,SO-2058,DN-692,Haiti,PMO - US,From RDC,N/A - From RDC,Air,2007-04-03,2007-10-03,2008-04-03,2008-04-03,2008-04-03,ARV,Adult,SCMS from RDC,"Efavirenz 600mg, tablets, 30 Tabs",Efavirenz,Generic,600mg,Tablet,30,18760,225307.6,12.01,0.4,Mylan (formerly Matrix) Nashik,False,668.5,2946.7200000000003,360.49
1702,11530,106-HT-T01,Pre-PQ Process,SO-2598,DN-783,Haiti,PMO - US,From RDC,N/A - From RDC,Air,2007-06-13,2007-12-13,2008-06-13,2008-06-13,2008-06-13,ARV,Adult,SCMS from RDC,"Nevirapine 200mg, tablets, 60 Tabs",Nevirapine,Generic,200mg,Tablet,60,17843,60666.2,3.4,0.06,"Aurobindo Unit III, India",True,1667.0,19069.17,97.07
1703,11531,110-ZM-T01,Pre-PQ Process,SO-1895,DN-824,Zambia,PMO - US,From RDC,N/A - From RDC,Truck,2007-07-23,2008-01-23,2008-07-23,2008-07-23,2008-07-23,ARV,Adult,SCMS from RDC,"Efavirenz 600mg, tablets, 30 Tabs",Efavirenz,Generic,600mg,Tablet,30,45000,540450.0,12.01,0.4,Mylan (formerly Matrix) Nashik,True,3457.0,1934.31,864.72
1704,11532,100-PK-T01,Pre-PQ Process,SO-2496,DN-732,Pakistan,PMO - US,From RDC,N/A - From RDC,Air,2007-05-19,2007-11-19,2008-05-19,2008-05-19,2008-05-19,HRDT,HIV test - Ancillary,SCMS from RDC,"HIV, Lancet, Safety, for HIV Test kits, 100 Pcs","HIV, Lancet, Safety, for HIV Test kits, 100 Pcs",Generic,no_dosage,Test kit - Ancillary,100,20,0.2,0.01,0.0,Inverness Japan,False,30.0,14959.835,0.0
1705,11533,131-NG-T01,Pre-PQ Process,SO-2575,DN-737,Nigeria,PMO - US,From RDC,N/A - From RDC,Air,2007-05-14,2007-11-14,2008-05-14,2008-05-14,2008-05-14,ARV,Adult,SCMS from RDC,"Lamivudine/Nevirapine/Zidovudine 150/200/300mg, tablets, 60 Tabs",Lamivudine/Nevirapine/Zidovudine,Generic,150/300/200mg,Tablet - FDC,60,164,2177.92,13.28,0.22,"Aurobindo Unit III, India",True,2095.0,10098.25,3.48
1706,11535,109-TZ-T01,Pre-PQ Process,SO-1942,DN-654,Tanzania,PMO - US,From RDC,N/A - From RDC,Air,2007-03-28,2007-09-28,2008-03-28,2008-03-28,2008-03-28,ARV,Adult,SCMS from RDC,"Efavirenz 600mg, tablets, 30 Tabs",Efavirenz,Generic,600mg,Tablet,30,49997,620962.74,12.42,0.41,"Aurobindo Unit III, India",True,4345.0,14637.0,993.54
1707,11536,112-NG-T01,Pre-PQ Process,SO-2726,DN-800,Nigeria,PMO - US,From RDC,N/A - From RDC,Air,2007-06-19,2007-12-19,2008-06-19,2008-06-19,2008-06-19,ARV,Adult,SCMS from RDC,"Stavudine 30mg, capsules, 60 Caps",Stavudine,Generic,30mg,Capsule,60,154,238.7,1.55,0.03,"Aurobindo Unit III, India",False,668.5,10144.765,0.38
1708,11537,106-HT-T01,Pre-PQ Process,SO-2047,DN-742,Haiti,PMO - US,From RDC,N/A - From RDC,Air,2007-06-02,2007-12-02,2008-06-02,2008-06-02,2008-06-02,ARV,Pediatric,SCMS from RDC,"Didanosine 200mg, chewable/dispersible tablets, 60 Tabs",Didanosine,Generic,200mg,Chewable/dispersible tablet,60,98,1519.0,15.5,0.26,"Aurobindo Unit III, India",True,77.0,991.49,2.43
1709,11538,109-TZ-T01,Pre-PQ Process,SO-1695,DN-663,Tanzania,PMO - US,From RDC,N/A - From RDC,Air,2007-04-22,2007-10-22,2008-04-22,2008-04-23,2008-04-23,ARV,Adult,SCMS from RDC,"Abacavir 300mg, tablets, 60 Tabs",Abacavir,Generic,300mg,Tablet,60,5730,157746.9,27.53,0.46,"Aurobindo Unit III, India",False,1411.5,8925.0,252.4
1710,11539,123-NG-T01,Pre-PQ Process,SO-2553,DN-836,Nigeria,PMO - US,From RDC,N/A - From RDC,Air,2007-07-31,2008-01-31,2008-07-31,2008-07-31,2008-07-31,ARV,Adult,SCMS from RDC,"Nevirapine 200mg, tablets, 60 Tabs",Nevirapine,Generic,200mg,Tablet,60,6002,20406.8,3.4,0.06,"Aurobindo Unit III, India",False,668.5,10144.765,32.65
1711,11540,105-GY-T01,Pre-PQ Process,SO-11630,DN-841,Guyana,PMO - US,From RDC,N/A - From RDC,Air,2007-07-25,2008-01-25,2008-07-25,2008-07-25,2008-07-25,ARV,Adult,SCMS from RDC,"Lamivudine 150mg, tablets, 60 Tabs",Lamivudine,Generic,150mg,Tablet,60,431,1249.9,2.9,0.05,"Aurobindo Unit III, India",True,377.0,5228.67,2.0
1712,11541,114-UG-T01,Pre-PQ Process,SO-1301,DN-480,Uganda,PMO - US,From RDC,N/A - From RDC,Air,2007-03-19,2007-09-19,2008-03-19,2008-03-19,2008-03-19,ARV,Adult,SCMS from RDC,"Lamivudine/Stavudine 150/30mg, tablets, 30 Tabs",Lamivudine/Stavudine,Generic,150/30mg,Tablet - FDC,30,300,600.0,2.0,0.07,"Cipla, Goa, India",False,42.0,2485.92,0.96
1713,11542,106-HT-T01,Pre-PQ Process,SO-2601,DN-788,Haiti,PMO - US,From RDC,N/A - From RDC,Air,2007-07-01,2008-01-01,2008-07-01,2008-07-01,2008-07-01,ARV,Pediatric,SCMS from RDC,"Efavirenz 200mg, capsule, 90 Caps",Efavirenz,Generic,200mg,Capsule,90,105,1680.0,16.0,0.18,"Aurobindo Unit III, India",True,14.0,1015.24,2.69
1714,11543,112-NG-T01,Pre-PQ Process,SO-2350,DN-718,Nigeria,PMO - US,From RDC,N/A - From RDC,Air,2007-04-21,2007-10-21,2008-04-21,2008-04-21,2008-04-21,ARV,Adult,SCMS from RDC,"Lamivudine/Zidovudine 150/300mg, tablets, 60 Tabs",Lamivudine/Zidovudine,Generic,150/300mg,Tablet - FDC,60,1300,12285.0,9.45,0.16,"Aurobindo Unit III, India",False,115.0,10144.765,19.66
1715,11545,109-TZ-T01,Pre-PQ Process,SO-1651,DN-636,Tanzania,PMO - US,From RDC,N/A - From RDC,Air,2007-04-01,2007-10-01,2008-04-01,2008-04-01,2008-04-01,ARV,Pediatric,SCMS from RDC,"Didanosine 100mg, chewable/dispersible tablets, 60 Tabs",Didanosine,Generic,100mg,Chewable/dispersible tablet,60,9367,72594.25,7.75,0.13,"Aurobindo Unit III, India",True,1955.0,6923.3,116.15
1716,11547,104-CI-T01,Pre-PQ Process,SO-1838,DN-632,Côte d'Ivoire,PMO - US,From RDC,N/A - From RDC,Air,2007-03-13,2007-09-13,2008-03-13,2008-03-13,2008-03-13,HRDT,HIV test - Ancillary,SCMS from RDC,"HIV, Lancet, Safety, for HIV Test kits, 100 Pcs","HIV, Lancet, Safety, for HIV Test kits, 100 Pcs",Generic,no_dosage,Test kit - Ancillary,100,250,2.5,0.01,0.0,Inverness Japan,True,61.0,1225.42,0.0
1717,11548,119-NA-T01,Pre-PQ Process,SO-1764,DN-635,Namibia,PMO - US,From RDC,N/A - From RDC,Air,2007-03-14,2007-09-14,2008-03-14,2008-03-14,2008-03-14,ARV,Adult,SCMS from RDC,"Efavirenz 600mg, tablets, 30 Tabs",Efavirenz,Generic,600mg,Tablet,30,21000,252210.0,12.01,0.4,"Aurobindo Unit III, India",True,1815.0,6074.62,403.54
1718,11550,114-UG-T01,Pre-PQ Process,SO-1928,DN-652,Uganda,PMO - US,From RDC,N/A - From RDC,Air,2007-04-07,2007-10-07,2008-04-07,2008-04-07,2008-04-07,ARV,Adult,SCMS from RDC,"Lamivudine/Nevirapine/Zidovudine 150/200/300mg, tablets, 60 Tabs",Lamivudine/Nevirapine/Zidovudine,Generic,150/300/200mg,Tablet - FDC,60,1450,19575.0,13.5,0.22,"Cipla, Goa, India",True,167.0,1472.77,31.32
1719,11551,106-HT-T01,Pre-PQ Process,SO-2072,DN-695,Haiti,PMO - US,From RDC,N/A - From RDC,Air,2007-04-11,2007-10-11,2008-04-11,2008-04-11,2008-04-11,ARV,Pediatric,SCMS from RDC,"Efavirenz 30mg/ml [Stocrin/Sustiva], oral solution, Bottle, 180 ml",Efavirenz,Stocrin/Sustiva,30mg/ml,Oral solution,180,34,576.64,16.96,0.09,"MSD, Haarlem, NL",True,14.0,896.55,0.92
1720,11552,117-ET-T01,Pre-PQ Process,SO-1537,DN-631,Ethiopia,PMO - US,From RDC,N/A - From RDC,Air,2007-03-06,2007-09-06,2008-03-06,2008-03-06,2008-03-06,ARV,Adult,SCMS from RDC,"Lamivudine 150mg, tablets, 60 Tabs",Lamivudine,Generic,150mg,Tablet,60,65500,199120.0,3.04,0.05,"Ranbaxy, Paonta Shahib, India",True,3858.0,12047.8,318.59
1721,11553,106-HT-T01,Pre-PQ Process,SO-2055,DN-690,Haiti,PMO - US,From RDC,N/A - From RDC,Air,2007-04-14,2007-10-14,2008-04-14,2008-04-14,2008-04-14,ARV,Adult,SCMS from RDC,"Lamivudine/Zidovudine 150/300mg, tablets, 60 Tabs",Lamivudine/Zidovudine,Generic,150/300mg,Tablet - FDC,60,24345,230060.25,9.45,0.16,"Aurobindo Unit III, India",False,668.5,2946.7200000000003,368.1
1722,11554,111-MZ-T01,Pre-PQ Process,SO-1876,DN-707,Mozambique,PMO - US,From RDC,N/A - From RDC,Air,2007-05-22,2007-11-22,2008-05-22,2008-05-22,2008-05-22,ARV,Adult,SCMS from RDC,"Lamivudine/Nevirapine/Stavudine 150/200/30mg, tablets, 60 Tabs",Lamivudine/Nevirapine/Stavudine,Generic,150/200/30mg,Tablet - FDC,60,39000,288600.0,7.4,0.12,"Cipla, Goa, India",True,7719.0,6260.71,461.76
1723,11555,113-ZW-T01,Pre-PQ Process,SO-2502,DN-813,Zimbabwe,PMO - US,From RDC,N/A - From RDC,Truck,2007-07-26,2008-01-26,2008-07-26,2008-07-26,2008-07-26,ARV,Adult,SCMS from RDC,"Efavirenz 600mg, tablets, 30 Tabs",Efavirenz,Generic,600mg,Tablet,30,4000,48040.0,12.01,0.4,"Aurobindo Unit III, India",False,810.0,6721.705,76.86
1724,11556,110-ZM-T01,Pre-PQ Process,SO-2549,DN-823,Zambia,PMO - US,From RDC,N/A - From RDC,Truck,2007-07-23,2008-01-23,2008-07-23,2008-07-23,2008-07-23,ARV,Adult,SCMS from RDC,"Lamivudine/Nevirapine/Stavudine 150/200/30mg, tablets, 60 Tabs",Lamivudine/Nevirapine/Stavudine,Generic,150/200/30mg,Tablet - FDC,60,60000,432000.0,7.2,0.12,"Strides, Bangalore, India.",False,6875.0,6476.695,691.2
1725,11557,105-GY-T01,Pre-PQ Process,SO-2465,DN-728,Guyana,PMO - US,From RDC,N/A - From RDC,Air,2007-05-20,2007-11-20,2008-05-20,2008-05-20,2008-05-20,ARV,Adult,SCMS from RDC,"Lopinavir/Ritonavir 200/50mg [Aluvia], tablets, 120 Tabs",Lopinavir/Ritonavir,Aluvia,200/50mg,Tablet,120,1530,125766.0,82.2,0.68,ABBVIE Ludwigshafen Germany,True,347.0,4220.15,201.23
1726,11558,109-TZ-T01,Pre-PQ Process,SO-2721,DN-766,Tanzania,PMO - US,From RDC,N/A - From RDC,Air,2007-07-10,2008-01-10,2008-07-10,2008-07-10,2008-07-10,ARV,Adult,SCMS from RDC,"Lamivudine 150mg, tablets, 60 Tabs",Lamivudine,Generic,150mg,Tablet,60,11352,33034.32,2.91,0.05,"Aurobindo Unit III, India",True,572.0,4152.56,52.85
1727,11559,109-TZ-T01,Pre-PQ Process,SO-2682,DN-902,Tanzania,PMO - US,From RDC,N/A - From RDC,Air,2007-09-26,2008-03-26,2008-09-26,2008-09-26,2008-09-26,ARV,Adult,SCMS from RDC,"Lopinavir/Ritonavir 200/50mg [Aluvia], tablets, 120 Tabs",Lopinavir/Ritonavir,Aluvia,200/50mg,Tablet,120,2580,106038.0,41.1,0.34,ABBVIE Ludwigshafen Germany,True,587.0,1153.97,169.66
1728,11560,117-ET-T01,Pre-PQ Process,SO-18340,DN-1003,Ethiopia,PMO - US,From RDC,N/A - From RDC,Air,2007-11-11,2008-05-11,2008-11-11,2008-11-11,2008-11-11,ARV,Adult,SCMS from RDC,"Zidovudine 300mg, tablets, 60 Tabs",Zidovudine,Generic,300mg,Tablet,60,5000,39500.0,7.9,0.13,"Aurobindo Unit III, India",True,229.0,1774.3,77.42
1729,11561,113-ZW-T01,Pre-PQ Process,SO-13991,DN-1015,Zimbabwe,PMO - US,From RDC,N/A - From RDC,Truck,2007-11-19,2008-05-19,2008-11-19,2008-11-19,2008-11-19,ARV,Adult,SCMS from RDC,"Lamivudine/Stavudine 150/30mg, tablets, 30 Tabs",Lamivudine/Stavudine,Generic,150/30mg,Tablet - FDC,30,8000,16000.0,2.0,0.07,"Cipla, Goa, India",True,8855.0,29883.7,31.36
1730,11562,110-ZM-T01,Pre-PQ Process,SO-19411,DN-1029,Zambia,PMO - US,From RDC,N/A - From RDC,Air,2007-12-11,2008-06-11,2008-12-11,2008-12-11,2008-12-11,ARV,Adult,SCMS from RDC,"Zidovudine 300mg, tablets, 60 Tabs",Zidovudine,Generic,300mg,Tablet,60,2306,18793.9,8.15,0.14,"Aurobindo Unit III, India",True,132.0,1659.48,36.84
1731,11563,102-KE-T01,Pre-PQ Process,SO-11440,DN-965,Kenya,PMO - US,From RDC,N/A - From RDC,Truck,2007-10-23,2008-04-23,2008-10-23,2008-10-23,2008-10-23,HRDT,HIV test - Ancillary,SCMS from RDC,"HIV, Lancet, Safety, for HIV Test kits, 100 Pcs","HIV, Lancet, Safety, for HIV Test kits, 100 Pcs",Generic,no_dosage,Test kit - Ancillary,100,5000,50.0,0.01,0.0,Inverness Japan,True,1558.0,225.96,0.1
1732,11564,105-GY-T01,Pre-PQ Process,SO-18470,DN-1017,Guyana,PMO - US,From RDC,N/A - From RDC,Air,2007-11-21,2008-05-21,2008-11-21,2008-11-21,2008-11-21,ARV,Adult,SCMS from RDC,"Zidovudine 300mg, tablets, 60 Tabs",Zidovudine,Generic,300mg,Tablet,60,416,3286.4,7.9,0.13,"Aurobindo Unit III, India",True,49.0,1465.71,6.44
1733,11565,114-UG-T01,Pre-PQ Process,SO-17790,DN-1082,Uganda,PMO - US,From RDC,N/A - From RDC,Air,2008-03-03,2008-09-03,2009-03-03,2009-03-03,2009-03-03,ARV,Adult,SCMS from RDC,"Zidovudine 300mg, tablets, 60 Tabs",Zidovudine,Generic,300mg,Tablet,60,50,395.0,7.9,0.13,"Aurobindo Unit III, India",True,3.0,978.92,0.77
1734,11567,110-ZM-T01,Pre-PQ Process,SO-2490,DN-950,Zambia,PMO - US,From RDC,N/A - From RDC,Truck,2007-10-21,2008-04-21,2008-10-21,2008-10-21,2008-10-21,ARV,Adult,SCMS from RDC,"Nevirapine 200mg, tablets, 60 Tabs",Nevirapine,Generic,200mg,Tablet,60,40454,137543.6,3.4,0.06,"Aurobindo Unit III, India",True,3787.0,4060.55,269.59
1735,11568,114-UG-T01,Pre-PQ Process,SO-17770,DN-998,Uganda,PMO - US,From RDC,N/A - From RDC,Truck,2007-12-15,2008-06-15,2008-12-15,2008-12-15,2008-12-15,ARV,Adult,SCMS from RDC,"Nevirapine 200mg, tablets, 60 Tabs",Nevirapine,Generic,200mg,Tablet,60,2523,8073.6,3.2,0.05,Hetero Unit III Hyderabad IN,True,585.0,5698.01,15.82
1736,11569,107-RW-T01,Pre-PQ Process,SO-24620,DN-1117,Rwanda,PMO - US,From RDC,N/A - From RDC,Air,2008-03-06,2008-09-06,2009-03-06,2009-03-06,2009-03-06,ARV,Adult,SCMS from RDC,"Lamivudine/Zidovudine 150/300mg, tablets, 60 Tabs",Lamivudine/Zidovudine,Generic,150/300mg,Tablet - FDC,60,15000,131400.0,8.76,0.15,"Aurobindo Unit III, India",True,1364.0,21215.4,257.54
1737,11570,112-NG-T01,Pre-PQ Process,SO-2729,DN-1008,Nigeria,PMO - US,From RDC,N/A - From RDC,Air,2007-11-17,2008-05-17,2008-11-17,2008-11-17,2008-11-17,ARV,Adult,SCMS from RDC,"Stavudine 30mg, capsules, 60 Caps",Stavudine,Generic,30mg,Capsule,60,948,1469.4,1.55,0.03,"Aurobindo Unit III, India",True,127.0,4984.4,2.88
1738,11571,112-NG-T01,Pre-PQ Process,SO-2729,DN-1008,Nigeria,PMO - US,From RDC,N/A - From RDC,Air,2007-11-17,2008-05-17,2008-11-17,2008-11-17,2008-11-17,ARV,Adult,SCMS from RDC,"Lamivudine 150mg, tablets, 60 Tabs",Lamivudine,Generic,150mg,Tablet,60,1077,3123.3,2.9,0.05,"Aurobindo Unit III, India",False,668.5,10144.765,6.12
1739,11572,112-NG-T01,Pre-PQ Process,SO-2729,DN-1008,Nigeria,PMO - US,From RDC,N/A - From RDC,Air,2007-11-17,2008-05-17,2008-11-17,2008-11-17,2008-11-17,ARV,Adult,SCMS from RDC,"Emtricitabine/Tenofovir Disoproxil Fumarate 200/300mg [Truvada], tablets, 30 Tabs",Emtricitabine/Tenofovir Disoproxil Fumarate,Truvada,300/200mg,Tablet - FDC,30,6,157.5,26.25,0.88,"Aspen-OSD, Port Elizabeth, SA",False,9.0,10144.765,0.31
1740,11573,130-NG-T01,Pre-PQ Process,SO-10650,DN-1009,Nigeria,PMO - US,From RDC,N/A - From RDC,Air,2007-11-17,2008-05-17,2008-11-17,2008-11-17,2008-11-17,ARV,Adult,SCMS from RDC,"Nevirapine 200mg, tablets, 60 Tabs",Nevirapine,Generic,200mg,Tablet,60,2454,8343.6,3.4,0.06,"Aurobindo Unit III, India",True,231.0,4401.4,16.35
1741,11574,130-NG-T01,Pre-PQ Process,SO-17690,DN-1012,Nigeria,PMO - US,From RDC,N/A - From RDC,Air,2007-11-26,2008-05-26,2008-11-26,2008-11-26,2008-11-26,ARV,Adult,SCMS from RDC,"Lamivudine/Zidovudine 150/300mg, tablets, 60 Tabs",Lamivudine/Zidovudine,Generic,150/300mg,Tablet - FDC,60,2780,25993.0,9.35,0.16,"Aurobindo Unit III, India",True,262.0,2426.8,50.95
1742,11577,110-ZM-T01,Pre-PQ Process,SO-2486,DN-912,Zambia,PMO - US,From RDC,N/A - From RDC,Truck,2007-09-23,2008-03-23,2008-09-23,2008-09-23,2008-09-23,ARV,Adult,SCMS from RDC,"Lamivudine/Zidovudine 150/300mg, tablets, 60 Tabs",Lamivudine/Zidovudine,Generic,150/300mg,Tablet - FDC,60,26402,249498.9,9.45,0.16,"Aurobindo Unit III, India",True,6986.0,6269.7,399.2
1743,11578,113-ZW-T01,Pre-PQ Process,SO-2503,DN-900,Zimbabwe,PMO - US,From RDC,N/A - From RDC,Truck,2007-09-12,2008-03-12,2008-09-12,2008-09-12,2008-09-12,ARV,Adult,SCMS from RDC,"Lamivudine/Nevirapine/Stavudine 150/200/30mg, tablets, 60 Tabs",Lamivudine/Nevirapine/Stavudine,Generic,150/200/30mg,Tablet - FDC,60,76000,562400.0,7.4,0.12,"Cipla, Goa, India",False,8774.5,6721.705,899.84
1744,11579,112-NG-T01,Pre-PQ Process,SO-12780,DN-911,Nigeria,PMO - US,From RDC,N/A - From RDC,Air,2007-09-12,2008-03-12,2008-09-12,2008-09-12,2008-09-12,ARV,Adult,SCMS from RDC,"Emtricitabine/Tenofovir Disoproxil Fumarate 200/300mg [Truvada], tablets, 30 Tabs",Emtricitabine/Tenofovir Disoproxil Fumarate,Truvada,300/200mg,Tablet - FDC,30,76,1995.0,26.25,0.88,"Aspen-OSD, Port Elizabeth, SA",True,7.0,747.5,3.19
1745,11581,106-HT-T01,Pre-PQ Process,SO-15970,DN-1022,Haiti,PMO - US,From RDC,N/A - From RDC,Air,2007-12-10,2008-06-10,2008-12-10,2008-12-10,2008-12-10,ARV,Pediatric,SCMS from RDC,"Lamivudine 10mg/ml, oral solution, Bottle, 240 ml",Lamivudine,Generic,10mg/ml,Oral solution,240,1595,3030.5,1.9,0.01,"Aurobindo Unit III, India",True,598.0,6338.09,5.94
1746,11582,110-ZM-T01,Pre-PQ Process,SO-2493,DN-967,Zambia,PMO - US,From RDC,N/A - From RDC,Truck,2007-11-07,2008-05-07,2008-11-07,2008-11-07,2008-11-07,ARV,Adult,SCMS from RDC,"Nevirapine 200mg, tablets, 60 Tabs",Nevirapine,Generic,200mg,Tablet,60,50000,170000.0,3.4,0.06,Hetero Unit III Hyderabad IN,True,2773.0,2938.92,333.2
1747,11583,111-MZ-T01,Pre-PQ Process,SO-15091,DN-989,Mozambique,PMO - US,From RDC,N/A - From RDC,Air,2007-12-18,2008-06-18,2008-12-18,2008-12-18,2008-12-18,ARV,Adult,SCMS from RDC,"Lamivudine/Nevirapine/Stavudine 150/200/30mg, tablets, 60 Tabs",Lamivudine/Nevirapine/Stavudine,Generic,150/200/30mg,Tablet - FDC,60,92950,669240.0,7.2,0.12,"Strides, Bangalore, India.",True,6883.0,7534.18,1311.71
1748,11584,102-KE-T01,Pre-PQ Process,SO-11470,DN-991,Kenya,PMO - US,From RDC,N/A - From RDC,Truck,2007-10-30,2008-04-30,2008-10-31,2008-10-31,2008-10-31,HRDT,HIV test,SCMS from RDC,"HIV 1/2, Uni-Gold HIV Kit, 20 Tests","HIV 1/2, Uni-Gold HIV Kit",Uni-Gold,no_dosage,Test kit,20,1250,40000.0,32.0,1.6,"Trinity Biotech, Plc",True,394.0,157.5,78.4
1749,11585,119-NA-T01,Pre-PQ Process,SO-15510,DN-953,Namibia,PMO - US,From RDC,N/A - From RDC,Truck,2007-10-30,2008-04-30,2008-10-30,2008-10-30,2008-10-30,ARV,Pediatric,SCMS from RDC,"Lamivudine/Nevirapine/Stavudine 30/50/6mg, dispersible tablets, 60 Tabs",Lamivudine/Nevirapine/Stavudine,Generic,30/50/6mg,Chewable/dispersible tablet - FDC,60,1008,2509.92,2.49,0.04,"Cipla, Goa, India",True,303.0,2989.45,4.92
1750,11586,119-NA-T01,Pre-PQ Process,SO-15510,DN-953,Namibia,PMO - US,From RDC,N/A - From RDC,Truck,2007-10-30,2008-04-30,2008-10-30,2008-10-30,2008-10-30,ARV,Pediatric,SCMS from RDC,"Lamivudine/Nevirapine/Stavudine 60/100/12mg, dispersible tablets, 60 Tabs",Lamivudine/Nevirapine/Stavudine,Generic,60/100/12mg,Chewable/dispersible tablet - FDC,60,3600,16344.0,4.54,0.08,"Cipla, Goa, India",False,320.0,8502.12,32.03
1751,11587,117-ET-T01,Pre-PQ Process,SO-23980,DN-1107,Ethiopia,PMO - US,From RDC,N/A - From RDC,Air,2008-03-04,2008-09-04,2009-03-04,2009-03-04,2009-03-04,ARV,Adult,SCMS from RDC,"Lamivudine/Nevirapine/Stavudine 150/200/30mg, tablets, 60 Tabs",Lamivudine/Nevirapine/Stavudine,Generic,150/200/30mg,Tablet - FDC,60,41922,298484.64,7.12,0.12,"Strides, Bangalore, India.",True,3190.0,14732.36,585.03
1752,11590,104-CI-T01,Pre-PQ Process,SO-11840,DN-947,Côte d'Ivoire,PMO - US,From RDC,N/A - From RDC,Air,2007-12-01,2008-06-01,2008-12-01,2008-12-01,2008-12-01,ARV,Pediatric,SCMS from RDC,"Stavudine 1mg/ml, powder for oral solution, 200 ml",Stavudine,Generic,1mg/ml,Oral solution,200,3250,4550.0,1.4,0.01,"Aurobindo Unit III, India",True,315.0,6381.87,8.92
1753,11591,104-CI-T01,Pre-PQ Process,SO-11830,DN-948,Côte d'Ivoire,PMO - US,From RDC,N/A - From RDC,Air,2007-12-03,2008-06-03,2008-12-03,2008-12-03,2008-12-03,ARV,Pediatric,SCMS from RDC,"Efavirenz 30mg/ml [Stocrin/Sustiva], oral solution, Bottle, 180 ml",Efavirenz,Stocrin/Sustiva,30mg/ml,Oral solution,180,1793,30409.28,16.96,0.09,"MSD, Haarlem, NL",False,668.5,4063.81,59.6
1754,11592,114-UG-T01,Pre-PQ Process,SO-17430,DN-968,Uganda,PMO - US,From RDC,N/A - From RDC,Air,2007-12-09,2008-06-09,2008-12-09,2008-12-09,2008-12-09,ARV,Adult,SCMS from RDC,"Lamivudine/Nevirapine/Zidovudine 150/200/300mg, tablets, 60 Tabs",Lamivudine/Nevirapine/Zidovudine,Generic,150/300/200mg,Tablet - FDC,60,4704,55507.2,11.8,0.2,"Aurobindo Unit III, India",False,668.5,2485.92,108.79
1755,11593,114-UG-T01,Pre-PQ Process,SO-17440,DN-969,Uganda,PMO - US,From RDC,N/A - From RDC,Air,2007-11-04,2008-05-04,2008-11-04,2008-11-04,2008-11-04,ARV,Adult,SCMS from RDC,"Emtricitabine/Tenofovir Disoproxil Fumarate 200/300mg [Truvada], tablets, 30 Tabs",Emtricitabine/Tenofovir Disoproxil Fumarate,Truvada,300/200mg,Tablet - FDC,30,67,1758.75,26.25,0.88,Gilead(Nycomed) Oranienburg DE,True,666.0,4503.0,3.45
1756,11594,114-UG-T01,Pre-PQ Process,SO-17440,DN-969,Uganda,PMO - US,From RDC,N/A - From RDC,Air,2007-11-04,2008-05-04,2008-11-04,2008-11-04,2008-11-04,ARV,Adult,SCMS from RDC,"Lamivudine/Nevirapine/Zidovudine 150/200/300mg, tablets, 60 Tabs",Lamivudine/Nevirapine/Zidovudine,Generic,150/300/200mg,Tablet - FDC,60,5919,69844.2,11.8,0.2,"Aurobindo Unit III, India",False,668.5,2485.92,136.89
1757,11595,110-ZM-T01,Pre-PQ Process,SO-17600,DN-1116,Zambia,PMO - US,From RDC,N/A - From RDC,Air,2008-03-17,2008-09-17,2009-03-17,2009-03-17,2009-03-17,ARV,Adult,SCMS from RDC,"Efavirenz 600mg, tablets, 30 Tabs",Efavirenz,Generic,600mg,Tablet,30,100000,1100000.0,11.0,0.37,"Aurobindo Unit III, India",True,8645.0,14041.17,2156.0
1758,11596,109-TZ-T01,Pre-PQ Process,SO-1697,DN-893,Tanzania,PMO - US,From RDC,N/A - From RDC,Air,2007-09-15,2008-03-15,2008-09-15,2008-09-15,2008-09-15,ARV,Adult,SCMS from RDC,"Lamivudine/Zidovudine 150/300mg, tablets, 60 Tabs",Lamivudine/Zidovudine,Generic,150/300mg,Tablet - FDC,60,58086,551817.0,9.5,0.16,"Aurobindo Unit III, India",True,8343.0,9001.03,882.91
1759,11597,111-MZ-T01,Pre-PQ Process,SO-15080,DN-1034,Mozambique,PMO - US,From RDC,N/A - From RDC,Air,2008-02-21,2008-08-21,2009-02-21,2009-02-21,2009-02-21,ARV,Adult,SCMS from RDC,"Nevirapine 200mg, tablets, 60 Tabs",Nevirapine,Generic,200mg,Tablet,60,7306,23379.2,3.2,0.05,Hetero Unit III Hyderabad IN,False,668.5,3247.5699999999997,45.82
1760,11598,111-MZ-T01,Pre-PQ Process,SO-2424,DN-850,Mozambique,PMO - US,From RDC,N/A - From RDC,Air,2007-09-05,2008-03-05,2008-09-05,2008-09-05,2008-09-05,ARV,Adult,SCMS from RDC,"Lamivudine/Stavudine 150/30mg, tablets, 30 Tabs",Lamivudine/Stavudine,Generic,150/30mg,Tablet - FDC,30,10000,20000.0,2.0,0.07,"Cipla, Goa, India",False,1097.5,3247.5699999999997,32.0
1761,11600,111-MZ-T01,Pre-PQ Process,SO-15082,DN-1054,Mozambique,PMO - US,From RDC,N/A - From RDC,Air,2008-02-26,2008-08-26,2009-02-26,2009-02-26,2009-02-26,ARV,Adult,SCMS from RDC,"Lamivudine/Nevirapine/Stavudine 150/200/30mg, tablets, 60 Tabs",Lamivudine/Nevirapine/Stavudine,Generic,150/200/30mg,Tablet - FDC,60,92933,669117.6,7.2,0.12,"Strides, Bangalore, India.",True,7011.0,7199.72,1311.47
1762,11601,104-CI-T01,Pre-PQ Process,SO-11831,DN-949,Côte d'Ivoire,PMO - US,From RDC,N/A - From RDC,Air,2007-12-01,2008-06-01,2008-12-01,2008-12-01,2008-12-01,ARV,Adult,SCMS from RDC,"Lamivudine/Stavudine 150/30mg, tablets, 60 Tabs",Lamivudine/Stavudine,Generic,150/30mg,Tablet - FDC,60,21542,84013.8,3.9,0.06,Mylan (formerly Matrix) Nashik,True,1583.0,6381.87,164.67
1763,11602,114-UG-T01,Pre-PQ Process,SO-17700,DN-992,Uganda,PMO - US,From RDC,N/A - From RDC,Air,2008-01-09,2008-07-09,2009-01-09,2009-01-09,2009-01-09,ARV,Adult,SCMS from RDC,"Lamivudine/Nevirapine/Stavudine 150/200/30mg, tablets, 60 Tabs",Lamivudine/Nevirapine/Stavudine,Generic,150/200/30mg,Tablet - FDC,60,1511,10879.2,7.2,0.12,"Strides, Bangalore, India.",True,205.0,2202.02,21.32
1764,11603,117-ET-T01,Pre-PQ Process,SO-22020,DN-1052,Ethiopia,PMO - US,From RDC,N/A - From RDC,Air,2008-03-03,2008-09-03,2009-03-03,2009-03-03,2009-03-03,ARV,Adult,SCMS from RDC,"Efavirenz 600mg, tablets, 30 Tabs",Efavirenz,Generic,600mg,Tablet,30,11549,122650.38,10.62,0.35,"Aurobindo Unit III, India",False,668.5,4672.77,240.39
1765,11605,114-UG-T01,Pre-PQ Process,SO-10180,DN-898,Uganda,PMO - US,From RDC,N/A - From RDC,Air,2007-09-25,2008-03-25,2008-09-25,2008-09-25,2008-09-25,ARV,Pediatric,SCMS from RDC,"Zidovudine 10mg/ml, oral solution, Bottle, 240 ml",Zidovudine,Generic,10mg/ml,Oral solution,240,14668,30802.8,2.1,0.01,"Aurobindo Unit III, India",True,5511.0,7876.44,49.28
1766,11606,109-TZ-T01,Pre-PQ Process,SO-2563,DN-899,Tanzania,PMO - US,From RDC,N/A - From RDC,Air,2007-09-26,2008-03-26,2008-09-26,2008-09-26,2008-09-26,ARV,Adult,SCMS from RDC,"Efavirenz 600mg, tablets, 30 Tabs",Efavirenz,Generic,600mg,Tablet,30,131808,1583014.08,12.01,0.4,Mylan (formerly Matrix) Nashik,True,9996.0,8399.76,2532.82
1767,11607,114-UG-T01,Pre-PQ Process,SO-17753,DN-1084,Uganda,PMO - US,From RDC,N/A - From RDC,Air,2008-03-05,2008-09-05,2009-03-05,2009-03-05,2009-03-05,ARV,Adult,SCMS from RDC,"Nevirapine 200mg, tablets, 60 Tabs",Nevirapine,Generic,200mg,Tablet,60,1524,4876.8,3.2,0.05,"Aurobindo Unit III, India",False,668.5,2485.92,9.56
1768,11608,117-ET-T01,Pre-PQ Process,SO-22020,DN-1052,Ethiopia,PMO - US,From RDC,N/A - From RDC,Air,2008-03-03,2008-09-03,2009-03-03,2009-03-03,2009-03-03,ARV,Adult,SCMS from RDC,"Tenofovir Disoproxil Fumarate 300mg, tablets, 30 Tabs",Tenofovir Disoproxil Fumarate,Generic,300mg,Tablet,30,7000,92960.0,13.28,0.44,Mylan (formerly Matrix) Nashik,False,719.5,4672.77,182.2
1769,11609,117-ET-T01,Pre-PQ Process,SO-22020,DN-1052,Ethiopia,PMO - US,From RDC,N/A - From RDC,Air,2008-03-03,2008-09-03,2009-03-03,2009-03-03,2009-03-03,ARV,Adult,SCMS from RDC,"Lamivudine/Stavudine 150/30mg, tablets, 30 Tabs",Lamivudine/Stavudine,Generic,150/30mg,Tablet - FDC,30,14814,29628.0,2.0,0.07,"Cipla, Goa, India",False,668.5,4672.77,58.07
1770,11610,100-PK-T01,Pre-PQ Process,SO-22440,DN-1147,Pakistan,PMO - US,From RDC,N/A - From RDC,Air,2008-04-01,2008-10-01,2009-04-01,2009-04-01,2009-04-01,HRDT,HIV test,SCMS from RDC,"HIV 1/2, Uni-Gold HIV Kit, 20 Tests","HIV 1/2, Uni-Gold HIV Kit",Uni-Gold,no_dosage,Test kit,20,15,540.0,36.0,1.8,"Trinity Biotech, Plc",True,16.0,1764.93,1.06
1771,11612,110-ZM-T01,Pre-PQ Process,SO-2489,DN-865,Zambia,PMO - US,From RDC,N/A - From RDC,Truck,2007-08-27,2008-02-27,2008-08-27,2008-08-27,2008-08-27,ARV,Adult,SCMS from RDC,"Nevirapine 200mg, tablets, 60 Tabs",Nevirapine,Generic,200mg,Tablet,60,44440,151096.0,3.4,0.06,"Aurobindo Unit III, India",True,8276.0,6120.06,241.75
1772,11613,132-NG-T01,Pre-PQ Process,SO-11810,DN-882,Nigeria,PMO - US,From RDC,N/A - From RDC,Air,2007-08-24,2008-02-24,2008-08-24,2008-08-24,2008-08-24,ARV,Adult,SCMS from RDC,"Emtricitabine/Tenofovir Disoproxil Fumarate 200/300mg [Truvada], tablets, 30 Tabs",Emtricitabine/Tenofovir Disoproxil Fumarate,Truvada,300/200mg,Tablet - FDC,30,15000,393750.0,26.25,0.88,"Aspen-OSD, Port Elizabeth, SA",True,1317.0,8924.98,630.0
1773,11614,106-HT-T01,Pre-PQ Process,SO-15930,DN-944,Haiti,PMO - US,From RDC,N/A - From RDC,Air,2007-11-04,2008-05-04,2008-11-04,2008-11-04,2008-11-04,ARV,Adult,SCMS from RDC,"Nevirapine 200mg, tablets, 60 Tabs",Nevirapine,Generic,200mg,Tablet,60,21814,69804.8,3.2,0.05,"Aurobindo Unit III, India",False,668.5,2946.7200000000003,136.82
1774,11615,112-NG-T01,Pre-PQ Process,SO-20950,DN-1059,Nigeria,PMO - US,From RDC,N/A - From RDC,Air,2008-01-19,2008-07-19,2009-01-19,2009-01-19,2009-01-19,ARV,Adult,SCMS from RDC,"Nevirapine 200mg, tablets, 60 Tabs",Nevirapine,Generic,200mg,Tablet,60,1923,79035.3,41.1,0.68,"Aurobindo Unit III, India",False,668.5,10144.765,154.91
1775,11616,114-UG-T01,Pre-PQ Process,SO-17820,DN-985,Uganda,PMO - US,From RDC,N/A - From RDC,Air,2008-01-09,2008-07-09,2009-01-09,2009-01-09,2009-01-09,ARV,Adult,SCMS from RDC,"Lamivudine/Nevirapine/Stavudine 150/200/30mg, tablets, 60 Tabs",Lamivudine/Nevirapine/Stavudine,Generic,150/200/30mg,Tablet - FDC,60,3374,24292.8,7.2,0.12,"Strides, Bangalore, India.",True,250.0,2331.03,47.61
1776,11617,114-UG-T01,Pre-PQ Process,SO-17870,DN-986,Uganda,PMO - US,From RDC,N/A - From RDC,Air,2008-01-09,2008-07-09,2009-01-09,2009-01-09,2009-01-09,ARV,Adult,SCMS from RDC,"Efavirenz 600mg, tablets, 30 Tabs",Efavirenz,Generic,600mg,Tablet,30,1444,15884.0,11.0,0.37,"Aurobindo Unit III, India",False,668.5,2485.92,31.13
1777,11618,117-ET-T01,Pre-PQ Process,SO-22000,DN-1060,Ethiopia,PMO - US,From RDC,N/A - From RDC,Air,2008-02-18,2008-08-18,2009-02-18,2009-02-18,2009-02-18,ARV,Adult,SCMS from RDC,"Lamivudine/Nevirapine/Stavudine 150/200/30mg, tablets, 60 Tabs",Lamivudine/Nevirapine/Stavudine,Generic,150/200/30mg,Tablet - FDC,60,8258,58796.96,7.12,0.12,"Strides, Bangalore, India.",True,5147.0,29336.46,115.24
1778,11619,117-ET-T01,Pre-PQ Process,SO-22040,DN-1110,Ethiopia,PMO - US,From RDC,N/A - From RDC,Air,2008-03-04,2008-09-04,2009-03-04,2009-03-04,2009-03-04,ARV,Adult,SCMS from RDC,"Lamivudine/Nevirapine/Zidovudine 150/200/300mg, tablets, 60 Tabs",Lamivudine/Nevirapine/Zidovudine,Generic,150/300/200mg,Tablet - FDC,60,27588,325538.4,11.8,0.2,"Aurobindo Unit III, India",True,3146.0,14538.36,638.06
1779,11620,112-NG-T01,Pre-PQ Process,SO-20960,DN-1124,Nigeria,PMO - US,From RDC,N/A - From RDC,Air Charter,2008-03-19,2008-09-19,2009-03-19,2009-03-19,2009-03-19,ARV,Adult,SCMS from RDC,"Lamivudine/Nevirapine/Stavudine 150/200/30mg, tablets, 60 Tabs",Lamivudine/Nevirapine/Stavudine,Generic,150/200/30mg,Tablet - FDC,60,11608,82648.96,7.12,0.12,"Cipla, Goa, India",True,1871.0,11492.86,161.99
1780,11622,151-NG-T01,Pre-PQ Process,SO-21781,DN-1130,Nigeria,PMO - US,From RDC,N/A - From RDC,Air,2008-03-24,2008-09-24,2009-03-24,2009-03-24,2009-03-24,ARV,Adult,SCMS from RDC,"Emtricitabine/Tenofovir Disoproxil Fumarate 200/300mg [Truvada], tablets, 30 Tabs",Emtricitabine/Tenofovir Disoproxil Fumarate,Truvada,300/200mg,Tablet - FDC,30,143,3753.75,26.25,0.88,"Aspen-OSD, Port Elizabeth, SA",True,14.0,6443.61,7.36
1781,11623,151-NG-T01,Pre-PQ Process,SO-21785,DN-1133,Nigeria,PMO - US,From RDC,N/A - From RDC,Air,2008-03-24,2008-09-24,2009-03-24,2009-03-24,2009-03-24,ARV,Adult,SCMS from RDC,"Emtricitabine/Tenofovir Disoproxil Fumarate 200/300mg [Truvada], tablets, 30 Tabs",Emtricitabine/Tenofovir Disoproxil Fumarate,Truvada,300/200mg,Tablet - FDC,30,326,8557.5,26.25,0.88,"Aspen-OSD, Port Elizabeth, SA",True,35.0,6443.61,16.77
1782,11624,151-NG-T01,Pre-PQ Process,SO-21784,DN-1132,Nigeria,PMO - US,From RDC,N/A - From RDC,Air,2008-03-24,2008-09-24,2009-03-24,2009-03-24,2009-03-24,ARV,Adult,SCMS from RDC,"Emtricitabine/Tenofovir Disoproxil Fumarate 200/300mg [Truvada], tablets, 30 Tabs",Emtricitabine/Tenofovir Disoproxil Fumarate,Truvada,300/200mg,Tablet - FDC,30,873,22916.25,26.25,0.88,"Aspen-OSD, Port Elizabeth, SA",True,76.0,6443.61,44.92
1783,11626,107-RW-T01,Pre-PQ Process,SO-17230,DN-961,Rwanda,PMO - US,From RDC,N/A - From RDC,Truck,2007-10-28,2008-04-28,2008-10-28,2008-10-28,2008-10-28,ARV,Adult,SCMS from RDC,"Nevirapine 200mg, tablets, 60 Tabs",Nevirapine,Generic,200mg,Tablet,60,288,921.6,3.2,0.05,"Aurobindo Unit III, India",True,28.0,896.26,1.81
1784,11627,123-NG-T01,Pre-PQ Process,SO-19380,DN-1050,Nigeria,PMO - US,From RDC,N/A - From RDC,Air,2008-01-19,2008-07-19,2009-01-19,2009-01-19,2009-01-19,ARV,Adult,SCMS from RDC,"Emtricitabine/Tenofovir Disoproxil Fumarate 200/300mg [Truvada], tablets, 30 Tabs",Emtricitabine/Tenofovir Disoproxil Fumarate,Truvada,300/200mg,Tablet - FDC,30,32696,858270.0,26.25,0.88,"Aspen-OSD, Port Elizabeth, SA",True,2873.0,7363.73,1682.21
1785,11628,111-MZ-T01,Pre-PQ Process,SO-15090,DN-933,Mozambique,PMO - US,From RDC,N/A - From RDC,Air,2007-11-14,2008-05-14,2008-11-14,2008-11-14,2008-11-14,ARV,Adult,SCMS from RDC,"Lamivudine/Nevirapine/Stavudine 150/200/30mg, tablets, 60 Tabs",Lamivudine/Nevirapine/Stavudine,Generic,150/200/30mg,Tablet - FDC,60,27080,194976.0,7.2,0.12,"Strides, Bangalore, India.",False,668.5,3247.5699999999997,311.96
1786,11629,112-NG-T01,Pre-PQ Process,SO-20961,DN-1165,Nigeria,PMO - US,From RDC,N/A - From RDC,Air,2008-04-02,2008-10-02,2009-04-02,2009-04-02,2009-04-02,ARV,Adult,SCMS from RDC,"Emtricitabine/Tenofovir Disoproxil Fumarate 200/300mg [Truvada], tablets, 30 Tabs",Emtricitabine/Tenofovir Disoproxil Fumarate,Truvada,300/200mg,Tablet - FDC,30,50,1312.5,26.25,0.88,"Aspen-OSD, Port Elizabeth, SA",True,5.0,286.65,2.57
1787,11630,123-NG-T01,Pre-PQ Process,SO-22832,DN-1184,Nigeria,PMO - US,From RDC,N/A - From RDC,Air,2008-04-30,2008-10-30,2009-04-30,2009-04-30,2009-04-30,ARV,Adult,SCMS from RDC,"Nevirapine 200mg, tablets, 60 Tabs",Nevirapine,Generic,200mg,Tablet,60,5754,18412.8,3.2,0.05,Hetero Unit III Hyderabad IN,True,318.0,3515.96,36.09
1788,11634,106-HT-T01,Pre-PQ Process,SO-24830,DN-1205,Haiti,PMO - US,From RDC,N/A - From RDC,Air,2008-05-19,2008-11-19,2009-05-19,2009-05-19,2009-05-19,ARV,Adult,SCMS from RDC,"Stavudine 15mg, capsules, 60 Caps",Stavudine,Generic,15mg,Capsule,60,108,162.0,1.5,0.02,"Aurobindo Unit III, India",False,78.0,2946.7200000000003,0.32
1789,11635,151-NG-T01,Pre-PQ Process,SO-22527,DN-1209,Nigeria,PMO - US,From RDC,N/A - From RDC,Air Charter,2008-05-08,2008-11-08,2009-05-08,2009-05-08,2009-05-08,ARV,Adult,SCMS from RDC,"Lamivudine/Nevirapine/Zidovudine 150/200/300mg, tablets, 60 Tabs",Lamivudine/Nevirapine/Zidovudine,Generic,150/300/200mg,Tablet - FDC,60,1,11.4,11.4,0.19,"Aurobindo Unit III, India",False,63.0,12601.07,0.02
1790,11636,106-HT-T01,Pre-PQ Process,SO-24840,DN-1221,Haiti,PMO - US,From RDC,N/A - From RDC,Air,2008-05-22,2008-11-22,2009-05-22,2009-05-22,2009-05-22,ARV,Adult,SCMS from RDC,"Stavudine 30mg, capsules, 60 Caps",Stavudine,Generic,30mg,Capsule,60,4860,7241.4,1.49,0.02,"Aurobindo Unit III, India",True,2034.0,23441.88,14.19
1791,11637,114-UG-T01,Pre-PQ Process,SO-26161,DN-1226,Uganda,PMO - US,From RDC,N/A - From RDC,Air,2008-06-01,2008-12-01,2009-06-01,2009-06-01,2009-06-01,ARV,Adult,SCMS from RDC,"Lamivudine/Zidovudine 150/300mg, tablets, 60 Tabs",Lamivudine/Zidovudine,Generic,150/300mg,Tablet - FDC,60,685,6000.6,8.76,0.15,Mylan (formerly Matrix) Nashik,True,67.0,1122.87,11.76
1792,11638,110-ZM-T01,Pre-PQ Process,SO-17611,DN-1228,Zambia,PMO - US,From RDC,N/A - From RDC,Truck,2008-06-08,2008-12-08,2009-06-08,2009-06-08,2009-06-08,ARV,Adult,SCMS from RDC,"Efavirenz 600mg, tablets, 30 Tabs",Efavirenz,Generic,600mg,Tablet,30,28454,312994.0,11.0,0.37,"Aurobindo Unit III, India",True,3279.0,8288.78,613.47
1793,11639,111-MZ-T01,Pre-PQ Process,SO-30440,DN-1231,Mozambique,PMO - US,From RDC,N/A - From RDC,Truck,2008-06-28,2008-12-28,2009-06-28,2009-06-28,2009-06-28,ARV,Adult,SCMS from RDC,"Zidovudine 300mg, tablets, 60 Tabs",Zidovudine,Generic,300mg,Tablet,60,7300,56283.0,7.71,0.13,"Aurobindo Unit III, India",False,375.0,5192.68,110.31
1794,11640,100-GH-T01,Pre-PQ Process,SO-30700,DN-1235,Ghana,PMO - US,From RDC,N/A - From RDC,Truck,2008-08-12,2009-02-12,2009-08-12,2009-08-12,2009-08-12,ARV,Adult,SCMS from RDC,"Stavudine 20mg, capsules, 60 Caps",Stavudine,Generic,20mg,Capsule,60,477,4.77,0.01,0.0,"Aurobindo Unit III, India",False,668.5,3975.7,0.01
1795,11641,100-GH-T01,Pre-PQ Process,SO-30700,DN-1235,Ghana,PMO - US,From RDC,N/A - From RDC,Truck,2008-08-12,2009-02-12,2009-08-12,2009-08-12,2009-08-12,ARV,Pediatric,SCMS from RDC,"Abacavir 20mg/ml, oral solution, Bottle, 240 ml",Abacavir,Generic,20mg/ml,Oral solution,240,374,3.74,0.01,0.0,"Aurobindo Unit III, India",False,568.0,3975.7,0.01
1796,11673,110-ZM-T01,Pre-PQ Process,SO-29040,DN-1386,Zambia,PMO - US,From RDC,N/A - From RDC,Truck,2008-09-15,2009-03-15,2009-09-15,2009-09-15,2009-09-15,ARV,Adult,SCMS from RDC,"Efavirenz 600mg, tablets, 30 Tabs",Efavirenz,Generic,600mg,Tablet,30,120000,960000.0,8.0,0.27,"Aurobindo Unit III, India",True,20144.0,8281.69,1881.6
1797,11646,114-UG-T01,Pre-PQ Process,SO-30111,DN-1253,Uganda,PMO - US,From RDC,N/A - From RDC,Air,2008-06-23,2008-12-23,2009-06-23,2009-06-23,2009-06-23,ARV,Adult,SCMS from RDC,"Lamivudine/Nevirapine/Zidovudine 150/200/300mg, tablets, 60 Tabs",Lamivudine/Nevirapine/Zidovudine,Generic,150/300/200mg,Tablet - FDC,60,10371,117710.85,11.35,0.19,Mylan (formerly Matrix) Nashik,True,1273.0,7493.5,230.71
1798,11647,153-NG-T01,Pre-PQ Process,SO-31170,DN-1261,Nigeria,PMO - US,From RDC,N/A - From RDC,Air Charter,2008-06-16,2008-12-16,2009-06-16,2009-06-16,2009-06-16,ARV,Adult,SCMS from RDC,"Nevirapine 200mg, tablets, 60 Tabs",Nevirapine,Generic,200mg,Tablet,60,24,72.0,3.0,0.05,"Aurobindo Unit III, India",True,21.0,7329.83,0.14
1799,11652,106-HT-T01,Pre-PQ Process,SO-24833,DN-1279,Haiti,PMO - US,From RDC,N/A - From RDC,Air,2008-06-18,2008-12-18,2009-06-18,2009-06-18,2009-06-18,ARV,Pediatric,SCMS from RDC,"Nevirapine 10mg/ml, oral suspension, Bottle, 240 ml",Nevirapine,Generic,10mg/ml,Oral suspension,240,3035,5827.2,1.92,0.01,"Aurobindo Unit III, India",True,1133.0,7789.85,11.42
1800,11653,106-HT-T01,Pre-PQ Process,SO-24850,DN-1280,Haiti,PMO - US,From RDC,N/A - From RDC,Air,2008-06-18,2008-12-18,2009-06-18,2009-06-18,2009-06-18,ARV,Adult,SCMS from RDC,"Stavudine 15mg, capsules, 60 Caps",Stavudine,Generic,15mg,Capsule,60,36,54.0,1.5,0.02,"Aurobindo Unit III, India",False,22.0,2946.7200000000003,0.11
1801,11654,114-UG-T01,Pre-PQ Process,SO-31450,DN-1282,Uganda,PMO - US,From RDC,N/A - From RDC,Air,2008-06-23,2008-12-23,2009-06-23,2009-06-23,2009-06-23,ARV,Adult,SCMS from RDC,"Lamivudine/Zidovudine 150/300mg, tablets, 60 Tabs",Lamivudine/Zidovudine,Generic,150/300mg,Tablet - FDC,60,6000,52560.0,8.76,0.15,Mylan (formerly Matrix) Nashik,True,486.0,3338.35,103.02
1802,11655,114-UG-T01,Pre-PQ Process,SO-31360,DN-1287,Uganda,PMO - US,From RDC,N/A - From RDC,Air,2008-06-22,2008-12-22,2009-06-22,2009-06-22,2009-06-22,ARV,Adult,SCMS from RDC,"Efavirenz 600mg, tablets, 30 Tabs",Efavirenz,Generic,600mg,Tablet,30,7300,50005.0,6.85,0.23,"Aurobindo Unit III, India",False,375.0,2485.92,98.01
1803,11656,113-ZW-T01,Pre-PQ Process,SO-21010,DN-1289,Zimbabwe,PMO - US,From RDC,N/A - From RDC,Truck,2008-06-22,2008-12-22,2009-06-22,2009-06-22,2009-06-22,ARV,Adult,SCMS from RDC,"Lamivudine/Stavudine 150/30mg, tablets, 60 Tabs",Lamivudine/Stavudine,Generic,150/30mg,Tablet - FDC,60,4000,16000.0,4.0,0.07,"Cipla, Goa, India",False,810.0,6721.705,31.36
1804,11657,104-CI-T01,Pre-PQ Process,SO-27550,DN-1308,Côte d'Ivoire,PMO - US,From RDC,N/A - From RDC,Air,2008-07-08,2009-01-08,2009-07-08,2009-07-08,2009-07-08,ARV,Pediatric,SCMS from RDC,"Lamivudine 10mg/ml, oral solution, Bottle, 240 ml",Lamivudine,Generic,10mg/ml,Oral solution,240,3500,6650.0,1.9,0.01,"Aurobindo Unit III, India",True,1208.0,4329.01,13.03
1805,11660,104-CI-T01,Pre-PQ Process,SO-27540,DN-1315,Côte d'Ivoire,PMO - US,From RDC,N/A - From RDC,Air,2008-07-14,2009-01-14,2009-07-14,2009-07-14,2009-07-14,ARV,Adult,SCMS from RDC,"Nevirapine 200mg, tablets, 60 Tabs",Nevirapine,Generic,200mg,Tablet,60,13325,39975.0,3.0,0.05,"Aurobindo Unit III, India",False,668.5,4063.81,78.35
1806,11661,114-UG-T01,Pre-PQ Process,SO-32120,DN-1303,Uganda,PMO - US,From RDC,N/A - From RDC,Air,2008-08-14,2009-02-14,2009-08-14,2009-08-14,2009-08-14,ARV,Adult,SCMS from RDC,"Nevirapine 200mg, tablets, 60 Tabs",Nevirapine,Generic,200mg,Tablet,60,2844,8247.6,2.9,0.05,"Aurobindo Unit III, India",True,1587.0,11206.84,16.17
1807,11662,110-ZM-T01,Pre-PQ Process,SO-32490,DN-1328,Zambia,PMO - US,From RDC,N/A - From RDC,Truck,2008-09-04,2009-03-04,2009-09-04,2009-09-04,2009-09-04,ARV,Adult,SCMS from RDC,"Lamivudine/Nevirapine/Stavudine 150/200/30mg, tablets, 60 Tabs",Lamivudine/Nevirapine/Stavudine,Generic,150/200/30mg,Tablet - FDC,60,40126,285697.12,7.12,0.12,"Cipla, Goa, India",True,4414.0,4506.2,559.97
1808,11663,111-MZ-T01,Pre-PQ Process,SO-26423,DN-1332,Mozambique,PMO - US,From RDC,N/A - From RDC,Truck,2008-08-27,2009-02-27,2009-08-27,2009-08-27,2009-08-27,ARV,Adult,SCMS from RDC,"Lamivudine/Zidovudine 150/300mg, tablets, 60 Tabs",Lamivudine/Zidovudine,Generic,150/300mg,Tablet - FDC,60,2484,21759.84,8.76,0.15,"Aurobindo Unit III, India",True,2078.0,2400.25,42.65
1809,11664,111-MZ-T01,Pre-PQ Process,SO-32200,DN-1336,Mozambique,PMO - US,From RDC,N/A - From RDC,Air,2008-09-03,2009-03-03,2009-09-03,2009-09-03,2009-09-03,ARV,Adult,SCMS from RDC,"Stavudine 30mg, capsules, 60 Caps",Stavudine,Generic,30mg,Capsule,60,370,551.3,1.49,0.02,"Strides, Bangalore, India.",True,18.0,423.89,1.08
1810,11665,151-NG-T01,Pre-PQ Process,SO-32645,DN-1339,Nigeria,PMO - US,From RDC,N/A - From RDC,Air Charter,2008-08-04,2009-02-04,2009-08-04,2009-08-04,2009-08-04,ARV,Adult,SCMS from RDC,"Lamivudine/Nevirapine/Zidovudine 150/200/300mg, tablets, 60 Tabs",Lamivudine/Nevirapine/Zidovudine,Generic,150/300/200mg,Tablet - FDC,60,4501,51311.4,11.4,0.19,"Aurobindo Unit III, India",True,507.0,7445.8,100.57
1811,11666,151-NG-T01,Pre-PQ Process,SO-27814,DN-1349,Nigeria,PMO - US,From RDC,N/A - From RDC,Air Charter,2008-08-04,2009-02-04,2009-08-04,2009-08-04,2009-08-04,ARV,Adult,SCMS from RDC,"Emtricitabine/Tenofovir Disoproxil Fumarate 200/300mg [Truvada], tablets, 30 Tabs",Emtricitabine/Tenofovir Disoproxil Fumarate,Truvada,300/200mg,Tablet - FDC,30,873,22916.25,26.25,0.88,"Aspen-OSD, Port Elizabeth, SA",True,76.0,7445.8,44.92
1812,11667,151-NG-T01,Pre-PQ Process,SO-27816,DN-1350,Nigeria,PMO - US,From RDC,N/A - From RDC,Air Charter,2008-08-04,2009-02-04,2009-08-04,2009-08-04,2009-08-04,ARV,Adult,SCMS from RDC,"Emtricitabine/Tenofovir Disoproxil Fumarate 200/300mg [Truvada], tablets, 30 Tabs",Emtricitabine/Tenofovir Disoproxil Fumarate,Truvada,300/200mg,Tablet - FDC,30,149824,3932880.0,26.25,0.88,"Aspen-OSD, Port Elizabeth, SA",True,13037.0,7445.8,7708.44
1813,11668,104-CI-T01,Pre-PQ Process,SO-27541,DN-1355,Côte d'Ivoire,PMO - US,From RDC,N/A - From RDC,Air,2008-08-04,2009-02-04,2009-08-04,2009-08-04,2009-08-04,ARV,Adult,SCMS from RDC,"Lamivudine/Zidovudine 150/300mg, tablets, 60 Tabs",Lamivudine/Zidovudine,Generic,150/300mg,Tablet - FDC,60,214,1874.64,8.76,0.15,"Aurobindo Unit III, India",True,19.0,1133.0,3.67
1814,11669,114-UG-T01,Pre-PQ Process,SO-31460,DN-1300,Uganda,PMO - US,From RDC,N/A - From RDC,Air,2008-09-15,2009-03-15,2009-09-15,2009-09-15,2009-09-15,ARV,Adult,SCMS from RDC,"Emtricitabine/Tenofovir Disoproxil Fumarate 200/300mg [Truvada], tablets, 30 Tabs",Emtricitabine/Tenofovir Disoproxil Fumarate,Truvada,300/200mg,Tablet - FDC,30,1201,31526.25,26.25,0.88,"Aspen-OSD, Port Elizabeth, SA",True,327.0,2737.97,61.79
1815,11670,106-HT-T01,Pre-PQ Process,SO-32740,DN-1371,Haiti,PMO - US,From RDC,N/A - From RDC,Air,2008-07-31,2009-01-31,2009-07-31,2009-07-31,2009-07-31,ARV,Pediatric,SCMS from RDC,"Stavudine 1mg/ml, powder for oral solution, 200 ml",Stavudine,Generic,1mg/ml,Oral solution,200,400,560.0,1.4,0.01,"Aurobindo Unit III, India",True,39.0,6811.39,1.1
1816,11672,110-ZM-T01,Pre-PQ Process,SO-32550,DN-1382,Zambia,PMO - US,From RDC,N/A - From RDC,Truck,2008-08-17,2009-02-17,2009-08-17,2009-08-17,2009-08-17,ARV,Adult,SCMS from RDC,"Abacavir 300mg, tablets, 60 Tabs",Abacavir,Generic,300mg,Tablet,60,10406,264832.7,25.45,0.42,Mylan (formerly Matrix) Nashik,False,668.5,6476.695,519.07
1817,11674,104-CI-T01,Pre-PQ Process,SO-32830,DN-1387,Côte d'Ivoire,PMO - US,From RDC,N/A - From RDC,Air,2008-08-25,2009-02-25,2009-08-25,2009-08-25,2009-08-25,ARV,Pediatric,SCMS from RDC,"Nevirapine 10mg/ml, oral suspension, Bottle, 240 ml",Nevirapine,Generic,10mg/ml,Oral suspension,240,2917,5600.64,1.92,0.01,"Aurobindo Unit III, India",True,1348.0,5233.52,10.98
1818,11675,104-CI-T01,Pre-PQ Process,SO-32830,DN-1387,Côte d'Ivoire,PMO - US,From RDC,N/A - From RDC,Air,2008-08-25,2009-02-25,2009-08-25,2009-08-25,2009-08-25,ARV,Pediatric,SCMS from RDC,"Zidovudine 100mg, capsules, 100 Caps",Zidovudine,Generic,100mg,Capsule,100,3612,18060.0,5.0,0.05,"Aurobindo Unit III, India",False,668.5,4063.81,35.4
1819,11677,110-ZM-T01,Pre-PQ Process,SO-32500,DN-1394,Zambia,PMO - US,From RDC,N/A - From RDC,Truck,2008-08-21,2009-02-21,2009-08-21,2009-08-21,2009-08-21,ARV,Adult,SCMS from RDC,"Lamivudine/Nevirapine/Stavudine 150/200/30mg, tablets, 60 Tabs",Lamivudine/Nevirapine/Stavudine,Generic,150/200/30mg,Tablet - FDC,60,2393,17038.16,7.12,0.12,"Cipla, Goa, India",True,256.0,2014.86,33.39
1820,11678,114-UG-T01,Pre-PQ Process,SO-32920,DN-1397,Uganda,PMO - US,From RDC,N/A - From RDC,Air,2008-08-24,2009-02-24,2009-08-24,2009-08-24,2009-08-24,ARV,Adult,SCMS from RDC,"Nevirapine 200mg, tablets, 60 Tabs",Nevirapine,Generic,200mg,Tablet,60,4564,13235.6,2.9,0.05,"Aurobindo Unit III, India",True,847.0,4999.48,25.94
1821,11679,104-CI-T01,Pre-PQ Process,SO-32240,DN-1398,Côte d'Ivoire,PMO - US,From RDC,N/A - From RDC,Air,2008-09-08,2009-03-08,2009-09-08,2009-09-08,2009-09-08,ARV,Adult,SCMS from RDC,"Efavirenz 600mg, tablets, 30 Tabs",Efavirenz,Generic,600mg,Tablet,30,15000,102750.0,6.85,0.23,"Aurobindo Unit III, India",True,1582.0,6037.19,201.39
1822,11680,114-UG-T01,Pre-PQ Process,SO-32150,DN-1418,Uganda,PMO - US,From RDC,N/A - From RDC,Air,2008-09-11,2009-03-11,2009-09-11,2009-09-11,2009-09-11,ARV,Adult,SCMS from RDC,"Lamivudine/Zidovudine 150/300mg, tablets, 60 Tabs",Lamivudine/Zidovudine,Generic,150/300mg,Tablet - FDC,60,13000,113880.0,8.76,0.15,Mylan (formerly Matrix) Nashik,True,1051.0,6575.7,223.2
1823,11681,110-ZM-T01,Pre-PQ Process,SO-29030,DN-1407,Zambia,PMO - US,From RDC,N/A - From RDC,Truck,2008-10-19,2009-04-19,2009-10-19,2009-10-19,2009-10-19,ARV,Adult,SCMS from RDC,"Nevirapine 200mg, tablets, 60 Tabs",Nevirapine,Generic,200mg,Tablet,60,84282,252846.0,3.0,0.05,"Aurobindo Unit III, India",True,13680.0,16339.98,495.58
1824,11682,104-CI-T01,Pre-PQ Process,SO-33220,DN-1422,Côte d'Ivoire,PMO - US,From RDC,N/A - From RDC,Air,2008-09-16,2009-03-16,2009-09-16,2009-09-16,2009-09-16,ARV,Pediatric,SCMS from RDC,"Zidovudine 10mg/ml, oral solution, Bottle, 240 ml",Zidovudine,Generic,10mg/ml,Oral solution,240,5527,11606.7,2.1,0.01,"Aurobindo Unit III, India",True,5317.0,11005.67,22.75
1825,11683,104-CI-T01,Pre-PQ Process,SO-33230,DN-1427,Côte d'Ivoire,PMO - US,From RDC,N/A - From RDC,Air,2008-09-25,2009-03-25,2009-09-25,2009-09-25,2009-09-25,ARV,Adult,SCMS from RDC,"Lamivudine 150mg, tablets, 60 Tabs",Lamivudine,Generic,150mg,Tablet,60,4400,10736.0,2.44,0.04,"Aurobindo Unit III, India",True,640.0,5678.7,21.04
1826,11684,151-NG-T01,Pre-PQ Process,SO-33335,DN-1436,Nigeria,PMO - US,From RDC,N/A - From RDC,Air Charter,2008-10-20,2009-04-20,2009-10-20,2009-10-20,2009-10-20,ARV,Adult,SCMS from RDC,"Lamivudine/Nevirapine/Zidovudine 150/200/300mg, tablets, 60 Tabs",Lamivudine/Nevirapine/Zidovudine,Generic,150/300/200mg,Tablet - FDC,60,5060,57684.0,11.4,0.19,"Aurobindo Unit III, India",True,570.0,9341.49,113.06
1827,11685,151-NG-T01,Pre-PQ Process,SO-27825,DN-1444,Nigeria,PMO - US,From RDC,N/A - From RDC,Air Charter,2008-10-20,2009-04-20,2009-10-20,2009-10-20,2009-10-20,ARV,Adult,SCMS from RDC,"Emtricitabine/Tenofovir Disoproxil Fumarate 200/300mg, tablets, 30 Tabs",Emtricitabine/Tenofovir Disoproxil Fumarate,Generic,200/300mg,Tablet - FDC,30,243,2855.25,11.75,0.39,Mylan (formerly Matrix) Nashik,True,22.0,9341.49,5.6
1828,11687,111-MZ-T01,Pre-PQ Process,SO-26424,DN-1457,Mozambique,PMO - US,From RDC,N/A - From RDC,Truck,2008-10-07,2009-04-07,2009-10-07,2009-10-07,2009-10-07,ARV,Adult,SCMS from RDC,"Lamivudine/Zidovudine 150/300mg, tablets, 60 Tabs",Lamivudine/Zidovudine,Generic,150/300mg,Tablet - FDC,60,9288,81362.88,8.76,0.15,"Aurobindo Unit III, India",True,979.0,1588.06,159.47
1829,11688,111-MZ-T01,Pre-PQ Process,SO-33580,DN-1467,Mozambique,PMO - US,From RDC,N/A - From RDC,Air,2008-11-07,2009-05-07,2009-11-07,2009-11-07,2009-11-07,ARV,Adult,SCMS from RDC,"Lamivudine/Zidovudine 150/300mg, tablets, 60 Tabs",Lamivudine/Zidovudine,Generic,150/300mg,Tablet - FDC,60,16524,144750.24,8.76,0.15,"Aurobindo Unit III, India",True,1488.0,4764.16,283.71
1830,11689,114-UG-T01,Pre-PQ Process,SO-33000,DN-1468,Uganda,PMO - US,From RDC,N/A - From RDC,Air,2008-10-12,2009-04-12,2009-10-12,2009-10-12,2009-10-12,ARV,Adult,SCMS from RDC,"Lamivudine/Nevirapine/Zidovudine 150/200/300mg, tablets, 60 Tabs",Lamivudine/Nevirapine/Zidovudine,Generic,150/300/200mg,Tablet - FDC,60,350,3972.5,11.35,0.19,"Aurobindo Unit III, India",True,45.0,749.25,7.79
1831,11690,109-TZ-T01,Pre-PQ Process,SO-31283,DN-1470,Tanzania,PMO - US,From RDC,N/A - From RDC,Truck,2008-10-26,2009-04-26,2009-10-26,2009-10-26,2009-10-26,ARV,Adult,SCMS from RDC,"Abacavir 300mg, tablets, 60 Tabs",Abacavir,Generic,300mg,Tablet,60,3752,95488.4,25.45,0.42,"Aurobindo Unit III, India",False,668.5,3623.2,187.16
1832,11691,117-ET-T01,Pre-PQ Process,SO-33750,DN-1484,Ethiopia,PMO - US,From RDC,N/A - From RDC,Air,2008-10-20,2009-04-20,2009-10-20,2009-10-20,2009-10-20,ARV,Pediatric,SCMS from RDC,"Abacavir 20mg/ml, oral solution, Bottle, 240 ml",Abacavir,Generic,20mg/ml,Oral solution,240,100,1464.0,14.64,0.06,"Aurobindo Unit III, India",True,18.0,523.45,3.16
1833,11692,151-NG-T01,Pre-PQ Process,SO-33333,DN-1483,Nigeria,PMO - US,From RDC,N/A - From RDC,Air,2008-12-18,2009-06-18,2009-12-18,2009-12-18,2009-12-18,ARV,Adult,SCMS from RDC,"Lamivudine/Nevirapine/Zidovudine 150/200/300mg, tablets, 60 Tabs",Lamivudine/Nevirapine/Zidovudine,Generic,150/300/200mg,Tablet - FDC,60,60840,693576.0,11.4,0.19,Mylan (formerly Matrix) Nashik,True,7663.0,33279.39,1495.35
1834,11693,100-LB-T01,Pre-PQ Process,SO-33900,DN-1487,Lebanon,PMO - US,From RDC,N/A - From RDC,Air,2008-11-18,2009-05-18,2009-11-18,2009-11-18,2009-11-18,ARV,Pediatric,SCMS from RDC,"Didanosine 100mg, chewable/dispersible tablets, 60 Tabs",Didanosine,Generic,100mg,Chewable/dispersible tablet,60,120,1.2,0.01,0.0,"Aurobindo Unit III, India",False,22.0,3790.6549999999997,0.0
1835,11694,100-LB-T01,Pre-PQ Process,SO-33910,DN-1488,Lebanon,PMO - US,From RDC,N/A - From RDC,Air,2008-11-24,2009-05-24,2009-11-24,2009-11-24,2009-11-24,ARV,Adult,SCMS from RDC,"Lamivudine 150mg, tablets, 60 Tabs",Lamivudine,Generic,150mg,Tablet,60,200,2.0,0.01,0.0,Hetero Unit III Hyderabad IN,False,22.0,3790.6549999999997,0.0
1836,11695,110-ZM-T01,Pre-PQ Process,SO-33620,DN-1496,Zambia,PMO - US,From RDC,N/A - From RDC,Truck,2008-10-29,2009-04-29,2009-10-29,2009-10-29,2009-10-29,ARV,Adult,SCMS from RDC,"Lamivudine/Zidovudine 150/300mg, tablets, 60 Tabs",Lamivudine/Zidovudine,Generic,150/300mg,Tablet - FDC,60,31240,273662.4,8.76,0.15,"Aurobindo Unit III, India",True,2832.0,4897.42,590.02
1837,11697,117-ET-T01,Pre-PQ Process,SO-34570,DN-1558,Ethiopia,PMO - US,From RDC,N/A - From RDC,Air,2008-11-26,2009-05-26,2009-11-26,2009-11-26,2009-11-26,ARV,Adult,SCMS from RDC,"Nevirapine 200mg, tablets, 60 Tabs",Nevirapine,Generic,200mg,Tablet,60,6661,19316.9,2.9,0.05,"Aurobindo Unit III, India",True,778.0,4702.02,41.65
1838,11698,111-MZ-T01,Pre-PQ Process,SO-323,DN-15,Mozambique,PMO - US,From RDC,N/A - From RDC,Air,2006-02-01,2006-08-01,2007-02-01,2007-02-01,2007-02-01,ARV,Adult,SCMS from RDC,"Stavudine 15mg, capsules, 60 Caps",Stavudine,Generic,15mg,Capsule,60,3287,7724.45,2.35,0.04,"Aurobindo Unit III, India",False,668.5,3247.5699999999997,0.0
1839,11703,100-CI-T01,Pre-PQ Process,SO-283,DN-16,Côte d'Ivoire,PMO - US,From RDC,N/A - From RDC,Air,2006-02-22,2006-08-22,2007-02-22,2007-02-22,2007-02-22,ARV,Adult,SCMS from RDC,"Tenofovir Disoproxil Fumarate 300mg [Viread], tablets, 30 Tabs",Tenofovir Disoproxil Fumarate,Viread,300mg,Tablet,30,384,6528.0,17.0,0.57,Gilead(Nycomed) Oranienburg DE,False,30.0,4063.81,0.0
1840,11706,102-GY-T01,Pre-PQ Process,SO-387,DN-42,Guyana,PMO - US,From RDC,N/A - From RDC,Air,2006-03-08,2006-09-08,2007-03-08,2007-03-08,2007-03-08,HRDT,HIV test,SCMS from RDC,"HIV 1/2, Determine Complete HIV Kit, 100 Tests","HIV 1/2, Determine Complete HIV Kit",Determine,no_dosage,Test kit,100,210,16800.0,80.0,0.8,ABBVIE GmbH & Co.KG Wiesbaden,True,60.0,6012.0,0.0
1841,11707,110-ZM-T01,Pre-PQ Process,SO-355,DN-87,Zambia,PMO - US,From RDC,N/A - From RDC,Truck,2006-05-03,2006-11-03,2007-05-03,2007-05-03,2007-05-03,HRDT,HIV test,SCMS from RDC,"HIV 1/2, Uni-Gold HIV Kit, 20 Tests","HIV 1/2, Uni-Gold HIV Kit",Uni-Gold,no_dosage,Test kit,20,3500,112000.0,32.0,1.6,"Trinity Biotech, Plc",True,1109.0,9437.24,0.0
1842,11708,111-MZ-T01,Pre-PQ Process,SO-458,DN-90,Mozambique,PMO - US,From RDC,N/A - From RDC,Air,2006-05-04,2006-11-04,2007-05-04,2007-05-04,2007-05-04,ARV,Adult,SCMS from RDC,"Zidovudine 300mg, tablets, 60 Tabs",Zidovudine,Generic,300mg,Tablet,60,4000,34080.0,8.52,0.14,"Ranbaxy, Paonta Shahib, India",True,810.0,596.4,0.0
1843,11709,112-NG-T01,Pre-PQ Process,SO-340,DN-72,Nigeria,PMO - US,From RDC,N/A - From RDC,Air Charter,2006-04-17,2006-10-17,2007-04-17,2007-04-17,2007-04-17,ARV,Pediatric,SCMS from RDC,"Lamivudine 10mg/ml, oral solution, Bottle, 240 ml",Lamivudine,Generic,10mg/ml,Oral solution,240,1200,2640.0,2.2,0.01,"Aurobindo Unit III, India",False,128.0,12601.07,0.0
1844,11710,112-NG-T01,Pre-PQ Process,SO-342,DN-94,Nigeria,PMO - US,From RDC,N/A - From RDC,Air Charter,2006-04-17,2006-10-17,2007-04-17,2007-04-17,2007-04-17,ARV,Adult,SCMS from RDC,"Lamivudine/Zidovudine+Nevirapine 150/300+200mg, tablets, co-blister, 60+60 Tabs",Lamivudine/Zidovudine+Nevirapine,Generic,150/300+200mg,Tablet - FDC + co-blister,120,2703,55411.5,20.5,0.17,"Aspen-OSD, Port Elizabeth, SA",True,401.0,2208.0,0.0
1845,11711,100-HT-T01,Pre-PQ Process,SO-419,DN-111,Haiti,PMO - US,From RDC,N/A - From RDC,Air,2006-05-11,2006-11-11,2007-05-11,2007-05-11,2007-05-11,HRDT,HIV test,SCMS from RDC,"HIV 1/2, OraQuick Advance HIV Rapid Antibody Kit, 100 Tests","HIV 1/2, OraQuick Advance HIV Rapid Antibody Kit",OraQuick,no_dosage,Test kit,100,10,4000.0,400.0,4.0,"Pacific Biotech, Thailand",True,24.0,1027.0,0.0
1846,11712,100-HT-T01,Pre-PQ Process,SO-504,DN-112,Haiti,PMO - US,From RDC,N/A - From RDC,Air,2006-05-08,2006-11-08,2007-05-08,2007-05-08,2007-05-08,HRDT,HIV test,SCMS from RDC,"HIV 1/2, OraQuick Advance HIV Rapid Antibody Kit, 100 Tests","HIV 1/2, OraQuick Advance HIV Rapid Antibody Kit",OraQuick,no_dosage,Test kit,100,15,6000.0,400.0,4.0,"Pacific Biotech, Thailand",True,5.0,977.64,0.0
1847,11713,100-CI-T01,Pre-PQ Process,SO-391,DN-52,Côte d'Ivoire,PMO - US,From RDC,N/A - From RDC,Air,2006-05-04,2006-11-04,2007-05-04,2007-05-04,2007-05-04,ARV,Adult,SCMS from RDC,"Efavirenz 600mg, tablets, 30 Tabs",Efavirenz,Generic,600mg,Tablet,30,10000,162500.0,16.25,0.54,"Aurobindo Unit III, India",True,910.0,3026.0,0.0
1848,11714,100-CI-T01,Pre-PQ Process,SO-286,DN-71,Côte d'Ivoire,PMO - US,From RDC,N/A - From RDC,Air,2006-04-30,2006-10-30,2007-04-30,2007-04-30,2007-04-30,ARV,Adult,SCMS from RDC,"Abacavir 300mg, tablets, 60 Tabs",Abacavir,Generic,300mg,Tablet,60,68,2995.4,44.05,0.73,"Aurobindo Unit III, India",False,116.0,4063.81,0.0
1849,11715,102-GY-T01,Pre-PQ Process,SO-509,DN-128,Guyana,PMO - US,From RDC,N/A - From RDC,Air,2006-06-07,2006-12-07,2007-06-07,2007-06-07,2007-06-07,HRDT,HIV test,SCMS from RDC,"HIV 1/2, Determine Complete HIV Kit, 100 Tests","HIV 1/2, Determine Complete HIV Kit",Determine,no_dosage,Test kit,100,100,8000.0,80.0,0.8,ABBVIE GmbH & Co.KG Wiesbaden,True,32.0,944.67,0.0
1850,11716,102-NG-T01,Pre-PQ Process,SO-473,DN-116,Nigeria,PMO - US,From RDC,N/A - From RDC,Air Charter,2006-04-30,2006-10-30,2007-04-30,2007-04-30,2007-04-30,HRDT,HIV test,SCMS from RDC,"HIV 1/2, Stat-Pak HIV, Kit, 20 Tests","HIV 1/2, Stat-Pak HIV, Kit",Stat-Pak,no_dosage,Test kit,20,5250,141750.0,27.0,1.35,Chembio Diagnostics Sys. Inc.,True,1699.0,8526.94,0.0
1851,11718,100-CI-T01,Pre-PQ Process,SO-439,DN-86,Côte d'Ivoire,PMO - US,From RDC,N/A - From RDC,Air,2006-04-30,2006-10-30,2007-04-30,2007-04-30,2007-04-30,ARV,Adult,SCMS from RDC,"Lamivudine/Nevirapine/Stavudine 150/200/30mg, tablets, 60 Tabs",Lamivudine/Nevirapine/Stavudine,Generic,150/200/30mg,Tablet - FDC,60,9000,67500.0,7.5,0.12,"Cipla, Goa, India",True,992.0,3205.0,0.0
1852,11719,111-MZ-T01,Pre-PQ Process,SO-293,DN-44,Mozambique,PMO - US,From RDC,N/A - From RDC,Air,2006-04-17,2006-10-17,2007-04-17,2007-04-17,2007-04-17,ARV,Adult,SCMS from RDC,"Lamivudine/Nevirapine/Zidovudine 150/200/300mg, tablets, 60 Tabs",Lamivudine/Nevirapine/Zidovudine,Generic,150/300/200mg,Tablet - FDC,60,30000,525000.0,17.5,0.29,"Aurobindo Unit III, India",False,3136.0,3247.5699999999997,0.0
1853,11721,100-CI-T01,Pre-PQ Process,SO-393,DN-62,Côte d'Ivoire,PMO - US,From RDC,N/A - From RDC,Air,2006-05-04,2006-11-04,2007-05-04,2007-05-04,2007-05-04,ARV,Adult,SCMS from RDC,"Lamivudine/Zidovudine 150/300mg, tablets, 60 Tabs",Lamivudine/Zidovudine,Generic,150/300mg,Tablet - FDC,60,10000,102500.0,10.25,0.17,"Aurobindo Unit III, India",True,963.0,3142.0,0.0
1854,11722,100-CI-T01,Pre-PQ Process,SO-440,DN-79,Côte d'Ivoire,PMO - US,From RDC,N/A - From RDC,Air,2006-04-30,2006-10-30,2007-04-30,2007-04-30,2007-04-30,ARV,Adult,SCMS from RDC,"Lamivudine/Nevirapine/Stavudine 150/200/30mg, tablets, 60 Tabs",Lamivudine/Nevirapine/Stavudine,Generic,150/200/30mg,Tablet - FDC,60,1000,7500.0,7.5,0.12,"Cipla, Goa, India",True,104.0,1458.0,0.0
1855,11723,100-CI-T01,Pre-PQ Process,SO-435,DN-81,Côte d'Ivoire,PMO - US,From RDC,N/A - From RDC,Air,2006-04-30,2006-10-30,2007-04-30,2007-04-30,2007-04-30,ARV,Adult,SCMS from RDC,"Lamivudine/Nevirapine/Stavudine 150/200/30mg, tablets, 60 Tabs",Lamivudine/Nevirapine/Stavudine,Generic,150/200/30mg,Tablet - FDC,60,9000,67500.0,7.5,0.12,"Cipla, Goa, India",True,969.0,3155.0,0.0
1856,11724,113-ZW-T01,Pre-PQ Process,SO-279,DN-187,Zimbabwe,PMO - US,From RDC,N/A - From RDC,Truck,2006-06-12,2006-12-12,2007-06-12,2007-06-12,2007-06-12,ARV,Adult,SCMS from RDC,"Zidovudine 300mg, tablets, 60 Tabs",Zidovudine,Generic,300mg,Tablet,60,534,5217.18,9.77,0.16,"Ranbaxy, Paonta Shahib, India",False,30.0,6721.705,8.35
1857,11725,110-ZM-T01,Pre-PQ Process,SO-615,DN-201,Zambia,PMO - US,From RDC,N/A - From RDC,Air,2006-06-26,2006-12-26,2007-06-26,2007-06-26,2007-06-26,ARV,Pediatric,SCMS from RDC,"Efavirenz 200mg, capsule, 90 Caps",Efavirenz,Generic,200mg,Capsule,90,3436,58240.2,16.95,0.19,"Aurobindo Unit III, India",True,395.0,1848.37,93.18
1858,11731,104-CI-T01,Pre-PQ Process,SO-519,DN-199,Côte d'Ivoire,PMO - US,From RDC,N/A - From RDC,Air,2006-07-05,2007-01-05,2007-07-05,2007-07-05,2007-07-05,ARV,Adult,SCMS from RDC,"Efavirenz 600mg, tablets, 30 Tabs",Efavirenz,Generic,600mg,Tablet,30,61468,999469.68,16.26,0.54,"Aurobindo Unit III, India",False,668.5,4063.81,1599.15
1859,11732,109-TZ-T01,Pre-PQ Process,SO-632,DN-169,Tanzania,PMO - US,From RDC,N/A - From RDC,Air,2006-07-06,2007-01-06,2007-07-06,2007-07-06,2007-07-06,ARV,Adult,SCMS from RDC,"Efavirenz 600mg, tablets, 30 Tabs",Efavirenz,Generic,600mg,Tablet,30,28665,466092.9,16.26,0.54,"Aurobindo Unit III, India",True,2515.0,6834.0,0.0
1860,11733,112-NG-T01,Pre-PQ Process,SO-555,DN-180,Nigeria,PMO - US,From RDC,N/A - From RDC,Air Charter,2006-06-26,2006-12-26,2007-06-26,2007-06-26,2007-06-26,ARV,Adult,SCMS from RDC,"Lamivudine/Nevirapine/Stavudine 150/200/40mg, tablets, 60 Tabs",Lamivudine/Nevirapine/Stavudine,Generic,150/200/40mg,Tablet - FDC,60,1370,10549.0,7.7,0.13,"Cipla, Goa, India",True,142.0,1489.52,0.0
1861,11735,113-ZW-T01,Pre-PQ Process,SO-278,DN-141,Zimbabwe,PMO - US,From RDC,N/A - From RDC,Truck,2006-05-20,2006-11-20,2007-05-20,2007-05-20,2007-05-20,ARV,Adult,SCMS from RDC,"Zidovudine 300mg, tablets, 60 Tabs",Zidovudine,Generic,300mg,Tablet,60,470,4591.9,9.77,0.16,"Ranbaxy, Paonta Shahib, India",False,31.0,6721.705,0.0
1862,11737,120-AO-T01,Pre-PQ Process,SO-779,DN-249,Angola,PMO - US,From RDC,N/A - From RDC,Truck,2006-10-15,2007-04-15,2007-10-15,2007-10-15,2007-10-15,HRDT,HIV test,SCMS from RDC,"HIV 1/2, Uni-Gold HIV Kit, 20 Tests","HIV 1/2, Uni-Gold HIV Kit",Uni-Gold,no_dosage,Test kit,20,150,4800.0,32.0,1.6,"Trinity Biotech, Plc",True,54.0,952.04,7.68
1863,11738,100-ZW-T01,Pre-PQ Process,SO-720,DN-269,Zimbabwe,PMO - US,From RDC,N/A - From RDC,Truck,2006-08-17,2007-02-17,2007-08-17,2007-08-17,2007-08-17,ARV,Adult,SCMS from RDC,"Lamivudine/Stavudine 150/30mg, tablets, 30 Tabs",Lamivudine/Stavudine,Generic,150/30mg,Tablet - FDC,30,6400,12800.0,2.0,0.07,"Cipla, Goa, India",True,570.0,5348.0,20.48
1864,11739,100-ZW-T01,Pre-PQ Process,SO-720,DN-269,Zimbabwe,PMO - US,From RDC,N/A - From RDC,Truck,2006-08-17,2007-02-17,2007-08-17,2007-08-17,2007-08-17,ARV,Adult,SCMS from RDC,"Lamivudine/Stavudine 150/30mg, tablets, 30 Tabs",Lamivudine/Stavudine,Generic,150/30mg,Tablet - FDC,30,1600,3200.0,2.0,0.07,"Cipla, Goa, India",False,289.5,6721.705,5.12
1865,11740,109-TZ-T01,Pre-PQ Process,SO-757,DN-237,Tanzania,PMO - US,From RDC,N/A - From RDC,Air,2006-07-19,2007-01-19,2007-07-19,2007-07-19,2007-07-19,HRDT,HIV test,SCMS from RDC,"HIV 1/2, Capillus HIV Kit, 100 Tests","HIV 1/2, Capillus HIV Kit",Capillus,no_dosage,Test kit,100,300,41700.0,139.0,1.39,"Trinity Biotech, Plc",True,176.0,2102.0,66.72
1866,11741,109-TZ-T01,Pre-PQ Process,SO-769,DN-275,Tanzania,PMO - US,From RDC,N/A - From RDC,Air,2006-08-22,2007-02-22,2007-08-22,2007-08-22,2007-08-22,ARV,Adult,SCMS from RDC,"Nevirapine 200mg, tablets, 60 Tabs",Nevirapine,Generic,200mg,Tablet,60,11807,42150.99,3.57,0.06,"Aurobindo Unit III, India",True,1802.0,3267.0,67.44
1867,11742,109-TZ-T01,Pre-PQ Process,SO-307,DN-276,Tanzania,PMO - US,From RDC,N/A - From RDC,Air,2006-08-22,2007-02-22,2007-08-22,2007-08-22,2007-08-22,HRDT,HIV test,SCMS from RDC,"HIV 1/2, Uni-Gold HIV Kit, 20 Tests","HIV 1/2, Uni-Gold HIV Kit",Uni-Gold,no_dosage,Test kit,20,100,3200.0,32.0,1.6,"Trinity Biotech, Plc",True,36.0,939.62,5.12
1868,11743,110-ZM-T01,Pre-PQ Process,SO-751,DN-284,Zambia,PMO - US,From RDC,N/A - From RDC,Truck,2006-08-07,2007-02-07,2007-08-07,2007-08-07,2007-08-07,ARV,Pediatric,SCMS from RDC,"Abacavir 20mg/ml, oral solution, Bottle, 240 ml",Abacavir,Generic,20mg/ml,Oral solution,240,500,8250.0,16.5,0.07,"Aurobindo Unit III, India",True,178.0,1105.9,13.2
1869,11744,109-TZ-T01,Pre-PQ Process,SO-445,DN-241,Tanzania,PMO - US,From RDC,N/A - From RDC,Air,2006-07-30,2007-01-30,2007-07-30,2007-07-30,2007-07-30,ARV,Adult,SCMS from RDC,"Lamivudine/Zidovudine 150/300mg, tablets, 60 Tabs",Lamivudine/Zidovudine,Generic,150/300mg,Tablet - FDC,60,10977,117234.36,10.68,0.18,"Aurobindo Unit III, India",True,957.0,3243.0,187.57
1870,11745,110-ZM-T01,Pre-PQ Process,SO-315,DN-228,Zambia,PMO - US,From RDC,N/A - From RDC,Truck,2006-07-09,2007-01-09,2007-07-09,2007-07-09,2007-07-09,ARV,Adult,SCMS from RDC,"Emtricitabine/Tenofovir Disoproxil Fumarate 200/300mg [Truvada], tablets, 30 Tabs",Emtricitabine/Tenofovir Disoproxil Fumarate,Truvada,300/200mg,Tablet - FDC,30,12000,315000.0,26.25,0.88,Gilead(Nycomed) Oranienburg DE,True,1005.0,4407.26,504.0
1871,11747,109-TZ-T01,Pre-PQ Process,SO-633,DN-243,Tanzania,PMO - US,From RDC,N/A - From RDC,Air,2006-07-30,2007-01-30,2007-07-30,2007-07-30,2007-07-30,ARV,Adult,SCMS from RDC,"Lopinavir/Ritonavir 200/50mg [Aluvia], tablets, 120 Tabs",Lopinavir/Ritonavir,Aluvia,200/50mg,Tablet,120,1155,47470.5,41.1,0.34,ABBVIE Ludwigshafen Germany,True,255.0,1388.0,75.95
1872,11749,109-TZ-T01,Pre-PQ Process,SO-748,DN-230,Tanzania,PMO - US,From RDC,N/A - From RDC,Air,2006-07-18,2007-01-18,2007-07-18,2007-07-18,2007-07-18,HRDT,HIV test,SCMS from RDC,"HIV 1/2, Bioline 3.0 Kit, Lancets, Capillary pipets, Alcohol swabs included, 25 Tests","HIV 1/2, Bioline 3.0 Kit, Lancets, Capillary pipets, Alcohol swabs included",Bioline,no_dosage,Test kit,25,6356,127120.0,20.0,0.8,"Standard Diagnostics, Korea",True,1879.0,9538.74,203.39
1873,11750,110-ZM-T01,Pre-PQ Process,SO-538,DN-254,Zambia,PMO - US,From RDC,N/A - From RDC,Truck,2006-07-27,2007-01-27,2007-07-27,2007-07-27,2007-07-27,HRDT,HIV test,SCMS from RDC,"HIV 1/2, Uni-Gold HIV Kit, 20 Tests","HIV 1/2, Uni-Gold HIV Kit",Uni-Gold,no_dosage,Test kit,20,2453,78496.0,32.0,1.6,"Trinity Biotech, Plc",True,821.0,5234.8,125.59
1874,11751,111-MZ-T01,Pre-PQ Process,SO-499,DN-258,Mozambique,PMO - US,From RDC,N/A - From RDC,Air,2006-08-15,2007-02-15,2007-08-15,2007-08-15,2007-08-15,ARV,Pediatric,SCMS from RDC,"Abacavir 20mg/ml, oral solution, Bottle, 240 ml",Abacavir,Generic,20mg/ml,Oral solution,240,1306,28079.0,21.5,0.09,"Aurobindo Unit III, India",False,668.5,3247.5699999999997,44.93
1875,11753,109-TZ-T01,Pre-PQ Process,SO-455,DN-290,Tanzania,PMO - US,From RDC,N/A - From RDC,Air,2006-09-10,2007-03-10,2007-09-10,2007-09-10,2007-09-10,ARV,Adult,SCMS from RDC,"Lamivudine/Zidovudine 150/300mg, tablets, 60 Tabs",Lamivudine/Zidovudine,Generic,150/300mg,Tablet - FDC,60,10000,106800.0,10.68,0.18,"Aurobindo Unit III, India",False,1097.5,8925.0,170.88
1876,11754,109-TZ-T01,Pre-PQ Process,SO-771,DN-293,Tanzania,PMO - US,From RDC,N/A - From RDC,Air,2006-09-26,2007-03-26,2007-09-26,2007-09-26,2007-09-26,ARV,Adult,SCMS from RDC,"Abacavir 300mg, tablets, 60 Tabs",Abacavir,Generic,300mg,Tablet,60,7661,274263.8,35.8,0.6,"Aurobindo Unit III, India",True,750.0,3901.78,438.82
1877,11755,111-MZ-T01,Pre-PQ Process,SO-298,DN-304,Mozambique,PMO - US,From RDC,N/A - From RDC,Air,2006-09-21,2007-03-21,2007-09-21,2007-09-21,2007-09-21,ARV,Adult,SCMS from RDC,"Lamivudine/Nevirapine/Zidovudine 150/200/300mg, tablets, 60 Tabs",Lamivudine/Nevirapine/Zidovudine,Generic,150/300/200mg,Tablet - FDC,60,9838,172165.0,17.5,0.29,"Aurobindo Unit III, India",False,668.5,3247.5699999999997,275.46
1878,11756,111-MZ-T01,Pre-PQ Process,SO-298,DN-304,Mozambique,PMO - US,From RDC,N/A - From RDC,Air,2006-09-21,2007-03-21,2007-09-21,2007-09-21,2007-09-21,ARV,Pediatric,SCMS from RDC,"Efavirenz 50mg, capsule, 30 Caps",Efavirenz,Generic,50mg,Capsule,30,2414,8255.88,3.42,0.11,"Aurobindo Unit III, India",False,668.5,3247.5699999999997,13.21
1879,11757,104-CI-T01,Pre-PQ Process,SO-589,DN-314,Côte d'Ivoire,PMO - US,From RDC,N/A - From RDC,Air,2006-08-24,2007-02-24,2007-08-24,2007-08-24,2007-08-24,ARV,Pediatric,SCMS from RDC,"Efavirenz 50mg [Stocrin/Sustiva], capsule, 30 Caps",Efavirenz,Stocrin/Sustiva,50mg,Capsule,30,485,1682.95,3.47,0.12,"MSD, Haarlem, NL",True,285.0,1786.0,2.69
1880,11758,104-CI-T01,Pre-PQ Process,SO-589,DN-314,Côte d'Ivoire,PMO - US,From RDC,N/A - From RDC,Air,2006-08-24,2007-02-24,2007-08-24,2007-08-24,2007-08-24,ARV,Pediatric,SCMS from RDC,"Efavirenz 50mg [Stocrin/Sustiva], capsule, 30 Caps",Efavirenz,Stocrin/Sustiva,50mg,Capsule,30,4515,15667.05,3.47,0.12,"MSD, Haarlem, NL",False,259.0,4063.81,25.07
1881,11761,113-ZW-T01,Pre-PQ Process,SO-892,DN-300,Zimbabwe,PMO - US,From RDC,N/A - From RDC,Truck,2006-08-24,2007-02-24,2007-08-24,2007-08-24,2007-08-24,HRDT,HIV test,SCMS from RDC,"HIV 1/2, Determine Complete HIV Kit, 100 Tests","HIV 1/2, Determine Complete HIV Kit",Determine,no_dosage,Test kit,100,1500,120000.0,80.0,0.8,ABBVIE GmbH & Co.KG Wiesbaden,True,343.0,1645.12,192.0
1882,11762,100-ZW-T01,Pre-PQ Process,SO-718,DN-303,Zimbabwe,PMO - US,From RDC,N/A - From RDC,Truck,2006-08-28,2007-02-28,2007-08-28,2007-08-28,2007-08-28,ARV,Adult,SCMS from RDC,"Lamivudine/Nevirapine/Stavudine 150/200/30mg, tablets, 60 Tabs",Lamivudine/Nevirapine/Stavudine,Generic,150/200/30mg,Tablet - FDC,60,125000,925000.0,7.4,0.12,"Cipla, Goa, India",True,12779.0,41772.09,1480.0
1883,11764,113-ZW-T01,Pre-PQ Process,SO-292,DN-317,Zimbabwe,PMO - US,From RDC,N/A - From RDC,Truck,2006-08-28,2007-02-28,2007-08-28,2007-08-28,2007-08-28,ARV,Adult,SCMS from RDC,"Nevirapine 200mg, tablets, 60 Tabs",Nevirapine,Generic,200mg,Tablet,60,1629,5978.43,3.67,0.06,"Aurobindo Unit III, India",True,152.0,912.45,9.57
1884,11765,110-ZM-T01,Pre-PQ Process,SO-908,DN-319,Zambia,PMO - US,From RDC,N/A - From RDC,Air,2006-08-28,2007-02-28,2007-08-29,2007-08-29,2007-08-29,ARV,Adult,SCMS from RDC,"Stavudine 20mg, capsules, 60 Caps",Stavudine,Generic,20mg,Capsule,60,1119,1958.25,1.75,0.03,"Aurobindo Unit III, India",True,1581.0,5663.0,3.13
1885,11766,104-CI-T01,Pre-PQ Process,SO-959,DN-320,Côte d'Ivoire,PMO - US,From RDC,N/A - From RDC,Air,2006-08-28,2007-02-28,2007-08-30,2007-08-30,2007-08-30,ARV,Pediatric,SCMS from RDC,"Lamivudine 10mg/ml, oral solution, Bottle, 240 ml",Lamivudine,Generic,10mg/ml,Oral solution,240,2523,4970.31,1.97,0.01,"Cipla, Goa, India",False,585.0,4063.81,7.95
1886,11767,104-CI-T01,Pre-PQ Process,SO-959,DN-320,Côte d'Ivoire,PMO - US,From RDC,N/A - From RDC,Air,2006-08-28,2007-02-28,2007-08-30,2007-08-30,2007-08-30,ARV,Adult,SCMS from RDC,"Zidovudine 300mg, tablets, 60 Tabs",Zidovudine,Generic,300mg,Tablet,60,7586,61825.9,8.15,0.14,"Aurobindo Unit III, India",False,668.5,4063.81,98.92
1887,11769,119-NA-T01,Pre-PQ Process,SO-1007,DN-358,Namibia,PMO - US,From RDC,N/A - From RDC,Air,2006-09-21,2007-03-21,2007-09-21,2007-09-21,2007-09-21,HRDT,HIV test,SCMS from RDC,"HIV 1/2, Determine Complete HIV Kit, 100 Tests","HIV 1/2, Determine Complete HIV Kit",Determine,no_dosage,Test kit,100,170,13600.0,80.0,0.8,ABBVIE GmbH & Co.KG Wiesbaden,True,39.0,541.42,21.76
1888,11780,104-CI-T01,Pre-PQ Process,SO-997,DN-324,Côte d'Ivoire,PMO - US,From RDC,N/A - From RDC,Air,2006-08-28,2007-02-28,2007-08-31,2007-08-31,2007-08-31,ARV,Pediatric,SCMS from RDC,"Nevirapine 10mg/ml, oral suspension, Bottle, 240 ml",Nevirapine,Generic,10mg/ml,Oral suspension,240,2938,5640.96,1.92,0.01,"Aurobindo Unit III, India",False,668.5,4063.81,9.03
1889,11787,100-ZW-T01,Pre-PQ Process,SO-705,DN-355,Zimbabwe,PMO - US,From RDC,N/A - From RDC,Truck,2006-09-20,2007-03-20,2007-09-20,2007-09-20,2007-09-20,ARV,Adult,SCMS from RDC,"Efavirenz 600mg, tablets, 30 Tabs",Efavirenz,Generic,600mg,Tablet,30,1860,23101.2,12.42,0.41,"Cipla, Goa, India",True,3951.0,13788.25,36.96
1890,11792,104-CI-T01,Pre-PQ Process,SO-964,DN-379,Côte d'Ivoire,PMO - US,From RDC,N/A - From RDC,Air,2006-10-15,2007-04-15,2007-10-15,2007-10-15,2007-10-15,ARV,Adult,SCMS from RDC,"Ritonavir 100mg [Norvir], capsules, cool, 4 x 84 Caps",Ritonavir,Norvir,100mg,Capsule,336,1455,55813.8,38.36,0.11,ABBVIE (Abbott) France,False,668.5,4063.81,89.3
1891,11798,110-ZM-T01,Pre-PQ Process,SO-976,DN-384,Zambia,PMO - US,From RDC,N/A - From RDC,Truck,2006-10-29,2007-04-29,2007-10-29,2007-10-29,2007-10-29,ARV,Adult,SCMS from RDC,"Abacavir 300mg, tablets, 60 Tabs",Abacavir,Generic,300mg,Tablet,60,2489,68522.17,27.53,0.46,"Cipla, Patalganga, India",False,668.5,6476.695,109.64
1892,11799,110-ZM-T01,Pre-PQ Process,SO-976,DN-384,Zambia,PMO - US,From RDC,N/A - From RDC,Truck,2006-10-29,2007-04-29,2007-10-29,2007-10-29,2007-10-29,ARV,Adult,SCMS from RDC,"Lamivudine/Zidovudine 150/300mg, tablets, 60 Tabs",Lamivudine/Zidovudine,Generic,150/300mg,Tablet - FDC,60,60060,372372.0,6.2,0.1,"Aurobindo Unit III, India",False,668.5,6476.695,595.8
1893,11801,109-TZ-T01,Pre-PQ Process,SO-750,DN-390,Tanzania,PMO - US,From RDC,N/A - From RDC,Air,2006-12-04,2007-06-04,2007-12-04,2007-12-04,2007-12-04,HRDT,HIV test,SCMS from RDC,"HIV 1/2, Bioline 3.0 Kit, Lancets, Capillary pipets, Alcohol swabs included, 25 Tests","HIV 1/2, Bioline 3.0 Kit, Lancets, Capillary pipets, Alcohol swabs included",Bioline,no_dosage,Test kit,25,9200,184000.0,20.0,0.8,"Standard Diagnostics, Korea",True,3327.0,13606.4,294.4
1894,11802,104-CI-T01,Pre-PQ Process,SO-1105,DN-393,Côte d'Ivoire,PMO - US,From RDC,N/A - From RDC,Air,2006-11-22,2007-05-22,2007-11-22,2007-11-22,2007-11-22,ARV,Pediatric,SCMS from RDC,"Zidovudine 10mg/ml, oral solution, Bottle, 240 ml",Zidovudine,Generic,10mg/ml,Oral solution,240,6777,14570.55,2.15,0.01,"Aurobindo Unit III, India",True,2510.0,23907.05,23.31
1895,11803,104-CI-T01,Pre-PQ Process,SO-1146,DN-402,Côte d'Ivoire,PMO - US,From RDC,N/A - From RDC,Air,2006-12-14,2007-06-14,2007-12-14,2007-12-14,2007-12-14,ARV,Adult,SCMS from RDC,"Tenofovir Disoproxil Fumarate 300mg [Viread], tablets, 30 Tabs",Tenofovir Disoproxil Fumarate,Viread,300mg,Tablet,30,2989,50813.0,17.0,0.57,Gilead(Nycomed) Oranienburg DE,True,186.0,2056.98,81.3
1896,11804,110-ZM-T01,Pre-PQ Process,SO-1030,DN-419,Zambia,PMO - US,From RDC,N/A - From RDC,Air,2006-11-13,2007-05-13,2007-11-13,2007-11-13,2007-11-13,ARV,Adult,SCMS from RDC,"Lopinavir/Ritonavir 200/50mg [Aluvia], tablets, 120 Tabs",Lopinavir/Ritonavir,Aluvia,200/50mg,Tablet,120,12240,503064.0,41.1,0.34,ABBVIE (Abbott) Logis. UK,True,2678.0,9008.48,804.9
1897,11805,111-MZ-T01,Pre-PQ Process,SO-1038,DN-426,Mozambique,PMO - US,From RDC,N/A - From RDC,Air,2006-11-29,2007-05-29,2007-11-29,2007-11-29,2007-11-29,ARV,Adult,SCMS from RDC,"Indinavir 400mg [Crixivan], capsules, 180 Caps",Indinavir,Crixivan,400mg,Capsule,180,840,42000.0,50.0,0.28,"MSD, Haarlem, NL",False,57.0,3247.5699999999997,67.2
1898,11806,111-MZ-T01,Pre-PQ Process,SO-1038,DN-426,Mozambique,PMO - US,From RDC,N/A - From RDC,Air,2006-11-29,2007-05-29,2007-11-29,2007-11-29,2007-11-29,ARV,Adult,SCMS from RDC,"Lamivudine/Nevirapine/Stavudine 150/200/30mg, tablets, 60 Tabs",Lamivudine/Nevirapine/Stavudine,Generic,150/200/30mg,Tablet - FDC,60,30000,222000.0,7.4,0.12,"Cipla, Goa, India",False,3136.0,3247.5699999999997,355.2
1899,11807,110-ZM-T01,Pre-PQ Process,SO-995,DN-414,Zambia,PMO - US,From RDC,N/A - From RDC,Air,2006-11-12,2007-05-12,2007-11-12,2007-11-12,2007-11-12,ARV,Pediatric,SCMS from RDC,"Lamivudine 10mg/ml, oral solution, Bottle, 240 ml",Lamivudine,Generic,10mg/ml,Oral solution,240,13124,25854.28,1.97,0.01,"Aurobindo Unit III, India",True,5309.0,17358.74,41.37
1900,11808,112-NG-T01,Pre-PQ Process,SO-1109,DN-422,Nigeria,PMO - US,From RDC,N/A - From RDC,Air,2006-11-09,2007-05-09,2007-11-09,2007-11-09,2007-11-09,ARV,Pediatric,SCMS from RDC,"Nevirapine 10mg/ml, oral suspension, Bottle, 240 ml",Nevirapine,Generic,10mg/ml,Oral suspension,240,35,217.0,6.2,0.03,"Aurobindo Unit III, India",False,668.5,10144.765,0.35
1901,11810,100-ZW-T01,Pre-PQ Process,SO-1150,DN-425,Zimbabwe,PMO - US,From RDC,N/A - From RDC,Air,2006-11-16,2007-05-16,2007-11-16,2007-11-16,2007-11-16,ARV,Adult,SCMS from RDC,"Lamivudine/Nevirapine/Stavudine 150/200/30mg, tablets, 60 Tabs",Lamivudine/Nevirapine/Stavudine,Generic,150/200/30mg,Tablet - FDC,60,22240,164576.0,7.4,0.12,"Cipla, Goa, India",True,2262.0,7364.52,263.32
1902,11811,104-CI-T01,Pre-PQ Process,SO-1101,DN-434,Côte d'Ivoire,PMO - US,From RDC,N/A - From RDC,Air,2006-11-22,2007-05-22,2007-11-22,2007-11-22,2007-11-22,ARV,Adult,SCMS from RDC,"Zidovudine 300mg, tablets, 60 Tabs",Zidovudine,Generic,300mg,Tablet,60,14490,118093.5,8.15,0.14,"Aurobindo Unit III, India",False,668.5,4063.81,188.95
1903,11812,104-CI-T01,Pre-PQ Process,SO-1101,DN-434,Côte d'Ivoire,PMO - US,From RDC,N/A - From RDC,Air,2006-11-22,2007-05-22,2007-11-22,2007-11-22,2007-11-22,ARV,Pediatric,SCMS from RDC,"Lamivudine 10mg/ml, oral solution, Bottle, 240 ml",Lamivudine,Generic,10mg/ml,Oral solution,240,6000,11820.0,1.97,0.01,"Aurobindo Unit III, India",False,581.0,4063.81,18.91
1904,11813,104-CI-T01,Pre-PQ Process,SO-1101,DN-434,Côte d'Ivoire,PMO - US,From RDC,N/A - From RDC,Air,2006-11-22,2007-05-22,2007-11-22,2007-11-22,2007-11-22,ARV,Adult,SCMS from RDC,"Lamivudine 150mg, tablets, 60 Tabs",Lamivudine,Generic,150mg,Tablet,60,20797,63222.88,3.04,0.05,"Aurobindo Unit III, India",False,668.5,4063.81,101.16
1905,11814,106-HT-T01,Pre-PQ Process,SO-1286,DN-458,Haiti,PMO - US,From RDC,N/A - From RDC,Air,2006-12-05,2007-06-05,2007-12-05,2007-12-05,2007-12-05,ARV,Adult,SCMS from RDC,"Lopinavir/Ritonavir 200/50mg [Aluvia], tablets, 120 Tabs",Lopinavir/Ritonavir,Aluvia,200/50mg,Tablet,120,100,4110.0,41.1,0.34,ABBVIE Ludwigshafen Germany,True,285.0,2523.6,6.58
1906,11815,104-CI-T01,Pre-PQ Process,SO-1277,DN-439,Côte d'Ivoire,PMO - US,From RDC,N/A - From RDC,Air,2006-11-16,2007-05-16,2007-11-16,2007-11-16,2007-11-16,HRDT,HIV test,SCMS from RDC,"HIV 2, New LAV Blot 2 HIV Kit, 18 Tests","HIV 2, New LAV Blot 2 HIV Kit",LAV,no_dosage,Test kit,18,12,3698.04,308.17,17.12,Bio-Rad Laboratories,True,39.0,1278.0,5.92
1907,11817,104-CI-T01,Pre-PQ Process,SO-1482,DN-545,Côte d'Ivoire,PMO - US,From RDC,N/A - From RDC,Air,2007-01-25,2007-07-25,2008-01-25,2008-01-25,2008-01-25,HRDT,HIV test,SCMS from RDC,"HIV 1/2, Determine HIV Kit, without Lancets, 100 Tests","HIV 1/2, Determine HIV Kit, without Lancets",Determine,no_dosage,Test kit,100,1250,89987.5,71.99,0.72,Inverness Japan,True,296.0,2372.8,143.98
1908,11818,110-ZM-T01,Pre-PQ Process,SO-755,DN-482,Zambia,PMO - US,From RDC,N/A - From RDC,Truck,2007-02-22,2007-08-22,2008-02-22,2008-02-22,2008-02-22,ARV,Adult,SCMS from RDC,"Lamivudine/Zidovudine 150/300mg, tablets, 60 Tabs",Lamivudine/Zidovudine,Generic,150/300mg,Tablet - FDC,60,92144,875368.0,9.5,0.16,"Aurobindo Unit III, India",False,668.5,6476.695,1400.59
1909,11821,107-RW-T01,Pre-PQ Process,SO-1448,DN-500,Rwanda,PMO - US,From RDC,N/A - From RDC,Air,2006-12-05,2007-06-05,2007-12-05,2007-12-05,2007-12-05,HRDT,HIV test - Ancillary,SCMS from RDC,"HIV, Lancet, Safety, for HIV Test kits, 100 Pcs","HIV, Lancet, Safety, for HIV Test kits, 100 Pcs",Generic,no_dosage,Test kit - Ancillary,100,405,4.05,0.01,0.0,Inverness Japan,False,130.0,5865.805,0.01
1910,11824,117-ET-T01,Pre-PQ Process,SO-1009,DN-495,Ethiopia,PMO - US,From RDC,N/A - From RDC,Air,2006-12-20,2007-06-20,2007-12-20,2007-12-20,2007-12-20,ARV,Pediatric,SCMS from RDC,"Nevirapine 10mg/ml, oral suspension, Bottle, 240 ml",Nevirapine,Generic,10mg/ml,Oral suspension,240,11168,69241.6,6.2,0.03,"Aurobindo Unit III, India",True,4583.0,14554.5,110.79
1911,11825,110-ZM-T01,Pre-PQ Process,SO-1328,DN-464,Zambia,PMO - US,From RDC,N/A - From RDC,Truck,2007-01-02,2007-07-02,2008-01-02,2008-01-02,2008-01-02,ARV,Pediatric,SCMS from RDC,"Efavirenz 200mg, capsule, 90 Caps",Efavirenz,Generic,200mg,Capsule,90,672,10752.0,16.0,0.18,"Aurobindo Unit III, India",True,128.0,845.0,17.2
1912,11826,112-NG-T01,Pre-PQ Process,SO-1494,DN-505,Nigeria,PMO - US,From RDC,N/A - From RDC,Air,2006-12-17,2007-06-17,2007-12-17,2007-12-17,2007-12-17,ARV,Pediatric,SCMS from RDC,"Efavirenz 200mg, capsule, 90 Caps",Efavirenz,Generic,200mg,Capsule,90,400,6400.0,16.0,0.18,"Aurobindo Unit III, India",True,48.0,1260.1,10.24
1913,11827,112-NG-T01,Pre-PQ Process,SO-1570,DN-535,Nigeria,PMO - US,From RDC,N/A - From RDC,Air,2007-01-09,2007-07-09,2008-01-09,2008-01-09,2008-01-09,ARV,Adult,SCMS from RDC,"Nevirapine 200mg, tablets, 60 Tabs",Nevirapine,Generic,200mg,Tablet,60,125,425.0,3.4,0.06,"Aurobindo Unit III, India",False,668.5,10144.765,0.68
1914,11829,106-HT-T01,Pre-PQ Process,SO-1484,DN-502,Haiti,PMO - US,From RDC,N/A - From RDC,Air,2006-12-10,2007-06-10,2007-12-10,2007-12-10,2007-12-10,ARV,Adult,SCMS from RDC,"Efavirenz 600mg, tablets, 30 Tabs",Efavirenz,Generic,600mg,Tablet,30,35000,434700.0,12.42,0.41,"Strides, Bangalore, India.",True,2153.0,24448.0,695.52
1915,11830,117-ET-T01,Pre-PQ Process,SO-1531,DN-526,Ethiopia,PMO - US,From RDC,N/A - From RDC,Air,2006-12-20,2007-06-20,2007-12-20,2007-12-20,2007-12-20,ARV,Pediatric,SCMS from RDC,"Zidovudine 10mg/ml, oral solution, Bottle, 240 ml",Zidovudine,Generic,10mg/ml,Oral solution,240,3286,7064.9,2.15,0.01,"Aurobindo Unit III, India",True,1215.0,8586.0,11.3
1916,11832,100-ZW-T01,Pre-PQ Process,SO-710,DN-488,Zimbabwe,PMO - US,From RDC,N/A - From RDC,Air,2007-01-14,2007-07-14,2008-01-14,2008-01-14,2008-01-14,ARV,Adult,SCMS from RDC,"Lamivudine/Nevirapine/Stavudine 150/200/30mg, tablets, 60 Tabs",Lamivudine/Nevirapine/Stavudine,Generic,150/200/30mg,Tablet - FDC,60,34732,257016.8,7.4,0.12,"Cipla, Goa, India",False,668.5,12894.85,411.23
1917,11833,114-UG-T01,Pre-PQ Process,SO-1302,DN-489,Uganda,PMO - US,From RDC,N/A - From RDC,Air,2007-01-15,2007-07-15,2008-01-15,2008-01-15,2008-01-15,ARV,Adult,SCMS from RDC,"Lopinavir/Ritonavir 200/50mg [Aluvia], tablets, 120 Tabs",Lopinavir/Ritonavir,Aluvia,200/50mg,Tablet,120,180,7398.0,41.1,0.34,ABBVIE Ludwigshafen Germany,False,80.5,2485.92,11.84
1918,11834,107-RW-T01,Pre-PQ Process,SO-1516,DN-511,Rwanda,PMO - US,From RDC,N/A - From RDC,Air,2007-01-31,2007-07-31,2008-01-31,2008-01-31,2008-01-31,ARV,Adult,SCMS from RDC,"Efavirenz 600mg, tablets, 30 Tabs",Efavirenz,Generic,600mg,Tablet,30,37258,462744.36,12.42,0.41,"Aurobindo Unit III, India",True,3195.0,36417.89,740.39
1919,11837,112-NG-T01,Pre-PQ Process,SO-1570,DN-535,Nigeria,PMO - US,From RDC,N/A - From RDC,Air,2007-01-09,2007-07-09,2008-01-09,2008-01-09,2008-01-09,ARV,Adult,SCMS from RDC,"Efavirenz 600mg, tablets, 30 Tabs",Efavirenz,Generic,600mg,Tablet,30,818,10159.56,12.42,0.41,"Aurobindo Unit III, India",False,668.5,10144.765,16.26
1920,11839,104-CI-T01,Pre-PQ Process,SO-1104,DN-569,Côte d'Ivoire,PMO - US,From RDC,N/A - From RDC,Air,2007-01-29,2007-07-29,2008-01-29,2008-01-29,2008-01-29,ARV,Adult,SCMS from RDC,"Lamivudine/Nevirapine/Stavudine 150/200/30mg, tablets, 60 Tabs",Lamivudine/Nevirapine/Stavudine,Generic,150/200/30mg,Tablet - FDC,60,22500,166500.0,7.4,0.12,"Cipla, Goa, India",False,2145.0,4063.81,266.4
1921,11840,107-RW-T01,Pre-PQ Process,SO-1223,DN-572,Rwanda,PMO - US,From RDC,N/A - From RDC,Air,2007-01-28,2007-07-28,2008-01-28,2008-01-28,2008-01-28,HRDT,HIV test,SCMS from RDC,"HIV 1/2, Determine HIV Kit, without Lancets, 100 Tests","HIV 1/2, Determine HIV Kit, without Lancets",Determine,no_dosage,Test kit,100,1250,89987.5,71.99,0.72,Inverness Japan,True,362.0,8143.19,143.98
1922,11841,110-ZM-T01,Pre-PQ Process,SO-1675,DN-579,Zambia,PMO - US,From RDC,N/A - From RDC,Truck,2007-01-21,2007-07-21,2008-01-21,2007-11-26,2007-11-26,ARV,Adult,SCMS from RDC,"Efavirenz 600mg, tablets, 30 Tabs",Efavirenz,Generic,600mg,Tablet,30,44135,548156.7,12.42,0.41,"Aurobindo Unit III, India",True,4082.0,17600.24,877.05
1923,11842,104-CI-T01,Pre-PQ Process,SO-1544,DN-547,Côte d'Ivoire,PMO - US,From RDC,N/A - From RDC,Air,2007-01-15,2007-07-15,2008-01-15,2008-01-15,2008-01-15,ARV,Pediatric,SCMS from RDC,"Nevirapine 10mg/ml, oral suspension, Bottle, 240 ml",Nevirapine,Generic,10mg/ml,Oral suspension,240,965,1852.8,1.92,0.01,"Aurobindo Unit III, India",True,344.0,1729.0,2.96
1924,11843,104-CI-T01,Pre-PQ Process,SO-1144,DN-549,Côte d'Ivoire,PMO - US,From RDC,N/A - From RDC,Air,2006-12-28,2007-06-28,2007-12-28,2008-01-15,2008-01-15,ARV,Pediatric,SCMS from RDC,"Nevirapine 10mg/ml, oral suspension, Bottle, 240 ml",Nevirapine,Generic,10mg/ml,Oral suspension,240,5581,10715.52,1.92,0.01,"Aurobindo Unit III, India",True,1988.0,6146.0,17.14
1925,11845,117-ET-T01,Pre-PQ Process,SO-1536,DN-576,Ethiopia,PMO - US,From RDC,N/A - From RDC,Air,2007-02-01,2007-08-01,2008-02-01,2008-02-01,2008-02-01,ARV,Adult,SCMS from RDC,"Lamivudine 150mg, tablets, 60 Tabs",Lamivudine,Generic,150mg,Tablet,60,48671,147959.84,3.04,0.05,"Ranbaxy, Paonta Shahib, India",True,2533.0,9187.8,236.74
1926,11846,114-UG-T01,Pre-PQ Process,SO-1304,DN-550,Uganda,PMO - US,From RDC,N/A - From RDC,Air,2007-03-11,2007-09-11,2008-03-11,2008-03-11,2008-03-11,ARV,Adult,SCMS from RDC,"Efavirenz 600mg, tablets, 30 Tabs",Efavirenz,Generic,600mg,Tablet,30,3364,41780.88,12.42,0.41,"Aurobindo Unit III, India",True,369.0,1902.9,66.85
1927,11847,114-UG-T01,Pre-PQ Process,SO-1304,DN-550,Uganda,PMO - US,From RDC,N/A - From RDC,Air,2007-03-11,2007-09-11,2008-03-11,2008-03-11,2008-03-11,ARV,Adult,SCMS from RDC,"Emtricitabine/Tenofovir Disoproxil Fumarate 200/300mg [Truvada], tablets, 30 Tabs",Emtricitabine/Tenofovir Disoproxil Fumarate,Truvada,300/200mg,Tablet - FDC,30,656,17220.0,26.25,0.88,Gilead(Nycomed) Oranienburg DE,False,58.0,2485.92,27.55
1928,11850,117-ET-T01,Pre-PQ Process,SO-1528,DN-542,Ethiopia,PMO - US,From RDC,N/A - From RDC,Air,2007-01-29,2007-07-29,2008-01-29,2008-01-29,2008-01-29,ARV,Adult,SCMS from RDC,"Nevirapine 200mg, tablets, 60 Tabs",Nevirapine,Generic,200mg,Tablet,60,55560,188904.0,3.4,0.06,"Aurobindo Unit III, India",True,5181.0,17975.21,302.25
1929,11851,109-TZ-T01,Pre-PQ Process,SO-1648,DN-559,Tanzania,PMO - US,From RDC,N/A - From RDC,Air,2007-02-25,2007-08-25,2008-02-25,2008-02-25,2008-02-25,ARV,Adult,SCMS from RDC,"Lopinavir/Ritonavir 200/50mg [Aluvia], tablets, 120 Tabs",Lopinavir/Ritonavir,Aluvia,200/50mg,Tablet,120,2580,106038.0,41.1,0.34,ABBVIE (Abbott) Logis. UK,False,587.0,8925.0,169.66
1930,11852,104-CI-T01,Pre-PQ Process,SO-1679,DN-581,Côte d'Ivoire,PMO - US,From RDC,N/A - From RDC,Air,2007-02-05,2007-08-05,2008-02-05,2008-02-05,2008-02-05,ARV,Pediatric,SCMS from RDC,"Nevirapine 10mg/ml, oral suspension, Bottle, 240 ml",Nevirapine,Generic,10mg/ml,Oral suspension,240,2712,5207.04,1.92,0.01,"Aurobindo Unit III, India",False,668.5,4063.81,8.33
1931,11854,110-ZM-T01,Pre-PQ Process,SO-1723,DN-592,Zambia,PMO - US,From RDC,N/A - From RDC,Truck,2006-12-28,2007-06-28,2007-12-28,2007-12-28,2007-12-28,ARV,Pediatric,SCMS from RDC,"Lopinavir/Ritonavir 80/20mg/ml [Kaletra], oral solution, cool, Bottle 5 x 60 ml",Lopinavir/Ritonavir,Kaletra,80/20mg/ml,Oral solution,300,746,30660.6,41.1,0.14,ABBVIE (Abbott) Logis. UK,True,88.0,6476.695,49.06
1932,11855,100-ZW-T01,Pre-PQ Process,SO-711,DN-604,Zimbabwe,PMO - US,From RDC,N/A - From RDC,Air,2007-03-05,2007-09-05,2008-03-05,2008-03-05,2008-03-05,ARV,Adult,SCMS from RDC,"Lamivudine/Stavudine 150/30mg, tablets, 30 Tabs",Lamivudine/Stavudine,Generic,150/30mg,Tablet - FDC,30,1600,3200.0,2.0,0.07,"Cipla, Goa, India",False,289.5,12894.85,5.12
1933,11856,100-ZW-T01,Pre-PQ Process,SO-711,DN-604,Zimbabwe,PMO - US,From RDC,N/A - From RDC,Air,2007-03-05,2007-09-05,2008-03-05,2008-03-05,2008-03-05,ARV,Adult,SCMS from RDC,"Lamivudine/Nevirapine/Stavudine 150/200/30mg, tablets, 60 Tabs",Lamivudine/Nevirapine/Stavudine,Generic,150/200/30mg,Tablet - FDC,60,37240,275576.0,7.4,0.12,"Cipla, Goa, India",False,5943.0,12894.85,440.92
1934,11857,106-HT-T01,Pre-PQ Process,SO-2046,DN-685,Haiti,PMO - US,From RDC,N/A - From RDC,Air,2007-03-30,2007-09-30,2008-03-31,2008-03-31,2008-03-31,ARV,Pediatric,SCMS from RDC,"Zidovudine 10mg/ml, oral solution, Bottle, 240 ml",Zidovudine,Generic,10mg/ml,Oral solution,240,3264,7017.6,2.15,0.01,"Aurobindo Unit III, India",False,668.5,2946.7200000000003,11.23
1935,11858,112-NG-T01,Pre-PQ Process,SO-2351,DN-717,Nigeria,PMO - US,From RDC,N/A - From RDC,Air,2007-04-18,2007-10-18,2008-04-18,2008-04-18,2008-04-18,ARV,Adult,SCMS from RDC,"Tenofovir Disoproxil Fumarate 300mg [Viread], tablets, 30 Tabs",Tenofovir Disoproxil Fumarate,Viread,300mg,Tablet,30,109,1853.0,17.0,0.57,Gilead(Nycomed) Oranienburg DE,True,422.0,2812.3,2.96
1936,11859,110-ZM-T01,Pre-PQ Process,SO-2549,DN-823,Zambia,PMO - US,From RDC,N/A - From RDC,Truck,2007-07-23,2008-01-23,2008-07-23,2008-07-23,2008-07-23,ARV,Adult,SCMS from RDC,"Lamivudine/Nevirapine/Stavudine 150/200/30mg, tablets, 60 Tabs",Lamivudine/Nevirapine/Stavudine,Generic,150/200/30mg,Tablet - FDC,60,50000,360000.0,7.2,0.12,"Strides, Bangalore, India.",False,4502.0,6476.695,576.0
1937,11860,106-HT-T01,Pre-PQ Process,SO-2596,DN-762,Haiti,PMO - US,From RDC,N/A - From RDC,Air,2007-06-18,2007-12-18,2008-06-18,2008-06-18,2008-06-18,ARV,Adult,SCMS from RDC,"Lopinavir/Ritonavir 200/50mg [Aluvia], tablets, 120 Tabs",Lopinavir/Ritonavir,Aluvia,200/50mg,Tablet,120,240,9864.0,41.1,0.34,ABBVIE Ludwigshafen Germany,True,52.0,1422.32,15.78
1938,11861,131-NG-T01,Pre-PQ Process,SO-2575,DN-737,Nigeria,PMO - US,From RDC,N/A - From RDC,Air,2007-05-14,2007-11-14,2008-05-14,2008-05-14,2008-05-14,ARV,Adult,SCMS from RDC,"Zidovudine 300mg, tablets, 60 Tabs",Zidovudine,Generic,300mg,Tablet,60,3075,24600.0,8.0,0.13,"Aurobindo Unit III, India",False,668.5,10144.765,39.36
1939,11862,131-NG-T01,Pre-PQ Process,SO-2578,DN-739,Nigeria,PMO - US,From RDC,N/A - From RDC,Air,2007-05-14,2007-11-14,2008-05-14,2008-05-14,2008-05-14,ARV,Adult,SCMS from RDC,"Emtricitabine/Tenofovir Disoproxil Fumarate 200/300mg [Truvada], tablets, 30 Tabs",Emtricitabine/Tenofovir Disoproxil Fumarate,Truvada,300/200mg,Tablet - FDC,30,3359,88173.75,26.25,0.88,"Aspen-OSD, Port Elizabeth, SA",True,300.0,2204.0,141.08
1940,11863,131-NG-T01,Pre-PQ Process,SO-2579,DN-740,Nigeria,PMO - US,From RDC,N/A - From RDC,Air,2007-05-20,2007-11-20,2008-05-20,2008-05-20,2008-05-20,ARV,Adult,SCMS from RDC,"Emtricitabine/Tenofovir Disoproxil Fumarate 200/300mg [Truvada], tablets, 30 Tabs",Emtricitabine/Tenofovir Disoproxil Fumarate,Truvada,300/200mg,Tablet - FDC,30,641,16826.25,26.25,0.88,"Aspen-OSD, Port Elizabeth, SA",True,58.0,1110.5,26.92
1941,11864,110-ZM-T01,Pre-PQ Process,SO-2475,DN-749,Zambia,PMO - US,From RDC,N/A - From RDC,Air,2007-05-29,2007-11-29,2008-05-29,2008-05-29,2008-05-29,ARV,Adult,SCMS from RDC,"Nevirapine 200mg, tablets, 60 Tabs",Nevirapine,Generic,200mg,Tablet,60,50000,170000.0,3.4,0.06,"Aurobindo Unit III, India",True,4733.0,6002.19,272.0
1942,11865,131-NG-T01,Pre-PQ Process,SO-2664,DN-750,Nigeria,PMO - US,From RDC,N/A - From RDC,Air,2007-05-27,2007-11-27,2008-05-27,2008-05-27,2008-05-27,ARV,Adult,SCMS from RDC,"Lamivudine/Nevirapine/Zidovudine 150/200/300mg, tablets, 60 Tabs",Lamivudine/Nevirapine/Zidovudine,Generic,150/300/200mg,Tablet - FDC,60,16610,220580.8,13.28,0.22,"Aurobindo Unit III, India",True,1832.0,11815.12,352.93
1943,11866,100-ZW-T01,Pre-PQ Process,SO-2667,DN-756,Zimbabwe,PMO - US,From RDC,N/A - From RDC,Air,2007-06-11,2007-12-11,2008-06-11,2008-06-11,2008-06-11,ARV,Adult,SCMS from RDC,"Lamivudine/Nevirapine/Stavudine 150/200/30mg, tablets, 60 Tabs",Lamivudine/Nevirapine/Stavudine,Generic,150/200/30mg,Tablet - FDC,60,37240,275576.0,7.4,0.12,"Cipla, Goa, India",True,7806.0,45047.32,440.92
1944,11867,104-CI-T01,Pre-PQ Process,SO-2045,DN-761,Côte d'Ivoire,PMO - US,From RDC,N/A - From RDC,Air,2007-06-02,2007-12-02,2008-06-02,2008-06-02,2008-06-02,ARV,Pediatric,SCMS from RDC,"Lamivudine 10mg/ml, oral solution, Bottle, 240 ml",Lamivudine,Generic,10mg/ml,Oral solution,240,7700,15169.0,1.97,0.01,"Aurobindo Unit III, India",False,668.5,4063.81,24.27
1945,11868,110-ZM-T01,Pre-PQ Process,SO-2488,DN-767,Zambia,PMO - US,From RDC,N/A - From RDC,Truck,2007-06-17,2007-12-17,2008-06-17,2008-06-17,2008-06-17,ARV,Adult,SCMS from RDC,"Nevirapine 200mg, tablets, 60 Tabs",Nevirapine,Generic,200mg,Tablet,60,55560,188904.0,3.4,0.06,Hetero Unit III Hyderabad IN,True,3224.0,4217.45,302.25
1946,11869,111-MZ-T01,Pre-PQ Process,SO-1824,DN-624,Mozambique,PMO - US,From RDC,N/A - From RDC,Air,2007-03-30,2007-09-30,2008-03-31,2008-03-31,2008-03-31,ARV,Adult,SCMS from RDC,"Ritonavir 100mg [Norvir], capsules, cool, 84 Caps",Ritonavir,Norvir,100mg,Capsule,84,630,6041.7,9.59,0.11,ABBVIE (Abbott) Logis. UK,True,185.0,1214.2,9.67
1947,11870,102-GY-T01,Pre-PQ Process,SO-1004,DN-617,Guyana,PMO - US,From RDC,N/A - From RDC,Air,2007-02-21,2007-08-21,2008-02-21,2008-02-21,2008-02-21,HRDT,HIV test,SCMS from RDC,"HIV 1/2, Determine HIV Kit, without Lancets, 100 Tests","HIV 1/2, Determine HIV Kit, without Lancets",Determine,no_dosage,Test kit,100,152,10942.48,71.99,0.72,Inverness Japan,False,45.0,1924.4650000000001,17.51
1948,11873,104-CI-T01,Pre-PQ Process,SO-1680,DN-673,Côte d'Ivoire,PMO - US,From RDC,N/A - From RDC,Air,2007-03-27,2007-09-27,2008-03-27,2008-03-27,2008-03-27,ARV,Pediatric,SCMS from RDC,"Nevirapine 10mg/ml, oral suspension, Bottle, 240 ml",Nevirapine,Generic,10mg/ml,Oral suspension,240,3008,5775.36,1.92,0.01,"Aurobindo Unit III, India",False,668.5,4063.81,9.24
1949,11874,104-CI-T01,Pre-PQ Process,SO-794,DN-674,Côte d'Ivoire,PMO - US,From RDC,N/A - From RDC,Air,2007-03-27,2007-09-27,2008-03-27,2008-03-27,2008-03-27,HRDT,HIV test,SCMS from RDC,"#108853** HIV, Genie II HIV-1/HIV-2 Kit, 40 Tests","HIV, Genie II HIV-1/HIV-2 Kit",Genie,no_dosage,Test kit,40,415,31540.0,76.0,1.9,Bio-Rad Laboratories,True,453.0,1606.93,50.46
1950,11875,112-NG-T01,Pre-PQ Process,SO-2726,DN-800,Nigeria,PMO - US,From RDC,N/A - From RDC,Air,2007-06-19,2007-12-19,2008-06-19,2008-06-19,2008-06-19,ARV,Adult,SCMS from RDC,"Lamivudine/Nevirapine/Stavudine 150/200/30mg, tablets, 60 Tabs",Lamivudine/Nevirapine/Stavudine,Generic,150/200/30mg,Tablet - FDC,60,9180,67932.0,7.4,0.12,"Cipla, Goa, India",False,668.5,10144.765,108.69
1951,11876,106-HT-T01,Pre-PQ Process,SO-2053,DN-744,Haiti,PMO - US,From RDC,N/A - From RDC,Air,2007-06-02,2007-12-02,2008-06-02,2008-06-02,2008-06-02,ARV,Adult,SCMS from RDC,"Stavudine 15mg, capsules, 60 Caps",Stavudine,Generic,15mg,Capsule,60,127,190.5,1.5,0.02,"Aurobindo Unit III, India",False,35.5,2946.7200000000003,0.3
1952,11877,132-NG-T01,Pre-PQ Process,SO-2708,DN-806,Nigeria,PMO - US,From RDC,N/A - From RDC,Air,2007-06-27,2007-12-27,2008-06-27,2008-06-27,2008-06-27,ARV,Adult,SCMS from RDC,"Efavirenz 600mg, tablets, 30 Tabs",Efavirenz,Generic,600mg,Tablet,30,25000,300250.0,12.01,0.4,"Aurobindo Unit III, India",True,2173.0,9906.63,480.4
1953,11878,110-ZM-T01,Pre-PQ Process,SO-1806,DN-625,Zambia,PMO - US,From RDC,N/A - From RDC,Truck,2007-03-28,2007-09-28,2008-03-28,2008-03-28,2008-03-28,ARV,Adult,SCMS from RDC,"Lamivudine/Zidovudine 150/300mg, tablets, 60 Tabs",Lamivudine/Zidovudine,Generic,150/300mg,Tablet - FDC,60,50000,472500.0,9.45,0.16,"Aurobindo Unit III, India",False,4502.0,6476.695,756.0
1954,11879,123-NG-T01,Pre-PQ Process,SO-2552,DN-834,Nigeria,PMO - US,From RDC,N/A - From RDC,Air,2007-07-16,2008-01-16,2008-07-16,2008-07-16,2008-07-16,ARV,Adult,SCMS from RDC,"Zidovudine 300mg, tablets, 60 Tabs",Zidovudine,Generic,300mg,Tablet,60,5641,45974.15,8.15,0.14,"Aurobindo Unit III, India",False,668.5,10144.765,73.56
1955,11880,106-HT-T01,Pre-PQ Process,SO-2059,DN-733,Haiti,PMO - US,From RDC,N/A - From RDC,Air,2007-05-26,2007-11-26,2008-05-26,2008-05-26,2008-05-26,ARV,Adult,SCMS from RDC,"Lamivudine/Zidovudine 150/300mg, tablets, 60 Tabs",Lamivudine/Zidovudine,Generic,150/300mg,Tablet - FDC,60,28896,273067.2,9.45,0.16,"Aurobindo Unit III, India",False,668.5,2946.7200000000003,436.91
1956,11881,104-CI-T01,Pre-PQ Process,SO-2044,DN-734,Côte d'Ivoire,PMO - US,From RDC,N/A - From RDC,Air,2007-06-02,2007-12-02,2008-06-02,2008-06-02,2008-06-02,ARV,Pediatric,SCMS from RDC,"Stavudine 1mg/ml, powder for oral solution, 200 ml",Stavudine,Generic,1mg/ml,Oral solution,200,3229,4520.6,1.4,0.01,"Aurobindo Unit III, India",False,668.5,4063.81,7.23
1957,11882,100-ZW-T01,Pre-PQ Process,SO-716,DN-770,Zimbabwe,PMO - US,From RDC,N/A - From RDC,Air,2007-06-09,2007-12-09,2008-06-09,2008-06-09,2008-06-09,ARV,Adult,SCMS from RDC,"Efavirenz 600mg, tablets, 30 Tabs",Efavirenz,Generic,600mg,Tablet,30,1860,23101.2,12.42,0.41,"Aurobindo Unit III, India",False,3951.0,12894.85,36.96
1958,11883,109-TZ-T01,Pre-PQ Process,SO-1943,DN-664,Tanzania,PMO - US,From RDC,N/A - From RDC,Air,2007-04-23,2007-10-23,2008-04-23,2008-04-23,2008-04-23,ARV,Pediatric,SCMS from RDC,"Didanosine 100mg, chewable/dispersible tablets, 60 Tabs",Didanosine,Generic,100mg,Chewable/dispersible tablet,60,11640,90210.0,7.75,0.13,"Aurobindo Unit III, India",True,2427.0,8381.22,144.34
1959,11884,104-CI-T01,Pre-PQ Process,SO-2043,DN-684,Côte d'Ivoire,PMO - US,From RDC,N/A - From RDC,Air,2007-04-08,2007-10-08,2008-04-08,2008-04-08,2008-04-08,ARV,Pediatric,SCMS from RDC,"Efavirenz 30mg/ml [Stocrin/Sustiva], oral solution, Bottle, 180 ml",Efavirenz,Stocrin/Sustiva,30mg/ml,Oral solution,180,1503,25490.88,16.96,0.09,"MSD, Haarlem, NL",True,608.0,1996.68,40.79
1960,11887,114-UG-T01,Pre-PQ Process,SO-2674,DN-797,Uganda,PMO - US,From RDC,N/A - From RDC,Air,2007-07-11,2008-01-11,2008-07-11,2008-07-11,2008-07-11,ARV,Adult,SCMS from RDC,"Zidovudine 300mg, tablets, 60 Tabs",Zidovudine,Generic,300mg,Tablet,60,46,368.0,8.0,0.13,"Aurobindo Unit III, India",False,3.0,2485.92,0.59
1961,11888,106-HT-T01,Pre-PQ Process,SO-1287,DN-640,Haiti,PMO - US,From RDC,N/A - From RDC,Air,2007-03-04,2007-09-04,2008-03-04,2008-03-04,2008-03-04,ARV,Adult,SCMS from RDC,"Lamivudine 150mg, tablets, 60 Tabs",Lamivudine,Generic,150mg,Tablet,60,2871,8727.84,3.04,0.05,"Aurobindo Unit III, India",True,144.0,2504.44,13.96
1962,11890,104-CI-T01,Pre-PQ Process,SO-1547,DN-705,Côte d'Ivoire,PMO - US,From RDC,N/A - From RDC,Air,2007-04-17,2007-10-17,2008-04-17,2008-04-17,2008-04-17,ARV,Adult,SCMS from RDC,"Saquinavir 200mg [Invirase], capsules, 270 Caps",Saquinavir,Invirase,200mg,Capsule,270,977,76831.28,78.64,0.29,Roche Basel,True,490.0,1765.4,122.93
1963,11891,111-MZ-T01,Pre-PQ Process,SO-1615,DN-698,Mozambique,PMO - US,From RDC,N/A - From RDC,Air,2007-06-23,2007-12-23,2008-06-23,2008-06-23,2008-06-23,ARV,Adult,SCMS from RDC,"Lamivudine/Nevirapine/Zidovudine 150/200/300mg, tablets, 60 Tabs",Lamivudine/Nevirapine/Zidovudine,Generic,150/300/200mg,Tablet - FDC,60,19000,256500.0,13.5,0.22,"Aurobindo Unit III, India",False,1714.5,3247.5699999999997,410.4
1964,11892,109-TZ-T01,Pre-PQ Process,SO-1999,DN-696,Tanzania,PMO - US,From RDC,N/A - From RDC,Air,2007-04-23,2007-10-23,2008-04-23,2008-04-23,2008-04-23,ARV,Adult,SCMS from RDC,"Efavirenz 600mg, tablets, 30 Tabs",Efavirenz,Generic,600mg,Tablet,30,18451,229161.42,12.42,0.41,"Aurobindo Unit III, India",True,1636.0,6195.24,366.66
1965,11893,117-ET-T01,Pre-PQ Process,SO-1518,DN-634,Ethiopia,PMO - US,From RDC,N/A - From RDC,Air,2007-03-21,2007-09-21,2008-03-21,2008-03-21,2008-03-21,ARV,Adult,SCMS from RDC,"Nevirapine 200mg, tablets, 60 Tabs",Nevirapine,Generic,200mg,Tablet,60,100731,342485.4,3.4,0.06,"Ranbaxy, Paonta Shahib, India",False,668.5,4672.77,547.98
1966,11894,113-ZW-T01,Pre-PQ Process,SO-1922,DN-644,Zimbabwe,PMO - US,From RDC,N/A - From RDC,Truck,2007-03-12,2007-09-12,2008-03-12,2008-03-12,2008-03-12,ARV,Adult,SCMS from RDC,"Zidovudine 300mg, tablets, 60 Tabs",Zidovudine,Generic,300mg,Tablet,60,525,4278.75,8.15,0.14,"Aurobindo Unit III, India",True,395.0,1746.3,6.85
1967,11895,130-NG-T01,Pre-PQ Process,SO-2500,DN-729,Nigeria,PMO - US,From RDC,N/A - From RDC,Air,2007-05-09,2007-11-09,2008-05-09,2008-05-09,2008-05-09,ARV,Adult,SCMS from RDC,"Efavirenz 600mg, tablets, 30 Tabs",Efavirenz,Generic,600mg,Tablet,30,1031,12382.31,12.01,0.4,"Aurobindo Unit III, India",True,236.0,1651.16,19.81
1968,11897,119-NA-T01,Pre-PQ Process,SO-1929,DN-650,Namibia,PMO - US,From RDC,N/A - From RDC,Air,2007-04-17,2007-10-17,2008-04-17,2008-04-17,2008-04-17,HRDT,HIV test,SCMS from RDC,"HIV 1/2, Determine HIV Kit, without Lancets, 100 Tests","HIV 1/2, Determine HIV Kit, without Lancets",Determine,no_dosage,Test kit,100,90,6479.1,71.99,0.72,Inverness Japan,True,21.0,1730.41,10.37
1969,11899,106-HT-T01,Pre-PQ Process,SO-2055,DN-690,Haiti,PMO - US,From RDC,N/A - From RDC,Air,2007-04-14,2007-10-14,2008-04-14,2008-04-14,2008-04-14,ARV,Pediatric,SCMS from RDC,"Lamivudine 10mg/ml, oral solution, Bottle, 240 ml",Lamivudine,Generic,10mg/ml,Oral solution,240,2135,4205.95,1.97,0.01,"Aurobindo Unit III, India",False,668.5,2946.7200000000003,6.73
1970,11900,102-KE-T01,Pre-PQ Process,SO-1599,DN-706,Kenya,PMO - US,From RDC,N/A - From RDC,Truck,2007-04-08,2007-10-08,2008-04-08,2008-04-08,2008-04-08,HRDT,HIV test,SCMS from RDC,"HIV 1/2, Bioline 3.0 Kit, Lancets, Capillary pipets, Alcohol swabs included, 25 Tests","HIV 1/2, Bioline 3.0 Kit, Lancets, Capillary pipets, Alcohol swabs included",Bioline,no_dosage,Test kit,25,2688,53760.0,20.0,0.8,"Standard Diagnostics, Korea",True,965.0,838.83,86.02
1971,11902,112-NG-T01,Pre-PQ Process,SO-2731,DN-776,Nigeria,PMO - US,From RDC,N/A - From RDC,Truck,2007-06-03,2007-12-03,2008-06-03,2008-06-03,2008-06-03,ARV,Pediatric,SCMS from RDC,"Lamivudine 10mg/ml, oral solution, Bottle, 240 ml",Lamivudine,Generic,10mg/ml,Oral solution,240,1000,1920.0,1.92,0.01,"Aurobindo Unit III, India",True,346.0,1988.9,3.07
1972,11903,106-HT-T01,Pre-PQ Process,SO-12161,DN-892,Haiti,PMO - US,From RDC,N/A - From RDC,Air,2007-09-09,2008-03-09,2008-09-09,2008-09-09,2008-09-09,ARV,Pediatric,SCMS from RDC,"Zidovudine 10mg/ml, oral solution, Bottle, 240 ml",Zidovudine,Generic,10mg/ml,Oral solution,240,1440,3024.0,2.1,0.01,"Aurobindo Unit III, India",True,538.0,7100.67,4.84
1973,11904,106-HT-T01,Pre-PQ Process,SO-15960,DN-946,Haiti,PMO - US,From RDC,N/A - From RDC,Air,2007-10-20,2008-04-20,2008-10-20,2008-10-20,2008-10-20,ARV,Adult,SCMS from RDC,"Efavirenz 600mg, tablets, 30 Tabs",Efavirenz,Generic,600mg,Tablet,30,27070,297770.0,11.0,0.37,"Aurobindo Unit III, India",False,668.5,2946.7200000000003,476.43
1974,11905,113-ZW-T01,Pre-PQ Process,SO-13991,DN-1015,Zimbabwe,PMO - US,From RDC,N/A - From RDC,Truck,2007-11-19,2008-05-19,2008-11-19,2008-11-19,2008-11-19,ARV,Adult,SCMS from RDC,"Lamivudine/Nevirapine/Stavudine 150/200/30mg, tablets, 60 Tabs",Lamivudine/Nevirapine/Stavudine,Generic,150/200/30mg,Tablet - FDC,60,76000,562400.0,7.4,0.12,"Cipla, Goa, India",False,8774.5,6721.705,1102.3
1975,11906,114-UG-T01,Pre-PQ Process,SO-17770,DN-998,Uganda,PMO - US,From RDC,N/A - From RDC,Truck,2007-12-15,2008-06-15,2008-12-15,2008-12-15,2008-12-15,ARV,Adult,SCMS from RDC,"Efavirenz 600mg, tablets, 30 Tabs",Efavirenz,Generic,600mg,Tablet,30,5147,56617.0,11.0,0.37,"Aurobindo Unit III, India",False,668.5,5458.45,110.97
1976,11907,106-HT-T01,Pre-PQ Process,SO-12150,DN-859,Haiti,PMO - US,From RDC,N/A - From RDC,Air,2007-08-07,2008-02-07,2008-08-07,2008-08-07,2008-08-07,ARV,Pediatric,SCMS from RDC,"Efavirenz 30mg/ml [Stocrin/Sustiva], oral solution, Bottle, 180 ml",Efavirenz,Stocrin/Sustiva,30mg/ml,Oral solution,180,150,2544.0,16.96,0.09,"MSD, Haarlem, NL",True,702.0,8762.02,4.07
1977,11908,106-HT-T01,Pre-PQ Process,SO-12150,DN-859,Haiti,PMO - US,From RDC,N/A - From RDC,Air,2007-08-07,2008-02-07,2008-08-07,2008-08-07,2008-08-07,ARV,Pediatric,SCMS from RDC,"Zidovudine 10mg/ml, oral solution, Bottle, 240 ml",Zidovudine,Generic,10mg/ml,Oral solution,240,1760,3696.0,2.1,0.01,"Aurobindo Unit III, India",False,129.5,2946.7200000000003,5.91
1978,11909,126-NG-T01,Pre-PQ Process,SO-10770,DN-870,Nigeria,PMO - US,From RDC,N/A - From RDC,Air,2007-08-18,2008-02-18,2008-08-18,2008-08-18,2008-08-18,ARV,Adult,SCMS from RDC,"Stavudine 30mg, capsules, 60 Caps",Stavudine,Generic,30mg,Capsule,60,13380,20739.0,1.55,0.03,"Aurobindo Unit III, India",True,925.0,9185.15,33.18
1979,11910,112-NG-T01,Pre-PQ Process,SO-2727,DN-888,Nigeria,PMO - US,From RDC,N/A - From RDC,Air,2007-08-29,2008-02-29,2008-08-31,2008-08-31,2008-08-31,ARV,Adult,SCMS from RDC,"Lamivudine/Zidovudine 150/300mg, tablets, 60 Tabs",Lamivudine/Zidovudine,Generic,150/300mg,Tablet - FDC,60,1001,9359.35,9.35,0.16,Mylan (formerly Matrix) Nashik,True,82.0,1151.48,14.97
1980,11913,117-ET-T01,Pre-PQ Process,SO-22050,DN-1105,Ethiopia,PMO - US,From RDC,N/A - From RDC,Air,2008-03-20,2008-09-20,2009-03-20,2009-03-20,2009-03-20,ARV,Adult,SCMS from RDC,"Lamivudine/Nevirapine/Zidovudine 150/200/300mg, tablets, 60 Tabs",Lamivudine/Nevirapine/Zidovudine,Generic,150/300/200mg,Tablet - FDC,60,10812,127581.6,11.8,0.2,"Aurobindo Unit III, India",False,668.5,4672.77,250.06
1981,11914,510-KE-T01,Pre-PQ Process,SO-12690,DN-875,Kenya,PMO - US,From RDC,N/A - From RDC,Air,2007-08-26,2008-02-26,2008-08-26,2008-08-26,2008-08-26,HRDT,HIV test,SCMS from RDC,"HIV 1/2, Uni-Gold HIV Kit, 20 Tests","HIV 1/2, Uni-Gold HIV Kit",Uni-Gold,no_dosage,Test kit,20,4926,157632.0,32.0,1.6,"Trinity Biotech, Plc",True,2695.0,11898.8,252.21
1982,11916,100-PK-T01,Pre-PQ Process,SO-14930,DN-1004,Pakistan,PMO - US,From RDC,N/A - From RDC,Air,2007-11-17,2008-05-17,2008-11-17,2008-11-17,2008-11-17,HRDT,HIV test,SCMS from RDC,"HIV 1/2, Determine HIV Kit, without Lancets, 100 Tests","HIV 1/2, Determine HIV Kit, without Lancets",Determine,no_dosage,Test kit,100,12,1199.88,99.99,1.0,Inverness Japan,False,42.5,14959.835,2.35
1983,11917,132-NG-T01,Pre-PQ Process,SO-2707,DN-921,Nigeria,PMO - US,From RDC,N/A - From RDC,Air,2007-09-28,2008-03-28,2008-09-28,2008-09-28,2008-09-28,ARV,Adult,SCMS from RDC,"Efavirenz 600mg, tablets, 30 Tabs",Efavirenz,Generic,600mg,Tablet,30,25000,300250.0,12.01,0.4,"Aurobindo Unit III, India",True,6124.0,13353.34,480.4
1984,11918,106-HT-T01,Pre-PQ Process,SO-12162,DN-942,Haiti,PMO - US,From RDC,N/A - From RDC,Air,2007-10-10,2008-04-10,2008-10-10,2008-10-10,2008-10-10,ARV,Pediatric,SCMS from RDC,"Zidovudine 10mg/ml, oral solution, Bottle, 240 ml",Zidovudine,Generic,10mg/ml,Oral solution,240,2613,5487.3,2.1,0.01,"Aurobindo Unit III, India",True,979.0,11836.61,8.78
1985,11919,110-ZM-T01,Pre-PQ Process,SO-16670,DN-993,Zambia,PMO - US,From RDC,N/A - From RDC,Truck,2007-12-01,2008-06-01,2008-12-01,2008-12-01,2008-12-01,ARV,Adult,SCMS from RDC,"Nevirapine 200mg, tablets, 60 Tabs",Nevirapine,Generic,200mg,Tablet,60,20989,71362.6,3.4,0.06,Hetero Unit III Hyderabad IN,True,1162.0,3629.37,139.87
1986,11920,107-RW-T01,Pre-PQ Process,SO-17220,DN-962,Rwanda,PMO - US,From RDC,N/A - From RDC,Truck,2007-11-05,2008-05-05,2008-11-05,2008-11-05,2008-11-05,ARV,Adult,SCMS from RDC,"Nevirapine 200mg, tablets, 60 Tabs",Nevirapine,Generic,200mg,Tablet,60,4703,15049.6,3.2,0.05,"Aurobindo Unit III, India",True,455.0,3754.14,29.5
1987,11921,130-NG-T01,Pre-PQ Process,SO-10580,DN-909,Nigeria,PMO - US,From RDC,N/A - From RDC,Air,2007-09-22,2008-03-22,2008-09-22,2008-09-22,2008-09-22,ARV,Adult,SCMS from RDC,"Lamivudine/Zidovudine 150/300mg, tablets, 60 Tabs",Lamivudine/Zidovudine,Generic,150/300mg,Tablet - FDC,60,2339,21869.65,9.35,0.16,Mylan (formerly Matrix) Nashik,False,668.5,10144.765,34.99
1988,11923,104-CI-T01,Pre-PQ Process,SO-16222,DN-1072,Côte d'Ivoire,PMO - US,From RDC,N/A - From RDC,Air,2008-02-14,2008-08-14,2009-02-14,2009-02-14,2009-02-14,ARV,Adult,SCMS from RDC,"Abacavir 300mg, tablets, 60 Tabs",Abacavir,Generic,300mg,Tablet,60,3000,76740.0,25.58,0.43,Mylan (formerly Matrix) Nashik,True,187.0,5110.42,150.41
1989,11924,107-RW-T01,Pre-PQ Process,SO-23000,DN-1074,Rwanda,PMO - US,From RDC,N/A - From RDC,Air,2008-02-06,2008-08-06,2009-02-06,2009-02-06,2009-02-06,ARV,Adult,SCMS from RDC,"Lamivudine 150mg, tablets, 60 Tabs",Lamivudine,Generic,150mg,Tablet,60,10530,25693.2,2.44,0.04,"Aurobindo Unit III, India",True,544.0,5029.05,50.36
1990,11925,109-TZ-T01,Pre-PQ Process,SO-1697,DN-893,Tanzania,PMO - US,From RDC,N/A - From RDC,Air,2007-09-15,2008-03-15,2008-09-15,2008-09-15,2008-09-15,ARV,Pediatric,SCMS from RDC,"Didanosine 100mg, chewable/dispersible tablets, 60 Tabs",Didanosine,Generic,100mg,Chewable/dispersible tablet,60,11640,90210.0,7.75,0.13,"Aurobindo Unit III, India",False,4413.0,8925.0,144.34
1991,11926,111-MZ-T01,Pre-PQ Process,SO-15080,DN-1034,Mozambique,PMO - US,From RDC,N/A - From RDC,Air,2008-02-21,2008-08-21,2009-02-21,2009-02-21,2009-02-21,ARV,Adult,SCMS from RDC,"Efavirenz 600mg, tablets, 30 Tabs",Efavirenz,Generic,600mg,Tablet,30,24350,267850.0,11.0,0.37,"Aurobindo Unit III, India",False,668.5,3247.5699999999997,524.99
1992,11927,100-SL-T01,Pre-PQ Process,SO-12770,DN-885,Sierra Leone,PMO - US,From RDC,N/A - From RDC,Air,2007-08-22,2008-02-22,2008-08-22,2008-08-22,2008-08-22,HRDT,HIV test,SCMS from RDC,"HIV 1/2, Uni-Gold HIV Kit, 20 Tests","HIV 1/2, Uni-Gold HIV Kit",Uni-Gold,no_dosage,Test kit,20,500,16000.0,32.0,1.6,"Trinity Biotech, Plc",True,163.0,7795.0,25.6
1993,11928,104-CI-T01,Pre-PQ Process,SO-16221,DN-1089,Côte d'Ivoire,PMO - US,From RDC,N/A - From RDC,Air,2008-03-02,2008-09-02,2009-03-02,2009-03-02,2009-03-02,ARV,Pediatric,SCMS from RDC,"Stavudine 1mg/ml, powder for oral solution, 200 ml",Stavudine,Generic,1mg/ml,Oral solution,200,1200,1680.0,1.4,0.01,"Aurobindo Unit III, India",True,115.0,1297.57,3.29
1994,11932,151-NG-T01,Pre-PQ Process,SO-21782,DN-1144,Nigeria,PMO - US,From RDC,N/A - From RDC,Air,2008-03-24,2008-09-24,2009-03-24,2009-03-24,2009-03-24,ARV,Adult,SCMS from RDC,"Emtricitabine/Tenofovir Disoproxil Fumarate 200/300mg [Truvada], tablets, 30 Tabs",Emtricitabine/Tenofovir Disoproxil Fumarate,Truvada,300/200mg,Tablet - FDC,30,37666,988732.5,26.25,0.88,"Aspen-OSD, Port Elizabeth, SA",True,3273.0,6443.63,1937.92
1995,11933,112-NG-T01,Pre-PQ Process,SO-2728,DN-917,Nigeria,PMO - US,From RDC,N/A - From RDC,Air,2007-09-24,2008-03-24,2008-09-24,2008-09-24,2008-09-24,ARV,Adult,SCMS from RDC,"Emtricitabine/Tenofovir Disoproxil Fumarate 200/300mg [Truvada], tablets, 30 Tabs",Emtricitabine/Tenofovir Disoproxil Fumarate,Truvada,300/200mg,Tablet - FDC,30,4,105.0,26.25,0.88,"Aspen-OSD, Port Elizabeth, SA",False,78.0,10144.765,0.17
1996,11934,112-NG-T01,Pre-PQ Process,SO-2728,DN-917,Nigeria,PMO - US,From RDC,N/A - From RDC,Air,2007-09-24,2008-03-24,2008-09-24,2008-09-24,2008-09-24,ARV,Adult,SCMS from RDC,"Lamivudine/Zidovudine 150/300mg, tablets, 60 Tabs",Lamivudine/Zidovudine,Generic,150/300mg,Tablet - FDC,60,1054,9854.9,9.35,0.16,Mylan (formerly Matrix) Nashik,False,668.5,10144.765,15.77
1997,11935,112-NG-T01,Pre-PQ Process,SO-2728,DN-917,Nigeria,PMO - US,From RDC,N/A - From RDC,Air,2007-09-24,2008-03-24,2008-09-24,2008-09-24,2008-09-24,ARV,Adult,SCMS from RDC,"Lamivudine/Nevirapine/Stavudine 150/200/30mg, tablets, 60 Tabs",Lamivudine/Nevirapine/Stavudine,Generic,150/200/30mg,Tablet - FDC,60,4953,36652.2,7.4,0.12,"Cipla, Goa, India",False,668.5,10144.765,58.64
1998,11936,106-HT-T01,Pre-PQ Process,SO-15930,DN-944,Haiti,PMO - US,From RDC,N/A - From RDC,Air,2007-11-04,2008-05-04,2008-11-04,2008-11-04,2008-11-04,ARV,Adult,SCMS from RDC,"Stavudine 30mg, capsules, 60 Caps",Stavudine,Generic,30mg,Capsule,60,12000,18600.0,1.55,0.03,"Aurobindo Unit III, India",False,1005.0,2946.7200000000003,36.46
1999,11937,106-HT-T01,Pre-PQ Process,SO-15930,DN-944,Haiti,PMO - US,From RDC,N/A - From RDC,Air,2007-11-04,2008-05-04,2008-11-04,2008-11-04,2008-11-04,ARV,Pediatric,SCMS from RDC,"Abacavir 20mg/ml, oral solution, Bottle, 240 ml",Abacavir,Generic,20mg/ml,Oral solution,240,350,5652.5,16.15,0.07,"Aurobindo Unit III, India",False,45.0,2946.7200000000003,11.08
2000,11938,106-HT-T01,Pre-PQ Process,SO-23790,DN-1109,Haiti,PMO - US,From RDC,N/A - From RDC,Air,2008-03-10,2008-09-10,2009-03-10,2009-03-10,2009-03-10,ARV,Adult,SCMS from RDC,"Abacavir 300mg, tablets, 60 Tabs",Abacavir,Generic,300mg,Tablet,60,450,11452.5,25.45,0.42,Mylan (formerly Matrix) Nashik,True,47.0,1432.88,22.45
2001,11939,126-NG-T01,Pre-PQ Process,SO-10750,DN-846,Nigeria,PMO - US,From RDC,N/A - From RDC,Air,2007-07-24,2008-01-24,2008-07-24,2008-07-24,2008-07-24,ARV,Adult,SCMS from RDC,"Efavirenz 600mg, tablets, 30 Tabs",Efavirenz,Generic,600mg,Tablet,30,4200,49224.0,11.72,0.39,"Aurobindo Unit III, India",True,621.0,4099.51,78.76
2002,11940,109-TZ-T01,Pre-PQ Process,SO-2565,DN-853,Tanzania,PMO - US,From RDC,N/A - From RDC,Air,2007-08-29,2008-02-29,2008-08-29,2008-08-29,2008-08-29,ARV,Adult,SCMS from RDC,"Lamivudine/Nevirapine/Stavudine 150/200/30mg, tablets, 60 Tabs",Lamivudine/Nevirapine/Stavudine,Generic,150/200/30mg,Tablet - FDC,60,2011,14881.4,7.4,0.12,"Cipla, Goa, India",True,6650.0,36855.6,23.81
2003,11942,106-HT-T01,Pre-PQ Process,SO-15950,DN-945,Haiti,PMO - US,From RDC,N/A - From RDC,Air,2007-10-27,2008-04-27,2008-10-27,2008-10-27,2008-10-27,ARV,Adult,SCMS from RDC,"Efavirenz 600mg, tablets, 30 Tabs",Efavirenz,Generic,600mg,Tablet,30,2139,23529.0,11.0,0.37,"Aurobindo Unit III, India",False,668.5,2946.7200000000003,37.65
2004,11943,106-HT-T01,Pre-PQ Process,SO-15950,DN-945,Haiti,PMO - US,From RDC,N/A - From RDC,Air,2007-10-27,2008-04-27,2008-10-27,2008-10-27,2008-10-27,ARV,Adult,SCMS from RDC,"Lamivudine/Zidovudine 150/300mg, tablets, 60 Tabs",Lamivudine/Zidovudine,Generic,150/300mg,Tablet - FDC,60,93000,869550.0,9.35,0.16,"Aurobindo Unit III, India",False,668.5,2946.7200000000003,1391.28
2005,11944,117-ET-T01,Pre-PQ Process,SO-22000,DN-1060,Ethiopia,PMO - US,From RDC,N/A - From RDC,Air,2008-02-18,2008-08-18,2009-02-18,2009-02-18,2009-02-18,ARV,Adult,SCMS from RDC,"Lamivudine/Nevirapine/Stavudine 150/200/30mg, tablets, 60 Tabs",Lamivudine/Nevirapine/Stavudine,Generic,150/200/30mg,Tablet - FDC,60,2855,20327.6,7.12,0.12,"Cipla, Goa, India",False,668.5,4672.77,39.84
2006,11945,123-NG-T01,Pre-PQ Process,SO-2554,DN-960,Nigeria,PMO - US,From RDC,N/A - From RDC,Air,2007-10-30,2008-04-30,2008-10-30,2008-10-30,2008-10-30,ARV,Adult,SCMS from RDC,"Stavudine 30mg, capsules, 60 Caps",Stavudine,Generic,30mg,Capsule,60,7876,11971.52,1.52,0.03,"Aurobindo Unit III, India",True,5588.0,18617.93,23.46
2007,11946,123-NG-T01,Pre-PQ Process,SO-2554,DN-960,Nigeria,PMO - US,From RDC,N/A - From RDC,Air,2007-10-30,2008-04-30,2008-10-30,2008-10-30,2008-10-30,ARV,Adult,SCMS from RDC,"Emtricitabine/Tenofovir Disoproxil Fumarate 200/300mg [Truvada], tablets, 30 Tabs",Emtricitabine/Tenofovir Disoproxil Fumarate,Truvada,300/200mg,Tablet - FDC,30,32696,858270.0,26.25,0.88,"Aspen-OSD, Port Elizabeth, SA",False,2873.0,10144.765,1682.21
2008,11947,123-NG-T01,Pre-PQ Process,SO-2554,DN-960,Nigeria,PMO - US,From RDC,N/A - From RDC,Air,2007-10-30,2008-04-30,2008-10-30,2008-10-30,2008-10-30,ARV,Pediatric,SCMS from RDC,"Efavirenz 200mg, capsule, 90 Caps",Efavirenz,Generic,200mg,Capsule,90,1132,18112.0,16.0,0.18,"Aurobindo Unit III, India",False,668.5,10144.765,35.5
2009,11948,110-ZM-T01,Pre-PQ Process,SO-2543,DN-975,Zambia,PMO - US,From RDC,N/A - From RDC,Truck,2007-11-25,2008-05-25,2008-11-25,2008-11-25,2008-11-25,ARV,Adult,SCMS from RDC,"Emtricitabine/Tenofovir Disoproxil Fumarate 200/300mg [Truvada], tablets, 30 Tabs",Emtricitabine/Tenofovir Disoproxil Fumarate,Truvada,300/200mg,Tablet - FDC,30,100000,2625000.0,26.25,0.88,"Aspen-OSD, Port Elizabeth, SA",True,88190.0,11519.94,5145.0
2010,11949,112-NG-T01,Pre-PQ Process,SO-20960,DN-1124,Nigeria,PMO - US,From RDC,N/A - From RDC,Air Charter,2008-03-19,2008-09-19,2009-03-19,2009-03-19,2009-03-19,ARV,Pediatric,SCMS from RDC,"Lamivudine 10mg/ml, oral solution, Bottle, 240 ml",Lamivudine,Generic,10mg/ml,Oral solution,240,833,1582.7,1.9,0.01,"Aurobindo Unit III, India",False,668.5,12601.07,3.1
2011,11950,104-CI-T01,Pre-PQ Process,SO-16190,DN-1020,Côte d'Ivoire,PMO - US,From RDC,N/A - From RDC,Air,2008-01-05,2008-07-05,2009-01-05,2009-01-05,2009-01-05,ARV,Adult,SCMS from RDC,"Lamivudine/Nevirapine/Stavudine 150/200/30mg, tablets, 60 Tabs",Lamivudine/Nevirapine/Stavudine,Generic,150/200/30mg,Tablet - FDC,60,19290,138888.0,7.2,0.12,"Cipla, Goa, India",True,2096.0,19495.73,272.22
2012,11951,104-CI-T01,Pre-PQ Process,SO-16223,DN-1112,Côte d'Ivoire,PMO - US,From RDC,N/A - From RDC,Air,2008-03-05,2008-09-05,2009-03-05,2009-03-05,2009-03-05,ARV,Pediatric,SCMS from RDC,"Stavudine 1mg/ml, powder for oral solution, 200 ml",Stavudine,Generic,1mg/ml,Oral solution,200,800,1120.0,1.4,0.01,"Aurobindo Unit III, India",True,77.0,1286.0,2.2
2013,11953,110-ZM-T01,Pre-PQ Process,SO-1897,DN-927,Zambia,PMO - US,From RDC,N/A - From RDC,Truck,2007-10-06,2008-04-06,2008-10-06,2008-10-06,2008-10-06,ARV,Adult,SCMS from RDC,"Efavirenz 600mg, tablets, 30 Tabs",Efavirenz,Generic,600mg,Tablet,30,20880,250768.8,12.01,0.4,Mylan (formerly Matrix) Nashik,True,1603.0,8539.26,401.23
2014,11954,104-CI-T01,Pre-PQ Process,SO-11850,DN-988,Côte d'Ivoire,PMO - US,From RDC,N/A - From RDC,Air,2007-12-01,2008-06-01,2008-12-01,2008-12-01,2008-12-01,ARV,Adult,SCMS from RDC,"Efavirenz 600mg, tablets, 30 Tabs",Efavirenz,Generic,600mg,Tablet,30,30654,359264.88,11.72,0.39,"Aurobindo Unit III, India",False,668.5,4063.81,704.16
2015,11955,151-NG-T01,Pre-PQ Process,SO-21800,DN-1134,Nigeria,PMO - US,From RDC,N/A - From RDC,Air Charter,2008-03-19,2008-09-19,2009-03-19,2009-03-19,2009-03-19,ARV,Adult,SCMS from RDC,"Lamivudine/Nevirapine/Zidovudine 150/200/300mg, tablets, 60 Tabs",Lamivudine/Nevirapine/Zidovudine,Generic,150/300/200mg,Tablet - FDC,60,63940,728916.0,11.4,0.19,"Aurobindo Unit III, India",True,7189.0,11492.86,1428.68
2016,11956,151-NG-T01,Pre-PQ Process,SO-21808,DN-1142,Nigeria,PMO - US,From RDC,N/A - From RDC,Air Charter,2008-03-19,2008-09-19,2009-03-19,2009-03-19,2009-03-19,ARV,Adult,SCMS from RDC,"Lamivudine/Nevirapine/Zidovudine 150/200/300mg, tablets, 60 Tabs",Lamivudine/Nevirapine/Zidovudine,Generic,150/300/200mg,Tablet - FDC,60,4314,49179.6,11.4,0.19,"Aurobindo Unit III, India",True,485.0,22985.73,96.39
2017,11957,104-CI-T01,Pre-PQ Process,SO-27010,DN-1157,Côte d'Ivoire,PMO - US,From RDC,N/A - From RDC,Air,2008-03-20,2008-09-20,2009-03-20,2009-03-20,2009-03-20,ARV,Adult,SCMS from RDC,"Lopinavir/Ritonavir 200/50mg [Aluvia], tablets, 120 Tabs",Lopinavir/Ritonavir,Aluvia,200/50mg,Tablet,120,1764,72500.4,41.1,0.34,ABBVIE Ludwigshafen Germany,True,110.0,4063.81,142.1
2018,11958,104-CI-T01,Pre-PQ Process,SO-27011,DN-1158,Côte d'Ivoire,PMO - US,From RDC,N/A - From RDC,Air,2008-03-20,2008-09-20,2009-03-20,2009-03-20,2009-03-20,ARV,Adult,SCMS from RDC,"Lopinavir/Ritonavir 200/50mg [Aluvia], tablets, 120 Tabs",Lopinavir/Ritonavir,Aluvia,200/50mg,Tablet,120,1544,63458.4,41.1,0.34,ABBVIE (Abbott) Logis. UK,True,668.5,4063.81,124.38
2019,11959,111-MZ-T01,Pre-PQ Process,SO-15090,DN-933,Mozambique,PMO - US,From RDC,N/A - From RDC,Air,2007-11-14,2008-05-14,2008-11-14,2008-11-14,2008-11-14,ARV,Adult,SCMS from RDC,"Efavirenz 600mg, tablets, 30 Tabs",Efavirenz,Generic,600mg,Tablet,30,5000,55000.0,11.0,0.37,"Aurobindo Unit III, India",False,452.0,3247.5699999999997,88.0
2020,11960,104-CI-T01,Pre-PQ Process,SO-970,DN-1163,Côte d'Ivoire,PMO - US,From RDC,N/A - From RDC,Air,2008-03-23,2008-09-23,2009-03-23,2009-03-23,2009-03-23,ARV,Pediatric,SCMS from RDC,"Lopinavir/Ritonavir 80/20mg/ml [Kaletra], oral solution, cool, Bottle 5 x 60 ml",Lopinavir/Ritonavir,Kaletra,80/20mg/ml,Oral solution,300,1500,61650.0,41.1,0.14,ABBVIE (Abbott) Logis. UK,False,575.0,4063.81,120.83
2021,11961,104-CI-T01,Pre-PQ Process,SO-27040,DN-1164,Côte d'Ivoire,PMO - US,From RDC,N/A - From RDC,Air,2008-03-24,2008-09-24,2009-03-24,2009-03-24,2009-03-24,ARV,Adult,SCMS from RDC,"Nevirapine 200mg, tablets, 60 Tabs",Nevirapine,Generic,200mg,Tablet,60,7511,25537.4,3.4,0.06,"Aurobindo Unit III, India",True,732.0,4063.81,50.05
2022,11962,104-CI-T01,Pre-PQ Process,SO-21882,DN-1171,Côte d'Ivoire,PMO - US,From RDC,N/A - From RDC,Air,2008-05-12,2008-11-12,2009-05-12,2009-05-12,2009-05-12,ARV,Pediatric,SCMS from RDC,"Abacavir 20mg/ml, oral solution, Bottle, 240 ml",Abacavir,Generic,20mg/ml,Oral solution,240,352,5280.0,15.0,0.06,"Aurobindo Unit III, India",True,125.0,1328.03,10.35
2023,11963,106-HT-T01,Pre-PQ Process,SO-24831,DN-1173,Haiti,PMO - US,From RDC,N/A - From RDC,Air,2008-04-14,2008-10-14,2009-04-14,2009-04-14,2009-04-14,ARV,Pediatric,SCMS from RDC,"Abacavir 20mg/ml, oral solution, Bottle, 240 ml",Abacavir,Generic,20mg/ml,Oral solution,240,274,4110.0,15.0,0.06,"Aurobindo Unit III, India",True,98.0,1763.84,8.06
2024,11964,111-MZ-T01,Pre-PQ Process,SO-25020,DN-1175,Mozambique,PMO - US,From RDC,N/A - From RDC,Air,2008-06-08,2008-12-08,2009-06-08,2009-06-08,2009-06-08,ARV,Adult,SCMS from RDC,"Lamivudine/Nevirapine/Zidovudine 150/200/300mg, tablets, 60 Tabs",Lamivudine/Nevirapine/Zidovudine,Generic,150/300/200mg,Tablet - FDC,60,10808,127534.4,11.8,0.2,Mylan (formerly Matrix) Nashik,True,1320.0,6759.55,249.97
2025,11966,127-KE-T01,Pre-PQ Process,SO-29010,DN-1193,Kenya,PMO - US,From RDC,N/A - From RDC,Truck,2008-04-23,2008-10-23,2009-04-23,2009-04-23,2009-04-23,ARV,Pediatric,SCMS from RDC,"Efavirenz 200mg, capsule, 90 Caps",Efavirenz,Generic,200mg,Capsule,90,170,1.7,0.01,0.0,"Aurobindo Unit III, India",False,22.0,225.96,0.0
2026,11967,151-NG-T01,Pre-PQ Process,SO-22522,DN-1198,Nigeria,PMO - US,From RDC,N/A - From RDC,Air,2008-04-30,2008-10-30,2009-04-30,2009-04-30,2009-04-30,ARV,Adult,SCMS from RDC,"Emtricitabine/Tenofovir Disoproxil Fumarate 200/300mg [Truvada], tablets, 30 Tabs",Emtricitabine/Tenofovir Disoproxil Fumarate,Truvada,300/200mg,Tablet - FDC,30,2067,54258.75,26.25,0.88,"Aspen-OSD, Port Elizabeth, SA",True,235.0,2922.53,106.35
2027,11968,106-HT-T01,Pre-PQ Process,SO-24840,DN-1221,Haiti,PMO - US,From RDC,N/A - From RDC,Air,2008-05-22,2008-11-22,2009-05-22,2009-05-22,2009-05-22,ARV,Pediatric,SCMS from RDC,"Lamivudine 10mg/ml, oral solution, Bottle, 240 ml",Lamivudine,Generic,10mg/ml,Oral solution,240,2345,4455.5,1.9,0.01,"Aurobindo Unit III, India",False,239.0,2946.7200000000003,8.73
2028,11969,111-MZ-T01,Pre-PQ Process,SO-30440,DN-1231,Mozambique,PMO - US,From RDC,N/A - From RDC,Truck,2008-06-28,2008-12-28,2009-06-28,2009-06-28,2009-06-28,ARV,Adult,SCMS from RDC,"Stavudine 30mg, capsules, 60 Caps",Stavudine,Generic,30mg,Capsule,60,630,938.7,1.49,0.02,"Strides, Bangalore, India.",False,65.5,5192.68,1.84
2029,11970,104-CI-T01,Pre-PQ Process,SO-27520,DN-1234,Côte d'Ivoire,PMO - US,From RDC,N/A - From RDC,Air,2008-06-11,2008-12-11,2009-06-11,2009-06-11,2009-06-11,ARV,Pediatric,SCMS from RDC,"Efavirenz 200mg, capsule, 90 Caps",Efavirenz,Generic,200mg,Capsule,90,1680,25636.8,15.26,0.17,"Aurobindo Unit III, India",True,3337.0,9936.96,50.25
2030,11971,100-SZ-T01,Pre-PQ Process,SO-30790,DN-1238,Swaziland,PMO - US,From RDC,N/A - From RDC,Air,2008-05-21,2008-11-21,2009-05-21,2009-05-21,2009-05-21,ARV,Pediatric,SCMS from RDC,"Efavirenz 200mg, capsule, 90 Caps",Efavirenz,Generic,200mg,Capsule,90,1417,18038.41,12.73,0.14,"Aurobindo Unit III, India",False,538.0,3467.885,35.36
2031,11972,100-SZ-T01,Pre-PQ Process,SO-30790,DN-1238,Swaziland,PMO - US,From RDC,N/A - From RDC,Air,2008-05-21,2008-11-21,2009-05-21,2009-05-21,2009-05-21,ARV,Adult,SCMS from RDC,"Lamivudine/Nevirapine/Zidovudine 150/200/300mg, tablets, 60 Tabs",Lamivudine/Nevirapine/Zidovudine,Generic,150/300/200mg,Tablet - FDC,60,13600,154360.0,11.35,0.19,"Aurobindo Unit III, India",False,668.5,3467.885,302.55
2032,11973,111-MZ-T01,Pre-PQ Process,SO-17530,DN-1176,Mozambique,PMO - US,From RDC,N/A - From RDC,Air,2008-05-20,2008-11-20,2009-05-20,2009-05-20,2009-05-20,ARV,Adult,SCMS from RDC,"Indinavir 400mg [Crixivan], capsules, 180 Caps",Indinavir,Crixivan,400mg,Capsule,180,616,30800.0,50.0,0.28,"MSD, Haarlem, NL",True,227.0,1943.05,60.37
2033,11974,111-MZ-T01,Pre-PQ Process,SO-17530,DN-1176,Mozambique,PMO - US,From RDC,N/A - From RDC,Air,2008-05-20,2008-11-20,2009-05-20,2009-05-20,2009-05-20,ARV,Pediatric,SCMS from RDC,"Efavirenz 200mg, capsule, 90 Caps",Efavirenz,Generic,200mg,Capsule,90,720,10987.2,15.26,0.17,"Aurobindo Unit III, India",False,59.0,3247.5699999999997,21.53
2034,11975,110-ZM-T01,Pre-PQ Process,SO-17630,DN-1240,Zambia,PMO - US,From RDC,N/A - From RDC,Truck,2008-06-10,2008-12-10,2009-06-10,2009-06-10,2009-06-10,ARV,Adult,SCMS from RDC,"Efavirenz 600mg, tablets, 30 Tabs",Efavirenz,Generic,600mg,Tablet,30,100000,1100000.0,11.0,0.37,Hetero Unit III Hyderabad IN,True,7736.0,10069.54,2156.0
2035,11980,112-NG-T01,Pre-PQ Process,SO-21050,DN-1244,Nigeria,PMO - US,From RDC,N/A - From RDC,Air Charter,2008-06-16,2008-12-16,2009-06-16,2009-06-16,2009-06-16,ARV,Adult,SCMS from RDC,"Stavudine 30mg, capsules, 60 Caps",Stavudine,Generic,30mg,Capsule,60,1002,1553.1,1.55,0.03,"Aurobindo Unit III, India",False,668.5,12601.07,3.04
2036,11981,110-ZM-T01,Pre-PQ Process,SO-30300,DN-1250,Zambia,PMO - US,From RDC,N/A - From RDC,Truck,2008-06-15,2008-12-15,2009-06-15,2009-06-15,2009-06-15,ARV,Pediatric,SCMS from RDC,"Efavirenz 200mg, capsule, 90 Caps",Efavirenz,Generic,200mg,Capsule,90,680,10376.8,15.26,0.17,"Aurobindo Unit III, India",False,1299.0,6476.695,20.34
2037,11983,153-NG-T01,Pre-PQ Process,SO-31170,DN-1261,Nigeria,PMO - US,From RDC,N/A - From RDC,Air Charter,2008-06-16,2008-12-16,2009-06-16,2009-06-16,2009-06-16,ARV,Adult,SCMS from RDC,"Zidovudine 300mg, tablets, 60 Tabs",Zidovudine,Generic,300mg,Tablet,60,306,2359.26,7.71,0.13,"Aurobindo Unit III, India",False,668.5,12601.07,4.62
2038,11988,106-HT-T01,Pre-PQ Process,SO-24851,DN-1283,Haiti,PMO - US,From RDC,N/A - From RDC,Air,2008-06-25,2008-12-25,2009-06-25,2009-06-25,2009-06-25,ARV,Adult,SCMS from RDC,"Nevirapine 200mg, tablets, 60 Tabs",Nevirapine,Generic,200mg,Tablet,60,18750,56250.0,3.0,0.05,Hetero Unit III Hyderabad IN,True,111.0,12448.02,110.25
2039,11989,113-ZW-T01,Pre-PQ Process,SO-21010,DN-1289,Zimbabwe,PMO - US,From RDC,N/A - From RDC,Truck,2008-06-22,2008-12-22,2009-06-22,2009-06-22,2009-06-22,ARV,Adult,SCMS from RDC,"Efavirenz 600mg, tablets, 30 Tabs",Efavirenz,Generic,600mg,Tablet,30,4000,42480.0,10.62,0.35,"Aurobindo Unit III, India",False,810.0,6721.705,83.26
2040,11990,104-CI-T01,Pre-PQ Process,SO-27531,DN-1314,Côte d'Ivoire,PMO - US,From RDC,N/A - From RDC,Air,2008-07-14,2009-01-14,2009-07-14,2009-07-14,2009-07-14,ARV,Adult,SCMS from RDC,"Efavirenz 600mg, tablets, 30 Tabs",Efavirenz,Generic,600mg,Tablet,30,26710,259621.2,9.72,0.32,"Emcure Plot No.P-2, I.T-B.T. Park, Phase II, MIDC, Hinjwadi, Pune, India",True,1866.0,6111.2,508.86
2041,11991,114-UG-T01,Pre-PQ Process,SO-32120,DN-1303,Uganda,PMO - US,From RDC,N/A - From RDC,Air,2008-08-14,2009-02-14,2009-08-14,2009-08-14,2009-08-14,ARV,Adult,SCMS from RDC,"Lamivudine/Zidovudine 150/300mg, tablets, 60 Tabs",Lamivudine/Zidovudine,Generic,150/300mg,Tablet - FDC,60,14479,97878.04,6.76,0.11,"Aurobindo Unit III, India",False,668.5,2485.92,191.84
2042,11992,114-UG-T01,Pre-PQ Process,SO-30081,DN-1320,Uganda,PMO - US,From RDC,N/A - From RDC,Air,2008-08-14,2009-02-14,2009-08-14,2009-08-14,2009-08-14,ARV,Adult,SCMS from RDC,"Lamivudine/Nevirapine/Stavudine 150/200/30mg, tablets, 60 Tabs",Lamivudine/Nevirapine/Stavudine,Generic,150/200/30mg,Tablet - FDC,60,1604,11420.48,7.12,0.12,"Strides, Bangalore, India.",True,120.0,1670.63,22.38
2043,11993,114-UG-T01,Pre-PQ Process,SO-30080,DN-1322,Uganda,PMO - US,From RDC,N/A - From RDC,Air,2008-07-17,2009-01-17,2009-07-17,2009-07-17,2009-07-17,ARV,Adult,SCMS from RDC,"Lamivudine/Nevirapine/Stavudine 150/200/30mg, tablets, 60 Tabs",Lamivudine/Nevirapine/Stavudine,Generic,150/200/30mg,Tablet - FDC,60,4340,30900.8,7.12,0.12,"Strides, Bangalore, India.",True,322.0,3017.15,60.57
2044,11994,110-ZM-T01,Pre-PQ Process,SO-17641,DN-1326,Zambia,PMO - US,From RDC,N/A - From RDC,Truck,2008-09-04,2009-03-04,2009-09-04,2009-09-04,2009-09-04,ARV,Adult,SCMS from RDC,"Efavirenz 600mg, tablets, 30 Tabs",Efavirenz,Generic,600mg,Tablet,30,12740,140140.0,11.0,0.37,Hetero Unit III Hyderabad IN,True,987.0,2448.71,274.67
2045,11995,110-ZM-T01,Pre-PQ Process,SO-29050,DN-1327,Zambia,PMO - US,From RDC,N/A - From RDC,Truck,2008-09-04,2009-03-04,2009-09-04,2009-09-04,2009-09-04,ARV,Adult,SCMS from RDC,"Efavirenz 600mg, tablets, 30 Tabs",Efavirenz,Generic,600mg,Tablet,30,120000,960000.0,8.0,0.27,Mylan (formerly Matrix) Nashik,True,9022.0,4506.18,1881.6
2046,11996,151-NG-T01,Pre-PQ Process,SO-32646,DN-1340,Nigeria,PMO - US,From RDC,N/A - From RDC,Air Charter,2008-08-04,2009-02-04,2009-08-04,2009-08-04,2009-08-04,ARV,Adult,SCMS from RDC,"Lamivudine/Nevirapine/Zidovudine 150/200/300mg, tablets, 60 Tabs",Lamivudine/Nevirapine/Zidovudine,Generic,150/300/200mg,Tablet - FDC,60,4314,49179.6,11.4,0.19,"Aurobindo Unit III, India",True,486.0,7445.8,96.39
2047,11997,151-NG-T01,Pre-PQ Process,SO-32642,DN-1344,Nigeria,PMO - US,From RDC,N/A - From RDC,Air Charter,2008-08-04,2009-02-04,2009-08-04,2009-08-04,2009-08-04,ARV,Adult,SCMS from RDC,"Lamivudine/Nevirapine/Zidovudine 150/200/300mg, tablets, 60 Tabs",Lamivudine/Nevirapine/Zidovudine,Generic,150/300/200mg,Tablet - FDC,60,41949,478218.6,11.4,0.19,"Aurobindo Unit III, India",True,4724.0,7445.8,937.31
2048,11998,106-HT-T01,Pre-PQ Process,SO-32760,DN-1373,Haiti,PMO - US,From RDC,N/A - From RDC,Air,2008-07-31,2009-01-31,2009-07-31,2009-07-31,2009-07-31,ARV,Adult,SCMS from RDC,"Stavudine 30mg, capsules, 60 Caps",Stavudine,Generic,30mg,Capsule,60,8640,12614.4,1.46,0.02,"Aurobindo Unit III, India",False,975.5,2946.7200000000003,24.72
2049,11999,106-HT-T01,Pre-PQ Process,SO-32730,DN-1374,Haiti,PMO - US,From RDC,N/A - From RDC,Air,2008-07-31,2009-01-31,2009-07-31,2009-07-31,2009-07-31,ARV,Adult,SCMS from RDC,"Stavudine 15mg, capsules, 60 Caps",Stavudine,Generic,15mg,Capsule,60,108,162.0,1.5,0.02,"Aurobindo Unit III, India",True,78.0,6811.4,0.32
2050,12000,111-MZ-T01,Pre-PQ Process,SO-32530,DN-1380,Mozambique,PMO - US,From RDC,N/A - From RDC,Truck,2008-09-17,2009-03-17,2009-09-17,2009-09-17,2009-09-17,ARV,Adult,SCMS from RDC,"Lamivudine/Nevirapine/Stavudine 150/200/30mg, tablets, 60 Tabs",Lamivudine/Nevirapine/Stavudine,Generic,150/200/30mg,Tablet - FDC,60,17000,121040.0,7.12,0.12,"Strides, Bangalore, India.",True,4374.0,1799.88,237.24
2051,12001,110-ZM-T01,Pre-PQ Process,SO-29040,DN-1386,Zambia,PMO - US,From RDC,N/A - From RDC,Truck,2008-09-15,2009-03-15,2009-09-15,2009-09-15,2009-09-15,ARV,Adult,SCMS from RDC,"Lamivudine/Zidovudine 150/300mg, tablets, 60 Tabs",Lamivudine/Zidovudine,Generic,150/300mg,Tablet - FDC,60,108000,946080.0,8.76,0.15,"Aurobindo Unit III, India",False,10865.0,6476.695,1854.32
2052,12003,104-CI-T01,Pre-PQ Process,SO-32240,DN-1398,Côte d'Ivoire,PMO - US,From RDC,N/A - From RDC,Air,2008-09-08,2009-03-08,2009-09-08,2009-09-08,2009-09-08,ARV,Pediatric,SCMS from RDC,"Efavirenz 200mg, capsule, 90 Caps",Efavirenz,Generic,200mg,Capsule,90,2520,32079.6,12.73,0.14,"Aurobindo Unit III, India",False,231.5,4063.81,62.88
2053,12004,114-UG-T01,Pre-PQ Process,SO-32930,DN-1402,Uganda,PMO - US,From RDC,N/A - From RDC,Air,2008-09-09,2009-03-09,2009-09-09,2009-09-09,2009-09-09,ARV,Adult,SCMS from RDC,"Lamivudine/Nevirapine/Zidovudine 150/200/300mg, tablets, 60 Tabs",Lamivudine/Nevirapine/Zidovudine,Generic,150/300/200mg,Tablet - FDC,60,19650,223027.5,11.35,0.19,"Aurobindo Unit III, India",True,2237.0,15250.99,437.13
2054,12005,110-ZM-T01,Pre-PQ Process,SO-32480,DN-1405,Zambia,PMO - US,From RDC,N/A - From RDC,Truck,2008-09-22,2009-03-22,2009-09-22,2009-09-22,2009-09-22,ARV,Adult,SCMS from RDC,"Lamivudine/Nevirapine/Stavudine 150/200/30mg, tablets, 60 Tabs",Lamivudine/Nevirapine/Stavudine,Generic,150/200/30mg,Tablet - FDC,60,52481,373664.72,7.12,0.12,"Cipla, Goa, India",True,5586.0,6759.28,732.38
2055,12006,113-ZW-T01,Pre-PQ Process,SO-21020,DN-1411,Zimbabwe,PMO - US,From RDC,N/A - From RDC,Truck,2008-09-22,2009-03-22,2009-09-22,2009-09-22,2009-09-22,ARV,Adult,SCMS from RDC,"Lamivudine/Nevirapine/Stavudine 150/200/30mg, tablets, 60 Tabs",Lamivudine/Nevirapine/Stavudine,Generic,150/200/30mg,Tablet - FDC,60,76000,541120.0,7.12,0.12,"Cipla, Goa, India",False,8774.5,6721.705,1060.6
2056,12008,114-UG-T01,Pre-PQ Process,SO-31470,DN-1415,Uganda,PMO - US,From RDC,N/A - From RDC,Air,2008-09-14,2009-03-14,2009-09-14,2009-09-14,2009-09-14,ARV,Adult,SCMS from RDC,"Emtricitabine/Tenofovir Disoproxil Fumarate 200/300mg [Truvada], tablets, 30 Tabs",Emtricitabine/Tenofovir Disoproxil Fumarate,Truvada,300/200mg,Tablet - FDC,30,1795,47118.75,26.25,0.88,"Aspen-OSD, Port Elizabeth, SA",True,160.0,2590.35,92.35
2057,12009,104-CI-T01,Pre-PQ Process,SO-33220,DN-1422,Côte d'Ivoire,PMO - US,From RDC,N/A - From RDC,Air,2008-09-16,2009-03-16,2009-09-16,2009-09-16,2009-09-16,ARV,Pediatric,SCMS from RDC,"Nevirapine 10mg/ml, oral suspension, Bottle, 240 ml",Nevirapine,Generic,10mg/ml,Oral suspension,240,6000,11520.0,1.92,0.01,"Aurobindo Unit III, India",False,581.0,4063.81,22.58
2058,12079,107-RW-T01,Pre-PQ Process,SO-825,DN-264,Rwanda,PMO - US,From RDC,N/A - From RDC,Air,2006-08-06,2007-02-06,2007-08-06,2007-08-06,2007-08-06,HRDT,HIV test,SCMS from RDC,"HIV 1/2, Uni-Gold HIV Kit, 20 Tests","HIV 1/2, Uni-Gold HIV Kit",Uni-Gold,no_dosage,Test kit,20,92,2944.0,32.0,1.6,"Trinity Biotech, Plc",True,28.0,1604.96,4.71
2059,12010,104-CI-T01,Pre-PQ Process,SO-33230,DN-1427,Côte d'Ivoire,PMO - US,From RDC,N/A - From RDC,Air,2008-09-25,2009-03-25,2009-09-25,2009-09-25,2009-09-25,ARV,Adult,SCMS from RDC,"Emtricitabine/Tenofovir Disoproxil Fumarate 200/300mg [Truvada], tablets, 30 Tabs",Emtricitabine/Tenofovir Disoproxil Fumarate,Truvada,300/200mg,Tablet - FDC,30,998,26197.5,26.25,0.88,"Aspen-OSD, Port Elizabeth, SA",False,668.5,4063.81,51.35
2060,12011,151-NG-T01,Pre-PQ Process,SO-33331,DN-1434,Nigeria,PMO - US,From RDC,N/A - From RDC,Air Charter,2008-10-20,2009-04-20,2009-10-20,2009-10-20,2009-10-20,ARV,Adult,SCMS from RDC,"Lamivudine/Nevirapine/Zidovudine 150/200/300mg, tablets, 60 Tabs",Lamivudine/Nevirapine/Zidovudine,Generic,150/300/200mg,Tablet - FDC,60,52920,603288.0,11.4,0.19,"Aurobindo Unit III, India",True,5960.0,9341.49,1182.44
2061,12012,110-ZM-T01,Pre-PQ Process,SO-33021,DN-1448,Zambia,PMO - US,From RDC,N/A - From RDC,Truck,2008-10-13,2009-04-13,2009-10-13,2009-10-13,2009-10-13,ARV,Adult,SCMS from RDC,"Efavirenz 600mg, tablets, 30 Tabs",Efavirenz,Generic,600mg,Tablet,30,4000,24880.0,6.22,0.21,"Aurobindo Unit III, India",True,1900.0,4997.46,48.76
2062,12014,106-HT-T01,Pre-PQ Process,SO-32720,DN-1466,Haiti,PMO - US,From RDC,N/A - From RDC,Air,2008-10-21,2009-04-21,2009-10-21,2009-10-21,2009-10-21,ARV,Adult,SCMS from RDC,"Nevirapine 200mg, tablets, 60 Tabs",Nevirapine,Generic,200mg,Tablet,60,15825,45892.5,2.9,0.05,"Aurobindo Unit III, India",False,668.5,2946.7200000000003,89.95
2063,12015,117-ET-T01,Pre-PQ Process,SO-33630,DN-1471,Ethiopia,PMO - US,From RDC,N/A - From RDC,Air,2008-10-06,2009-04-06,2009-10-06,2009-10-06,2009-10-06,ARV,Adult,SCMS from RDC,"Lamivudine 150mg, tablets, 60 Tabs",Lamivudine,Generic,150mg,Tablet,60,4500,10980.0,2.44,0.04,Mylan (formerly Matrix) Nashik,True,658.0,4311.22,21.52
2064,12016,100-LB-T01,Pre-PQ Process,SO-33900,DN-1487,Lebanon,PMO - US,From RDC,N/A - From RDC,Air,2008-11-18,2009-05-18,2009-11-18,2009-11-18,2009-11-18,ARV,Pediatric,SCMS from RDC,"Zidovudine 10mg/ml, oral solution, Bottle, 240 ml",Zidovudine,Generic,10mg/ml,Oral solution,240,24,0.24,0.01,0.0,"Aurobindo Unit III, India",False,14.5,3790.6549999999997,0.0
2065,12017,114-UG-T01,Pre-PQ Process,SO-34000,DN-1489,Uganda,PMO - US,From RDC,N/A - From RDC,Air,2008-10-29,2009-04-29,2009-10-29,2009-10-29,2009-10-29,ARV,Adult,SCMS from RDC,"Stavudine 30mg, capsules, 60 Caps",Stavudine,Generic,30mg,Capsule,60,300,438.0,1.46,0.02,"Aurobindo Unit III, India",True,20.0,667.17,0.94
2066,12018,114-UG-T01,Pre-PQ Process,SO-33150,DN-1490,Uganda,PMO - US,From RDC,N/A - From RDC,Air,2008-10-29,2009-04-29,2009-10-29,2009-10-29,2009-10-29,ARV,Adult,SCMS from RDC,"Zidovudine 300mg, tablets, 60 Tabs",Zidovudine,Generic,300mg,Tablet,60,589,4435.17,7.53,0.13,"Aurobindo Unit III, India",True,33.0,747.17,9.56
2067,12020,117-ET-T01,Pre-PQ Process,SO-35210,DN-1588,Ethiopia,PMO - US,From RDC,N/A - From RDC,Air,2008-12-08,2009-06-08,2009-12-08,2009-12-08,2009-12-08,ARV,Adult,SCMS from RDC,"Nevirapine 200mg, tablets, 60 Tabs",Nevirapine,Generic,200mg,Tablet,60,20000,58000.0,2.9,0.05,"Cipla, Goa, India",True,2190.0,7573.92,125.05
2068,12021,117-ET-T01,Pre-PQ Process,SO-34580,DN-1610,Ethiopia,PMO - US,From RDC,N/A - From RDC,Air,2009-01-13,2009-07-13,2010-01-13,2010-01-13,2010-01-13,ARV,Adult,SCMS from RDC,"Nevirapine 200mg, tablets, 60 Tabs",Nevirapine,Generic,200mg,Tablet,60,25540,74066.0,2.9,0.05,"Aurobindo Unit III, India",True,2031.0,6774.59,159.69
2069,12025,100-CI-T01,Pre-PQ Process,SO-283,DN-16,Côte d'Ivoire,PMO - US,From RDC,N/A - From RDC,Air,2006-02-22,2006-08-22,2007-02-22,2007-02-22,2007-02-22,ARV,Adult,SCMS from RDC,"Efavirenz 600mg, tablets, 30 Tabs",Efavirenz,Generic,600mg,Tablet,30,495,8043.75,16.25,0.54,"Aurobindo Unit III, India",False,668.5,4063.81,0.0
2070,12026,100-CI-T01,Pre-PQ Process,SO-283,DN-16,Côte d'Ivoire,PMO - US,From RDC,N/A - From RDC,Air,2006-02-22,2006-08-22,2007-02-22,2007-02-22,2007-02-22,ARV,Adult,SCMS from RDC,"Lamivudine/Zidovudine 150/300mg, tablets, 60 Tabs",Lamivudine/Zidovudine,Generic,150/300mg,Tablet - FDC,60,2770,28392.5,10.25,0.17,"Aurobindo Unit III, India",False,668.5,4063.81,0.0
2071,12030,110-ZM-T01,Pre-PQ Process,SO-229,DN-41,Zambia,PMO - US,From RDC,N/A - From RDC,Truck,2006-03-29,2006-09-29,2007-03-29,2007-03-29,2007-03-29,ARV,Adult,SCMS from RDC,"Abacavir 300mg, tablets, 60 Tabs",Abacavir,Generic,300mg,Tablet,60,3334,118357.0,35.5,0.59,"Aurobindo Unit III, India",True,161.0,7441.23,0.0
2072,12031,112-NG-T01,Pre-PQ Process,SO-340,DN-72,Nigeria,PMO - US,From RDC,N/A - From RDC,Air Charter,2006-04-17,2006-10-17,2007-04-17,2007-04-17,2007-04-17,ARV,Pediatric,SCMS from RDC,"Zidovudine 10mg/ml, oral solution, Bottle, 240 ml",Zidovudine,Generic,10mg/ml,Oral solution,240,1200,2580.0,2.15,0.01,"Aurobindo Unit III, India",False,128.0,12601.07,0.0
2073,12033,111-MZ-T01,Pre-PQ Process,SO-497,DN-121,Mozambique,PMO - US,From RDC,N/A - From RDC,Air,2006-05-18,2006-11-18,2007-05-18,2007-05-18,2007-05-18,ARV,Adult,SCMS from RDC,"Abacavir 300mg, tablets, 60 Tabs",Abacavir,Generic,300mg,Tablet,60,566,20262.8,35.8,0.6,"Aurobindo Unit III, India",False,668.5,3247.5699999999997,0.0
2074,12034,100-CI-T01,Pre-PQ Process,SO-390,DN-51,Côte d'Ivoire,PMO - US,From RDC,N/A - From RDC,Air,2006-05-04,2006-11-04,2007-05-04,2007-05-04,2007-05-04,ARV,Adult,SCMS from RDC,"Efavirenz 600mg, tablets, 30 Tabs",Efavirenz,Generic,600mg,Tablet,30,10000,162500.0,16.25,0.54,"Aurobindo Unit III, India",True,898.0,3002.0,0.0
2075,12037,100-CI-T01,Pre-PQ Process,SO-284,DN-46,Côte d'Ivoire,PMO - US,From RDC,N/A - From RDC,Air,2006-05-04,2006-11-04,2007-05-04,2007-05-04,2007-05-04,ARV,Adult,SCMS from RDC,"Efavirenz 600mg, tablets, 30 Tabs",Efavirenz,Generic,600mg,Tablet,30,6519,105933.75,16.25,0.54,"Aurobindo Unit III, India",False,668.5,4063.81,0.0
2076,12041,107-RW-T01,Pre-PQ Process,SO-481,DN-100,Rwanda,PMO - US,From RDC,N/A - From RDC,Air,2006-05-14,2006-11-14,2007-05-14,2007-05-14,2007-05-14,ARV,Adult,SCMS from RDC,"Lamivudine 150mg, tablets, 60 Tabs",Lamivudine,Generic,150mg,Tablet,60,1267,4193.77,3.31,0.06,"Ranbaxy, Paonta Shahib, India",False,668.5,5865.805,0.0
2077,12043,100-CI-T01,Pre-PQ Process,SO-437,DN-85,Côte d'Ivoire,PMO - US,From RDC,N/A - From RDC,Air,2006-04-30,2006-10-30,2007-04-30,2007-04-30,2007-04-30,ARV,Adult,SCMS from RDC,"Lamivudine/Nevirapine/Stavudine 150/200/30mg, tablets, 60 Tabs",Lamivudine/Nevirapine/Stavudine,Generic,150/200/30mg,Tablet - FDC,60,9000,67500.0,7.5,0.12,"Cipla, Goa, India",True,972.0,3162.0,0.0
2078,12044,100-CI-T01,Pre-PQ Process,SO-411,DN-60,Côte d'Ivoire,PMO - US,From RDC,N/A - From RDC,Air,2006-05-04,2006-11-04,2007-05-04,2007-05-04,2007-05-04,ARV,Adult,SCMS from RDC,"Lamivudine/Zidovudine 150/300mg, tablets, 60 Tabs",Lamivudine/Zidovudine,Generic,150/300mg,Tablet - FDC,60,1000,10250.0,10.25,0.17,"Aurobindo Unit III, India",True,114.0,1470.0,0.0
2079,12045,100-CI-T01,Pre-PQ Process,SO-285,DN-74,Côte d'Ivoire,PMO - US,From RDC,N/A - From RDC,Air,2006-04-30,2006-10-30,2007-04-30,2007-04-30,2007-04-30,ARV,Adult,SCMS from RDC,"Tenofovir Disoproxil Fumarate 300mg [Viread], tablets, 30 Tabs",Tenofovir Disoproxil Fumarate,Viread,300mg,Tablet,30,456,7752.0,17.0,0.57,Gilead(Nycomed) Oranienburg DE,True,682.0,2527.0,0.0
2080,12046,100-CI-T01,Pre-PQ Process,SO-285,DN-74,Côte d'Ivoire,PMO - US,From RDC,N/A - From RDC,Air,2006-04-30,2006-10-30,2007-04-30,2007-04-30,2007-04-30,ARV,Adult,SCMS from RDC,"Lamivudine/Zidovudine 150/300mg, tablets, 60 Tabs",Lamivudine/Zidovudine,Generic,150/300mg,Tablet - FDC,60,6944,71176.0,10.25,0.17,"Aurobindo Unit III, India",False,668.5,4063.81,0.0
2081,12047,100-CI-T01,Pre-PQ Process,SO-431,DN-76,Côte d'Ivoire,PMO - US,From RDC,N/A - From RDC,Air,2006-04-30,2006-10-30,2007-04-30,2007-04-30,2007-04-30,ARV,Adult,SCMS from RDC,"Efavirenz 600mg, tablets, 30 Tabs",Efavirenz,Generic,600mg,Tablet,30,8148,132405.0,16.25,0.54,"Aurobindo Unit III, India",True,741.0,2656.0,0.0
2082,12050,112-NG-T01,Pre-PQ Process,SO-563,DN-209,Nigeria,PMO - US,From RDC,N/A - From RDC,Air Charter,2006-07-03,2007-01-03,2007-07-03,2007-07-03,2007-07-03,ARV,Adult,SCMS from RDC,"Lamivudine 150mg, tablets, 60 Tabs",Lamivudine,Generic,150mg,Tablet,60,552,1827.12,3.31,0.06,"Ranbaxy, Paonta Shahib, India",False,668.5,12601.07,2.92
2083,12056,112-NG-T01,Pre-PQ Process,SO-563,DN-209,Nigeria,PMO - US,From RDC,N/A - From RDC,Air Charter,2006-07-03,2007-01-03,2007-07-03,2007-07-03,2007-07-03,ARV,Pediatric,SCMS from RDC,"Nevirapine 10mg/ml, oral suspension, Bottle, 240 ml",Nevirapine,Generic,10mg/ml,Oral suspension,240,313,1940.6,6.2,0.03,"Aurobindo Unit III, India",False,668.5,12601.07,3.1
2084,12058,109-TZ-T01,Pre-PQ Process,SO-306,DN-144,Tanzania,PMO - US,From RDC,N/A - From RDC,Air,2006-07-06,2007-01-06,2007-07-06,2007-07-06,2007-07-06,HRDT,HIV test,SCMS from RDC,"HIV 1/2, Uni-Gold HIV Kit, 20 Tests","HIV 1/2, Uni-Gold HIV Kit",Uni-Gold,no_dosage,Test kit,20,100,3200.0,32.0,1.6,"Trinity Biotech, Plc",True,34.0,2297.0,0.0
2085,12059,111-MZ-T01,Pre-PQ Process,SO-379,DN-183,Mozambique,PMO - US,From RDC,N/A - From RDC,Air,2006-07-04,2007-01-04,2007-07-04,2007-07-04,2007-07-04,ARV,Adult,SCMS from RDC,"Abacavir/Lamivudine/Zidovudine 300/150/300mg [Trizivir], tablets, 60 Tabs",Abacavir/Lamivudine/Zidovudine,Trizivir,300/150/300mg,Tablet - FDC,60,1019,71330.0,70.0,1.17,GSK Ware (UK),True,138.0,439.17,0.0
2086,12060,111-MZ-T01,Pre-PQ Process,SO-578,DN-184,Mozambique,PMO - US,From RDC,N/A - From RDC,Air,2006-07-11,2007-01-11,2007-07-11,2007-07-11,2007-07-11,ARV,Adult,SCMS from RDC,"Lopinavir/Ritonavir 200/50mg [Aluvia], tablets, 120 Tabs",Lopinavir/Ritonavir,Aluvia,200/50mg,Tablet,120,801,32921.1,41.1,0.34,ABBVIE Ludwigshafen Germany,True,333.0,630.23,0.0
2087,12061,111-MZ-T01,Pre-PQ Process,SO-576,DN-148,Mozambique,PMO - US,From RDC,N/A - From RDC,Air,2006-06-13,2006-12-13,2007-06-13,2007-06-13,2007-06-13,ARV,Adult,SCMS from RDC,"Tenofovir Disoproxil Fumarate 300mg [Viread], tablets, 30 Tabs",Tenofovir Disoproxil Fumarate,Viread,300mg,Tablet,30,2684,45628.0,17.0,0.57,Gilead(Nycomed) Oranienburg DE,False,668.5,3247.5699999999997,0.0
2088,12062,111-MZ-T01,Pre-PQ Process,SO-576,DN-148,Mozambique,PMO - US,From RDC,N/A - From RDC,Air,2006-06-13,2006-12-13,2007-06-13,2007-06-13,2007-06-13,ARV,Adult,SCMS from RDC,"Lamivudine/Nevirapine/Zidovudine 150/200/300mg, tablets, 60 Tabs",Lamivudine/Nevirapine/Zidovudine,Generic,150/300/200mg,Tablet - FDC,60,29959,524282.5,17.5,0.29,"Aurobindo Unit III, India",False,668.5,3247.5699999999997,0.0
2089,12063,112-NG-T01,Pre-PQ Process,SO-557,DN-172,Nigeria,PMO - US,From RDC,N/A - From RDC,Air Charter,2006-06-26,2006-12-26,2007-06-26,2007-06-26,2007-06-26,ARV,Adult,SCMS from RDC,"Lamivudine/Zidovudine 150/300mg, tablets, 60 Tabs",Lamivudine/Zidovudine,Generic,150/300mg,Tablet - FDC,60,203,2168.04,10.68,0.18,"Aurobindo Unit III, India",False,668.5,12601.07,0.0
2090,12064,112-NG-T01,Pre-PQ Process,SO-557,DN-172,Nigeria,PMO - US,From RDC,N/A - From RDC,Air Charter,2006-06-26,2006-12-26,2007-06-26,2007-06-26,2007-06-26,ARV,Adult,SCMS from RDC,"Lamivudine/Nevirapine/Stavudine 150/200/30mg, tablets, 60 Tabs",Lamivudine/Nevirapine/Stavudine,Generic,150/200/30mg,Tablet - FDC,60,1799,13492.5,7.5,0.12,"Cipla, Goa, India",False,668.5,12601.07,0.0
2091,12067,112-NG-T01,Pre-PQ Process,SO-636,DN-191,Nigeria,PMO - US,From RDC,N/A - From RDC,Air Charter,2006-06-26,2006-12-26,2007-06-26,2007-06-26,2007-06-26,ARV,Adult,SCMS from RDC,"Lamivudine/Nevirapine/Stavudine 150/200/40mg, tablets, 60 Tabs",Lamivudine/Nevirapine/Stavudine,Generic,150/200/40mg,Tablet - FDC,60,903,6953.1,7.7,0.13,"Cipla, Goa, India",True,57.0,1339.8,11.12
2092,12068,113-ZW-T01,Pre-PQ Process,SO-415,DN-140,Zimbabwe,PMO - US,From RDC,N/A - From RDC,Truck,2006-05-20,2006-11-20,2007-05-20,2007-05-20,2007-05-20,ARV,Adult,SCMS from RDC,"Efavirenz 600mg, tablets, 30 Tabs",Efavirenz,Generic,600mg,Tablet,30,2800,45528.0,16.26,0.54,"Aurobindo Unit III, India",True,246.0,1130.49,0.0
2093,12071,110-ZM-T01,Pre-PQ Process,SO-313,DN-207,Zambia,PMO - US,From RDC,N/A - From RDC,Truck,2006-06-20,2006-12-20,2007-06-20,2007-06-20,2007-06-20,ARV,Pediatric,SCMS from RDC,"Abacavir 20mg/ml, oral solution, Bottle, 240 ml",Abacavir,Generic,20mg/ml,Oral solution,240,237,5095.5,21.5,0.09,"Aurobindo Unit III, India",True,85.0,759.41,8.15
2094,12072,112-NG-T01,Pre-PQ Process,SO-563,DN-209,Nigeria,PMO - US,From RDC,N/A - From RDC,Air Charter,2006-07-03,2007-01-03,2007-07-03,2007-07-03,2007-07-03,ARV,Adult,SCMS from RDC,"Lamivudine/Zidovudine+Nevirapine 150/300+200mg, tablets, co-blister, 60+60 Tabs",Lamivudine/Zidovudine+Nevirapine,Generic,150/300+200mg,Tablet - FDC + co-blister,120,10020,205410.0,20.5,0.17,"Aspen-OSD, Port Elizabeth, SA",False,645.0,12601.07,328.66
2095,12073,109-TZ-T01,Pre-PQ Process,SO-496,DN-247,Tanzania,PMO - US,From RDC,N/A - From RDC,Air,2006-07-30,2007-01-30,2007-07-30,2007-07-30,2007-07-30,ARV,Pediatric,SCMS from RDC,"Lopinavir/Ritonavir 80/20mg/ml [Kaletra], oral solution, cool, Bottle 5 x 60 ml",Lopinavir/Ritonavir,Kaletra,80/20mg/ml,Oral solution,300,147,6041.7,41.1,0.14,ABBVIE (Abbott) Logis. UK,False,668.5,8925.0,9.67
2096,12074,104-CI-T01,Pre-PQ Process,SO-524,DN-268,Côte d'Ivoire,PMO - US,From RDC,N/A - From RDC,Air,2006-08-14,2007-02-14,2007-08-14,2007-08-14,2007-08-14,ARV,Adult,SCMS from RDC,"Lamivudine/Zidovudine 150/300mg, tablets, 60 Tabs",Lamivudine/Zidovudine,Generic,150/300mg,Tablet - FDC,60,7426,79309.68,10.68,0.18,"Aurobindo Unit III, India",True,3073.0,7947.0,126.9
2097,12075,110-ZM-T01,Pre-PQ Process,SO-464,DN-223,Zambia,PMO - US,From RDC,N/A - From RDC,Truck,2006-07-16,2007-01-16,2007-07-16,2007-07-16,2007-07-16,ARV,Adult,SCMS from RDC,"Nevirapine 200mg, tablets, 60 Tabs",Nevirapine,Generic,200mg,Tablet,60,79029,282133.53,3.57,0.06,"Aurobindo Unit III, India",True,7393.0,30412.53,451.41
2098,12077,104-CI-T01,Pre-PQ Process,SO-774,DN-242,Côte d'Ivoire,PMO - US,From RDC,N/A - From RDC,Air,2006-08-21,2007-02-21,2007-08-21,2007-08-21,2007-08-21,ARV,Adult,SCMS from RDC,"Stavudine 15mg, capsules, 60 Caps",Stavudine,Generic,15mg,Capsule,60,1161,2496.15,2.15,0.04,"Aurobindo Unit III, India",True,399.0,4200.78,3.99
2099,12078,107-RW-T01,Pre-PQ Process,SO-814,DN-263,Rwanda,PMO - US,From RDC,N/A - From RDC,Air,2006-08-06,2007-02-06,2007-08-06,2007-08-06,2007-08-06,ARV,Adult,SCMS from RDC,"Indinavir 400mg [Crixivan], capsules, 180 Caps",Indinavir,Crixivan,400mg,Capsule,180,112,5600.0,50.0,0.28,MSD Elkton USA,True,24.0,1161.0,8.96
2100,12080,104-CI-T01,Pre-PQ Process,SO-816,DN-265,Côte d'Ivoire,PMO - US,From RDC,N/A - From RDC,Air,2006-08-17,2007-02-17,2007-08-17,2007-08-17,2007-08-17,ARV,Pediatric,SCMS from RDC,"Lopinavir/Ritonavir 80/20mg/ml [Kaletra], oral solution, cool, Bottle 5 x 60 ml",Lopinavir/Ritonavir,Kaletra,80/20mg/ml,Oral solution,300,56,2301.6,41.1,0.14,ABBVIE (Abbott) Logis. UK,False,168.0,4063.81,3.68
2101,12083,109-TZ-T01,Pre-PQ Process,SO-747,DN-229,Tanzania,PMO - US,From RDC,N/A - From RDC,Air,2006-07-13,2007-01-13,2007-07-13,2007-07-13,2007-07-13,HRDT,HIV test,SCMS from RDC,"HIV 1/2, Capillus HIV Kit, 100 Tests","HIV 1/2, Capillus HIV Kit",Capillus,no_dosage,Test kit,100,422,58658.0,139.0,1.39,"Trinity Biotech, Plc",True,3093.0,1547.0,93.85
2102,12086,109-TZ-T01,Pre-PQ Process,SO-457,DN-292,Tanzania,PMO - US,From RDC,N/A - From RDC,Air,2006-08-28,2007-02-28,2007-08-29,2007-08-29,2007-08-29,ARV,Adult,SCMS from RDC,"Lamivudine/Zidovudine 150/300mg, tablets, 60 Tabs",Lamivudine/Zidovudine,Generic,150/300mg,Tablet - FDC,60,29489,314942.52,10.68,0.18,"Aurobindo Unit III, India",True,2670.0,7533.0,503.91
2103,12088,111-MZ-T01,Pre-PQ Process,SO-298,DN-304,Mozambique,PMO - US,From RDC,N/A - From RDC,Air,2006-09-21,2007-03-21,2007-09-21,2007-09-21,2007-09-21,ARV,Adult,SCMS from RDC,"Abacavir/Lamivudine/Zidovudine 300/150/300mg [Trizivir], tablets, 60 Tabs",Abacavir/Lamivudine/Zidovudine,Trizivir,300/150/300mg,Tablet - FDC,60,530,37100.0,70.0,1.17,GSK Ware (UK),False,668.5,3247.5699999999997,59.36
2104,12089,111-MZ-T01,Pre-PQ Process,SO-298,DN-304,Mozambique,PMO - US,From RDC,N/A - From RDC,Air,2006-09-21,2007-03-21,2007-09-21,2007-09-21,2007-09-21,ARV,Adult,SCMS from RDC,"Abacavir 300mg, tablets, 60 Tabs",Abacavir,Generic,300mg,Tablet,60,960,34080.0,35.5,0.59,"Aurobindo Unit III, India",False,111.0,3247.5699999999997,54.53
2105,12090,111-MZ-T01,Pre-PQ Process,SO-298,DN-304,Mozambique,PMO - US,From RDC,N/A - From RDC,Air,2006-09-21,2007-03-21,2007-09-21,2007-09-21,2007-09-21,ARV,Adult,SCMS from RDC,"Indinavir 400mg [Crixivan], capsules, 180 Caps",Indinavir,Crixivan,400mg,Capsule,180,740,36496.8,49.32,0.27,MSD Elkton USA,False,203.0,3247.5699999999997,58.39
2106,12091,111-MZ-T01,Pre-PQ Process,SO-298,DN-304,Mozambique,PMO - US,From RDC,N/A - From RDC,Air,2006-09-21,2007-03-21,2007-09-21,2007-09-21,2007-09-21,ARV,Adult,SCMS from RDC,"Saquinavir 200mg [Invirase], capsules, 270 Caps",Saquinavir,Invirase,200mg,Capsule,270,521,39747.09,76.29,0.28,Roche Basel,False,668.5,3247.5699999999997,63.6
2107,12092,111-MZ-T01,Pre-PQ Process,SO-298,DN-304,Mozambique,PMO - US,From RDC,N/A - From RDC,Air,2006-09-21,2007-03-21,2007-09-21,2007-09-21,2007-09-21,ARV,Adult,SCMS from RDC,"Tenofovir Disoproxil Fumarate 300mg [Viread], tablets, 30 Tabs",Tenofovir Disoproxil Fumarate,Viread,300mg,Tablet,30,3318,56406.0,17.0,0.57,Gilead(Nycomed) Oranienburg DE,False,668.5,3247.5699999999997,90.25
2108,12093,111-MZ-T01,Pre-PQ Process,SO-298,DN-304,Mozambique,PMO - US,From RDC,N/A - From RDC,Air,2006-09-21,2007-03-21,2007-09-21,2007-09-21,2007-09-21,ARV,Adult,SCMS from RDC,"Lopinavir/Ritonavir 200/50mg [Aluvia], tablets, 120 Tabs",Lopinavir/Ritonavir,Aluvia,200/50mg,Tablet,120,2698,110887.8,41.1,0.34,ABBVIE Ludwigshafen Germany,False,668.5,3247.5699999999997,177.42
2109,12094,111-MZ-T01,Pre-PQ Process,SO-298,DN-304,Mozambique,PMO - US,From RDC,N/A - From RDC,Air,2006-09-21,2007-03-21,2007-09-21,2007-09-21,2007-09-21,ARV,Adult,SCMS from RDC,"Efavirenz 600mg, tablets, 30 Tabs",Efavirenz,Generic,600mg,Tablet,30,25913,434042.75,16.75,0.56,"Cipla, Goa, India",False,668.5,3247.5699999999997,694.47
2110,12100,107-RW-T01,Pre-PQ Process,SO-833,DN-361,Rwanda,PMO - US,From RDC,N/A - From RDC,Air,2006-10-16,2007-04-16,2007-10-16,2007-10-16,2007-10-16,HRDT,HIV test,SCMS from RDC,"HIV 1/2, Uni-Gold HIV Kit, 20 Tests","HIV 1/2, Uni-Gold HIV Kit",Uni-Gold,no_dosage,Test kit,20,1883,60256.0,32.0,1.6,"Trinity Biotech, Plc",True,627.0,7670.04,96.41
2111,12107,110-ZM-T01,Pre-PQ Process,SO-822,DN-343,Zambia,PMO - US,From RDC,N/A - From RDC,Truck,2006-09-07,2007-03-07,2007-09-07,2007-09-07,2007-09-07,ARV,Pediatric,SCMS from RDC,"Abacavir 20mg/ml, oral solution, Bottle, 240 ml",Abacavir,Generic,20mg/ml,Oral solution,240,1000,16500.0,16.5,0.07,"Aurobindo Unit III, India",True,355.0,1886.39,26.4
2112,12109,117-ET-T01,Pre-PQ Process,SO-914,DN-332,Ethiopia,PMO - US,From RDC,N/A - From RDC,Air,2006-09-04,2007-03-04,2007-09-04,2007-09-04,2007-09-04,ARV,Pediatric,SCMS from RDC,"Lamivudine 10mg/ml, oral solution, Bottle, 240 ml",Lamivudine,Generic,10mg/ml,Oral solution,240,11950,23541.5,1.97,0.01,"Aurobindo Unit III, India",False,668.5,4672.77,37.67
2113,12110,117-ET-T01,Pre-PQ Process,SO-914,DN-332,Ethiopia,PMO - US,From RDC,N/A - From RDC,Air,2006-09-04,2007-03-04,2007-09-04,2007-09-04,2007-09-04,ARV,Adult,SCMS from RDC,"Lamivudine 150mg, tablets, 60 Tabs",Lamivudine,Generic,150mg,Tablet,60,46855,142439.2,3.04,0.05,"Aurobindo Unit III, India",False,7712.0,4672.77,227.9
2114,12112,107-RW-T01,Pre-PQ Process,SO-834,DN-352,Rwanda,PMO - US,From RDC,N/A - From RDC,Air,2006-09-14,2007-03-14,2007-09-14,2007-09-14,2007-09-14,HRDT,HIV test,SCMS from RDC,"HIV 1/2/O, First Response HIV 1-2.0, v.3.0 Cards Kit, 30 Tests","HIV 1/2/O, First Response HIV 1-2.0, v.3.0 Cards Kit",First Response,no_dosage,Test kit,30,1883,31069.5,16.5,0.55,Premier Med. Corp Ltd. India,True,752.0,4436.76,49.71
2115,12113,100-ZW-T01,Pre-PQ Process,SO-705,DN-355,Zimbabwe,PMO - US,From RDC,N/A - From RDC,Truck,2006-09-20,2007-03-20,2007-09-20,2007-09-20,2007-09-20,ARV,Adult,SCMS from RDC,"Lamivudine/Nevirapine/Stavudine 150/200/30mg, tablets, 60 Tabs",Lamivudine/Nevirapine/Stavudine,Generic,150/200/30mg,Tablet - FDC,60,37240,275576.0,7.4,0.12,"Cipla, Goa, India",False,5943.0,6721.705,440.92
2116,12120,111-MZ-T01,Pre-PQ Process,SO-1064,DN-415,Mozambique,PMO - US,From RDC,N/A - From RDC,Air,2006-11-30,2007-05-30,2007-11-30,2007-11-30,2007-11-30,HRDT,HIV test,SCMS from RDC,"HIV 1/2, Uni-Gold HIV Kit, 20 Tests","HIV 1/2, Uni-Gold HIV Kit",Uni-Gold,no_dosage,Test kit,20,3480,111360.0,32.0,1.6,"Trinity Biotech, Plc",True,2766.0,10698.63,178.18
2117,12122,104-CI-T01,Pre-PQ Process,SO-1245,DN-423,Côte d'Ivoire,PMO - US,From RDC,N/A - From RDC,Air,2006-11-13,2007-05-13,2007-11-13,2007-11-13,2007-11-13,ARV,Adult,SCMS from RDC,"Ritonavir 100mg [Norvir], capsules, cool, 4 x 84 Caps",Ritonavir,Norvir,100mg,Capsule,336,1200,46032.0,38.36,0.11,ABBVIE (Abbott) France,False,128.0,4063.81,73.65
2118,12123,100-ZW-T01,Pre-PQ Process,SO-1207,DN-424,Zimbabwe,PMO - US,From RDC,N/A - From RDC,Air,2006-11-16,2007-05-16,2007-11-16,2007-11-16,2007-11-16,ARV,Adult,SCMS from RDC,"Lamivudine/Stavudine 150/30mg, tablets, 30 Tabs",Lamivudine/Stavudine,Generic,150/30mg,Tablet - FDC,30,1062,2124.0,2.0,0.07,"Cipla, Goa, India",False,668.5,12894.85,3.4
2119,12125,105-GY-T01,Pre-PQ Process,SO-1233,DN-416,Guyana,PMO - US,From RDC,N/A - From RDC,Air,2006-11-07,2007-05-07,2007-11-07,2007-11-07,2007-11-07,ARV,Adult,SCMS from RDC,"Lamivudine/Zidovudine 150/300mg, tablets, 60 Tabs",Lamivudine/Zidovudine,Generic,150/300mg,Tablet - FDC,60,1848,17556.0,9.5,0.16,"Aurobindo Unit III, India",True,402.0,4807.0,28.09
2120,12126,106-HT-T01,Pre-PQ Process,SO-1286,DN-458,Haiti,PMO - US,From RDC,N/A - From RDC,Air,2006-12-05,2007-06-05,2007-12-05,2007-12-05,2007-12-05,ARV,Adult,SCMS from RDC,"Stavudine 30mg, capsules, 60 Caps",Stavudine,Generic,30mg,Capsule,60,3000,4560.0,1.52,0.03,"Aurobindo Unit III, India",False,342.0,2946.7200000000003,7.3
2121,12127,104-CI-T01,Pre-PQ Process,SO-1103,DN-442,Côte d'Ivoire,PMO - US,From RDC,N/A - From RDC,Air,2006-11-22,2007-05-22,2007-11-22,2007-11-22,2007-11-22,ARV,Adult,SCMS from RDC,"Abacavir 300mg, tablets, 60 Tabs",Abacavir,Generic,300mg,Tablet,60,3260,228200.0,70.0,1.17,"Aurobindo Unit III, India",False,668.5,4063.81,365.12
2122,12128,104-CI-T01,Pre-PQ Process,SO-1482,DN-545,Côte d'Ivoire,PMO - US,From RDC,N/A - From RDC,Air,2007-01-25,2007-07-25,2008-01-25,2008-01-25,2008-01-25,HRDT,HIV test - Ancillary,SCMS from RDC,"HIV, Lancet, Safety, for HIV Test kits, 100 Pcs","HIV, Lancet, Safety, for HIV Test kits, 100 Pcs",Generic,no_dosage,Test kit - Ancillary,100,1250,12.5,0.01,0.0,Inverness Japan,False,394.0,4063.81,0.02
2123,12129,106-HT-T01,Pre-PQ Process,SO-1288,DN-445,Haiti,PMO - US,From RDC,N/A - From RDC,Air,2007-01-22,2007-07-22,2008-01-22,2008-01-22,2008-01-22,ARV,Adult,SCMS from RDC,"Lamivudine/Zidovudine 150/300mg, tablets, 60 Tabs",Lamivudine/Zidovudine,Generic,150/300mg,Tablet - FDC,60,32160,305520.0,9.5,0.16,"Aurobindo Unit III, India",False,668.5,2946.7200000000003,488.83
2124,12130,112-NG-T01,Pre-PQ Process,SO-567,DN-475,Nigeria,PMO - US,From RDC,N/A - From RDC,Air,2006-12-03,2007-06-03,2007-12-03,2007-12-03,2007-12-03,ARV,Adult,SCMS from RDC,"Lamivudine/Nevirapine/Stavudine 150/200/40mg, tablets, 60 Tabs",Lamivudine/Nevirapine/Stavudine,Generic,150/200/40mg,Tablet - FDC,60,1190,9163.0,7.7,0.13,"Cipla, Goa, India",False,668.5,10144.765,14.66
2125,12131,112-NG-T01,Pre-PQ Process,SO-567,DN-475,Nigeria,PMO - US,From RDC,N/A - From RDC,Air,2006-12-03,2007-06-03,2007-12-03,2007-12-03,2007-12-03,ARV,Pediatric,SCMS from RDC,"Lamivudine 10mg/ml, oral solution, Bottle, 240 ml",Lamivudine,Generic,10mg/ml,Oral solution,240,1283,3322.97,2.59,0.01,"Cipla, Goa, India",False,668.5,10144.765,5.32
2126,12133,119-NA-T01,Pre-PQ Process,SO-1452,DN-491,Namibia,PMO - US,From RDC,N/A - From RDC,Air,2006-11-30,2007-05-30,2007-11-30,2007-11-30,2007-11-30,HRDT,HIV test,SCMS from RDC,"HIV 1/2, Clearview Complete Kit, 25 Tests","HIV 1/2, Clearview Complete Kit",Clearview,no_dosage,Test kit,25,200,15000.0,75.0,3.0,Inverness USA,True,122.0,1100.4,24.0
2127,12135,110-ZM-T01,Pre-PQ Process,SO-1314,DN-466,Zambia,PMO - US,From RDC,N/A - From RDC,Truck,2006-12-12,2007-06-12,2007-12-12,2007-12-12,2007-12-12,ARV,Adult,SCMS from RDC,"Nevirapine 200mg, tablets, 60 Tabs",Nevirapine,Generic,200mg,Tablet,60,60440,205496.0,3.4,0.06,"Aurobindo Unit III, India",True,5725.0,15671.53,328.79
2128,12136,117-ET-T01,Pre-PQ Process,SO-1009,DN-495,Ethiopia,PMO - US,From RDC,N/A - From RDC,Air,2006-12-20,2007-06-20,2007-12-20,2007-12-20,2007-12-20,ARV,Adult,SCMS from RDC,"Lamivudine 150mg, tablets, 60 Tabs",Lamivudine,Generic,150mg,Tablet,60,14040,42681.6,3.04,0.05,"Aurobindo Unit III, India",False,668.5,4672.77,68.29
2129,12138,117-ET-T01,Pre-PQ Process,SO-1524,DN-521,Ethiopia,PMO - US,From RDC,N/A - From RDC,Air,2006-12-20,2007-06-20,2007-12-20,2007-12-20,2007-12-20,ARV,Adult,SCMS from RDC,"Lamivudine/Zidovudine 150/300mg, tablets, 60 Tabs",Lamivudine/Zidovudine,Generic,150/300mg,Tablet - FDC,60,1797,17071.5,9.5,0.16,"Aurobindo Unit III, India",True,170.0,892.0,27.31
2130,12139,104-CI-T01,Pre-PQ Process,SO-1408,DN-478,Côte d'Ivoire,PMO - US,From RDC,N/A - From RDC,Air,2006-12-10,2007-06-10,2007-12-10,2007-12-10,2007-12-10,ARV,Adult,SCMS from RDC,"Indinavir 400mg [Crixivan], capsules, 180 Caps",Indinavir,Crixivan,400mg,Capsule,180,2450,122500.0,50.0,0.28,"MSD, Haarlem, NL",False,668.5,4063.81,196.0
2131,12143,117-ET-T01,Pre-PQ Process,SO-1530,DN-525,Ethiopia,PMO - US,From RDC,N/A - From RDC,Air,2006-12-20,2007-06-20,2007-12-20,2007-12-20,2007-12-20,ARV,Adult,SCMS from RDC,"Nevirapine 200mg, tablets, 60 Tabs",Nevirapine,Generic,200mg,Tablet,60,1255,4267.0,3.4,0.06,"Aurobindo Unit III, India",True,120.0,1318.0,6.83
2132,12144,111-MZ-T01,Pre-PQ Process,SO-1039,DN-601,Mozambique,PMO - US,From RDC,N/A - From RDC,Air,2007-04-08,2007-10-08,2008-04-08,2008-04-05,2008-04-05,ARV,Adult,SCMS from RDC,"Indinavir 400mg [Crixivan], capsules, 180 Caps",Indinavir,Crixivan,400mg,Capsule,180,665,33250.0,50.0,0.28,"MSD, Haarlem, NL",False,603.0,3247.5699999999997,53.2
2133,12145,111-MZ-T01,Pre-PQ Process,SO-1039,DN-601,Mozambique,PMO - US,From RDC,N/A - From RDC,Air,2007-04-08,2007-10-08,2008-04-08,2008-04-05,2008-04-05,ARV,Adult,SCMS from RDC,"Ritonavir 100mg [Norvir], capsules, cool, 84 Caps",Ritonavir,Norvir,100mg,Capsule,84,760,7288.4,9.59,0.11,ABBVIE (Abbott) Logis. UK,False,188.0,3247.5699999999997,11.66
2134,12146,100-ZW-T01,Pre-PQ Process,SO-710,DN-488,Zimbabwe,PMO - US,From RDC,N/A - From RDC,Air,2007-01-14,2007-07-14,2008-01-14,2008-01-14,2008-01-14,ARV,Adult,SCMS from RDC,"Efavirenz 600mg, tablets, 30 Tabs",Efavirenz,Generic,600mg,Tablet,30,1860,23101.2,12.42,0.41,"Cipla, Goa, India",False,3951.0,12894.85,36.96
2135,12147,100-ZW-T01,Pre-PQ Process,SO-710,DN-488,Zimbabwe,PMO - US,From RDC,N/A - From RDC,Air,2007-01-14,2007-07-14,2008-01-14,2008-01-14,2008-01-14,ARV,Adult,SCMS from RDC,"Efavirenz 600mg, tablets, 30 Tabs",Efavirenz,Generic,600mg,Tablet,30,1860,23101.2,12.42,0.41,"Cipla, Goa, India",False,3951.0,12894.85,36.96
2136,12148,114-UG-T01,Pre-PQ Process,SO-1302,DN-489,Uganda,PMO - US,From RDC,N/A - From RDC,Air,2007-01-15,2007-07-15,2008-01-15,2008-01-15,2008-01-15,ARV,Adult,SCMS from RDC,"Lamivudine/Zidovudine 150/300mg, tablets, 60 Tabs",Lamivudine/Zidovudine,Generic,150/300mg,Tablet - FDC,60,16,152.0,9.5,0.16,"Cipla, Goa, India",False,168.5,2485.92,0.24
2137,12149,100-ZW-T01,Pre-PQ Process,SO-899,DN-469,Zimbabwe,PMO - US,From RDC,N/A - From RDC,Truck,2006-12-07,2007-06-07,2007-12-07,2007-12-07,2007-12-07,ARV,Adult,SCMS from RDC,"Lamivudine/Zidovudine 150/300mg, tablets, 60 Tabs",Lamivudine/Zidovudine,Generic,150/300mg,Tablet - FDC,60,1560,14820.0,9.5,0.16,"Aurobindo Unit III, India",True,147.0,1671.84,23.71
2138,12150,110-ZM-T01,Pre-PQ Process,SO-1489,DN-510,Zambia,PMO - US,From RDC,N/A - From RDC,Air,2007-02-14,2007-08-14,2008-02-14,2008-02-14,2008-02-14,ARV,Adult,SCMS from RDC,"Abacavir 300mg, tablets, 60 Tabs",Abacavir,Generic,300mg,Tablet,60,8251,227150.03,27.53,0.46,"Aurobindo Unit III, India",True,822.0,3303.52,363.44
2139,12151,106-HT-T01,Pre-PQ Process,SO-1287,DN-614,Haiti,PMO - US,From RDC,N/A - From RDC,Air,2007-03-04,2007-09-04,2008-03-04,2008-02-21,2008-02-21,ARV,Pediatric,SCMS from RDC,"Stavudine 1mg/ml, powder for oral solution, 200 ml",Stavudine,Generic,1mg/ml,Oral solution,200,300,420.0,1.4,0.01,"Aurobindo Unit III, India",False,42.0,2946.7200000000003,0.67
2140,12154,110-ZM-T01,Pre-PQ Process,SO-1188,DN-552,Zambia,PMO - US,From RDC,N/A - From RDC,Truck,2007-01-25,2007-07-25,2008-01-25,2008-01-25,2008-01-25,ARV,Pediatric,SCMS from RDC,"Nevirapine 10mg/ml, oral suspension, Bottle, 240 ml",Nevirapine,Generic,10mg/ml,Oral suspension,240,1004,6224.8,6.2,0.03,"Aurobindo Unit III, India",True,358.0,1778.7,9.96
2141,12155,106-HT-T01,Pre-PQ Process,SO-1288,DN-445,Haiti,PMO - US,From RDC,N/A - From RDC,Air,2007-01-22,2007-07-22,2008-01-22,2008-01-22,2008-01-22,ARV,Adult,SCMS from RDC,"Lamivudine 150mg, tablets, 60 Tabs",Lamivudine,Generic,150mg,Tablet,60,5000,15200.0,3.04,0.05,"Ranbaxy, Paonta Shahib, India",False,452.0,2946.7200000000003,24.32
2142,12159,119-NA-T01,Pre-PQ Process,SO-1676,DN-583,Namibia,PMO - US,From RDC,N/A - From RDC,Air,2007-02-13,2007-08-13,2008-02-13,2008-02-13,2008-02-13,ARV,Adult,SCMS from RDC,"Efavirenz 600mg, tablets, 30 Tabs",Efavirenz,Generic,600mg,Tablet,30,19000,228190.0,12.01,0.4,"Aurobindo Unit III, India",True,1485.0,3016.95,365.1
2143,12163,102-KE-T01,Pre-PQ Process,SO-1389,DN-595,Kenya,PMO - US,From RDC,N/A - From RDC,Truck,2007-02-27,2007-08-27,2008-02-27,2008-02-01,2008-02-01,HRDT,HIV test,SCMS from RDC,"HIV 1/2, Bioline 3.0 Kit, Lancets, Capillary pipets, Alcohol swabs included, 25 Tests","HIV 1/2, Bioline 3.0 Kit, Lancets, Capillary pipets, Alcohol swabs included",Bioline,no_dosage,Test kit,25,1842,36840.0,20.0,0.8,"Standard Diagnostics, Korea",True,662.0,261.86,58.94
2144,12164,112-NG-T01,Pre-PQ Process,SO-2351,DN-717,Nigeria,PMO - US,From RDC,N/A - From RDC,Air,2007-04-18,2007-10-18,2008-04-18,2008-04-18,2008-04-18,ARV,Adult,SCMS from RDC,"Lamivudine 150mg, tablets, 60 Tabs",Lamivudine,Generic,150mg,Tablet,60,307,893.37,2.91,0.05,"Aurobindo Unit III, India",False,668.5,10144.765,1.43
2145,12165,100-ZW-T01,Pre-PQ Process,SO-2667,DN-756,Zimbabwe,PMO - US,From RDC,N/A - From RDC,Air,2007-06-11,2007-12-11,2008-06-11,2008-06-11,2008-06-11,ARV,Adult,SCMS from RDC,"Lamivudine/Nevirapine/Stavudine 150/200/30mg, tablets, 60 Tabs",Lamivudine/Nevirapine/Stavudine,Generic,150/200/30mg,Tablet - FDC,60,37240,275576.0,7.4,0.12,"Cipla, Goa, India",False,5943.0,12894.85,440.92
2146,12166,106-HT-T01,Pre-PQ Process,SO-2753,DN-827,Haiti,PMO - US,From RDC,N/A - From RDC,Air,2007-07-16,2008-01-16,2008-07-16,2008-07-16,2008-07-16,ARV,Adult,SCMS from RDC,"Nevirapine 200mg, tablets, 60 Tabs",Nevirapine,Generic,200mg,Tablet,60,1057,3593.8,3.4,0.06,"Aurobindo Unit III, India",True,100.0,1651.0,5.75
2147,12167,102-GY-T01,Pre-PQ Process,SO-1005,DN-618,Guyana,PMO - US,From RDC,N/A - From RDC,Air,2007-02-21,2007-08-21,2008-02-21,2008-02-21,2008-02-21,HRDT,HIV test,SCMS from RDC,"HIV 1/2, Stat-Pak HIV, Kit, 20 Tests","HIV 1/2, Stat-Pak HIV, Kit",Stat-Pak,no_dosage,Test kit,20,45,1215.0,27.0,1.35,Chembio Diagnostics Sys. Inc.,True,13.0,798.58,1.94
2148,12168,112-NG-T01,Pre-PQ Process,SO-1571,DN-620,Nigeria,PMO - US,From RDC,N/A - From RDC,Air,2007-02-14,2007-08-14,2008-02-14,2008-02-14,2008-02-14,ARV,Adult,SCMS from RDC,"Stavudine 30mg, capsules, 60 Caps",Stavudine,Generic,30mg,Capsule,60,447,679.44,1.52,0.03,"Aurobindo Unit III, India",True,1054.0,2722.38,1.09
2149,12169,109-TZ-T01,Pre-PQ Process,SO-1941,DN-653,Tanzania,PMO - US,From RDC,N/A - From RDC,Air,2007-04-01,2007-10-01,2008-04-01,2008-04-01,2008-04-01,ARV,Adult,SCMS from RDC,"Efavirenz 600mg, tablets, 30 Tabs",Efavirenz,Generic,600mg,Tablet,30,32997,409822.74,12.42,0.41,"Aurobindo Unit III, India",True,2867.0,10288.1,655.72
2150,12170,106-HT-T01,Pre-PQ Process,SO-2047,DN-742,Haiti,PMO - US,From RDC,N/A - From RDC,Air,2007-06-02,2007-12-02,2008-06-02,2008-06-02,2008-06-02,ARV,Pediatric,SCMS from RDC,"Abacavir 20mg/ml, oral solution, Bottle, 240 ml",Abacavir,Generic,20mg/ml,Oral solution,240,160,2640.0,16.5,0.07,"Aurobindo Unit III, India",False,186.0,2946.7200000000003,4.22
2151,12171,110-ZM-T01,Pre-PQ Process,SO-1889,DN-712,Zambia,PMO - US,From RDC,N/A - From RDC,Truck,2007-05-09,2007-11-09,2008-05-09,2008-05-09,2008-05-09,ARV,Adult,SCMS from RDC,"Lamivudine/Zidovudine 150/300mg, tablets, 60 Tabs",Lamivudine/Zidovudine,Generic,150/300mg,Tablet - FDC,60,50000,472500.0,9.45,0.16,"Aurobindo Unit III, India",True,4655.0,2347.91,756.0
2152,12172,114-UG-T01,Pre-PQ Process,SO-2342,DN-715,Uganda,PMO - US,From RDC,N/A - From RDC,Air,2007-06-02,2007-12-02,2008-06-02,2008-06-02,2008-06-02,ARV,Adult,SCMS from RDC,"Efavirenz 600mg, tablets, 30 Tabs",Efavirenz,Generic,600mg,Tablet,30,860,10328.6,12.01,0.4,"Aurobindo Unit III, India",True,76.0,675.0,16.53
2153,12174,112-NG-T01,Pre-PQ Process,SO-11220,DN-833,Nigeria,PMO - US,From RDC,N/A - From RDC,Air,2007-07-16,2008-01-16,2008-07-16,2008-07-16,2008-07-16,ARV,Adult,SCMS from RDC,"Lamivudine 150mg, tablets, 60 Tabs",Lamivudine,Generic,150mg,Tablet,60,957,2775.3,2.9,0.05,"Aurobindo Unit III, India",False,95.0,10144.765,4.44
2154,12175,123-NG-T01,Pre-PQ Process,SO-2552,DN-834,Nigeria,PMO - US,From RDC,N/A - From RDC,Air,2007-07-16,2008-01-16,2008-07-16,2008-07-16,2008-07-16,ARV,Adult,SCMS from RDC,"Stavudine 30mg, capsules, 60 Caps",Stavudine,Generic,30mg,Capsule,60,7876,11971.52,1.52,0.03,"Aurobindo Unit III, India",False,3054.5,10144.765,19.15
2155,12176,114-UG-T01,Pre-PQ Process,SO-2675,DN-835,Uganda,PMO - US,From RDC,N/A - From RDC,Air,2007-08-04,2008-02-04,2008-08-04,2008-08-04,2008-08-04,ARV,Adult,SCMS from RDC,"Lamivudine/Nevirapine/Zidovudine 150/200/300mg, tablets, 60 Tabs",Lamivudine/Nevirapine/Zidovudine,Generic,150/300/200mg,Tablet - FDC,60,7296,96890.88,13.28,0.22,"Aurobindo Unit III, India",True,824.0,3182.52,155.03
2156,12177,110-ZM-T01,Pre-PQ Process,SO-979,DN-642,Zambia,PMO - US,From RDC,N/A - From RDC,Truck,2007-03-17,2007-09-17,2008-03-17,2008-03-17,2008-03-17,ARV,Pediatric,SCMS from RDC,"Lamivudine 10mg/ml, oral solution, Bottle, 240 ml",Lamivudine,Generic,10mg/ml,Oral solution,240,30563,60209.11,1.97,0.01,"Aurobindo Unit III, India",True,10621.0,37199.06,96.33
2157,12178,106-HT-T01,Pre-PQ Process,SO-2595,DN-837,Haiti,PMO - US,From RDC,N/A - From RDC,Air,2007-08-01,2008-02-01,2008-08-01,2008-08-01,2008-08-01,ARV,Adult,SCMS from RDC,"Lamivudine/Zidovudine 150/300mg, tablets, 60 Tabs",Lamivudine/Zidovudine,Generic,150/300mg,Tablet - FDC,60,16752,158306.4,9.45,0.16,"Aurobindo Unit III, India",True,1580.0,11572.0,253.29
2158,12179,112-NG-T01,Pre-PQ Process,SO-10030,DN-840,Nigeria,PMO - US,From RDC,N/A - From RDC,Air,2007-08-03,2008-02-03,2008-08-03,2008-08-03,2008-08-03,ARV,Adult,SCMS from RDC,"Stavudine 30mg, capsules, 60 Caps",Stavudine,Generic,30mg,Capsule,60,850,1317.5,1.55,0.03,"Aurobindo Unit III, India",True,555.0,10575.63,2.11
2159,12180,110-ZM-T01,Pre-PQ Process,SO-2550,DN-839,Zambia,PMO - US,From RDC,N/A - From RDC,Truck,2007-08-20,2008-02-20,2008-08-20,2008-08-20,2008-08-20,ARV,Adult,SCMS from RDC,"Lamivudine/Nevirapine/Stavudine 150/200/30mg, tablets, 60 Tabs",Lamivudine/Nevirapine/Stavudine,Generic,150/200/30mg,Tablet - FDC,60,60000,432000.0,7.2,0.12,"Strides, Bangalore, India.",False,6875.0,6476.695,691.2
2160,12181,112-NG-T01,Pre-PQ Process,SO-10030,DN-840,Nigeria,PMO - US,From RDC,N/A - From RDC,Air,2007-08-03,2008-02-03,2008-08-03,2008-08-03,2008-08-03,ARV,Adult,SCMS from RDC,"Abacavir 300mg, tablets, 60 Tabs",Abacavir,Generic,300mg,Tablet,60,4,105.2,26.3,0.44,Mylan (formerly Matrix) Nashik,False,78.0,10144.765,0.17
2161,12182,112-NG-T01,Pre-PQ Process,SO-10030,DN-840,Nigeria,PMO - US,From RDC,N/A - From RDC,Air,2007-08-03,2008-02-03,2008-08-03,2008-08-03,2008-08-03,ARV,Adult,SCMS from RDC,"Lamivudine/Nevirapine/Stavudine 150/200/30mg, tablets, 60 Tabs",Lamivudine/Nevirapine/Stavudine,Generic,150/200/30mg,Tablet - FDC,60,4685,34669.0,7.4,0.12,"Cipla, Goa, India",False,668.5,10144.765,55.47
2162,12183,105-GY-T01,Pre-PQ Process,SO-11630,DN-841,Guyana,PMO - US,From RDC,N/A - From RDC,Air,2007-07-25,2008-01-25,2008-07-25,2008-07-25,2008-07-25,ARV,Adult,SCMS from RDC,"Nevirapine 200mg, tablets, 60 Tabs",Nevirapine,Generic,200mg,Tablet,60,3710,12614.0,3.4,0.06,"Aurobindo Unit III, India",False,668.5,1924.4650000000001,20.18
2163,12184,110-ZM-T01,Pre-PQ Process,SO-1884,DN-778,Zambia,PMO - US,From RDC,N/A - From RDC,Truck,2007-06-19,2007-12-19,2008-06-19,2008-06-19,2008-06-19,ARV,Pediatric,SCMS from RDC,"Lopinavir/Ritonavir 80/20mg/ml [Kaletra], oral solution, cool, Bottle 5 x 60 ml",Lopinavir/Ritonavir,Kaletra,80/20mg/ml,Oral solution,300,1260,51786.0,41.1,0.14,ABBVIE (Abbott) Logis. UK,True,1185.0,2350.53,82.86
2164,12185,110-ZM-T01,Pre-PQ Process,SO-1883,DN-780,Zambia,PMO - US,From RDC,N/A - From RDC,Truck,2007-06-16,2007-12-16,2008-06-16,2008-06-16,2008-06-16,ARV,Pediatric,SCMS from RDC,"Efavirenz 200mg, capsule, 90 Caps",Efavirenz,Generic,200mg,Capsule,90,3330,53280.0,16.0,0.18,"Aurobindo Unit III, India",True,404.0,2313.55,85.25
2165,12186,106-HT-T01,Pre-PQ Process,SO-2042,DN-682,Haiti,PMO - US,From RDC,N/A - From RDC,Air,2007-03-21,2007-09-21,2008-03-21,2008-03-21,2008-03-21,ARV,Adult,SCMS from RDC,"Stavudine 30mg, capsules, 60 Caps",Stavudine,Generic,30mg,Capsule,60,4305,6543.6,1.52,0.03,"Aurobindo Unit III, India",False,668.5,2946.7200000000003,10.47
2166,12187,106-HT-T01,Pre-PQ Process,SO-2042,DN-682,Haiti,PMO - US,From RDC,N/A - From RDC,Air,2007-03-21,2007-09-21,2008-03-21,2008-03-21,2008-03-21,ARV,Pediatric,SCMS from RDC,"Didanosine 200mg, chewable/dispersible tablets, 60 Tabs",Didanosine,Generic,200mg,Chewable/dispersible tablet,60,75,1162.5,15.5,0.26,"Aurobindo Unit III, India",False,19.0,2946.7200000000003,1.86
2167,12188,106-HT-T01,Pre-PQ Process,SO-2042,DN-682,Haiti,PMO - US,From RDC,N/A - From RDC,Air,2007-03-21,2007-09-21,2008-03-21,2008-03-21,2008-03-21,ARV,Adult,SCMS from RDC,"Abacavir 300mg, tablets, 60 Tabs",Abacavir,Generic,300mg,Tablet,60,190,5230.7,27.53,0.46,Mylan (formerly Matrix) Nashik,False,668.5,2946.7200000000003,8.37
2168,12189,114-UG-T01,Pre-PQ Process,SO-2792,DN-793,Uganda,PMO - US,From RDC,N/A - From RDC,Air,2007-07-22,2008-01-22,2008-07-22,2008-07-22,2008-07-22,ARV,Pediatric,SCMS from RDC,"Zidovudine 10mg/ml, oral solution, Bottle, 240 ml",Zidovudine,Generic,10mg/ml,Oral solution,240,6036,12675.6,2.1,0.01,"Aurobindo Unit III, India",True,2253.0,15923.41,20.28
2169,12191,119-NA-T01,Pre-PQ Process,SO-1970,DN-680,Namibia,PMO - US,From RDC,N/A - From RDC,Air,2007-03-19,2007-09-19,2008-03-19,2008-03-19,2008-03-19,HRDT,HIV test,SCMS from RDC,"HIV 1/2, Clearview Complete Kit, 25 Tests","HIV 1/2, Clearview Complete Kit",Clearview,no_dosage,Test kit,25,229,17175.0,75.0,3.0,Inverness USA,True,140.0,1286.7,27.48
2170,12192,112-NG-T01,Pre-PQ Process,SO-2350,DN-718,Nigeria,PMO - US,From RDC,N/A - From RDC,Air,2007-04-21,2007-10-21,2008-04-21,2008-04-21,2008-04-21,ARV,Pediatric,SCMS from RDC,"Stavudine 1mg/ml, powder for oral solution, 200 ml",Stavudine,Generic,1mg/ml,Oral solution,200,55,77.0,1.4,0.01,"Aurobindo Unit III, India",False,6.0,10144.765,0.12
2171,12195,109-TZ-T01,Pre-PQ Process,SO-1652,DN-637,Tanzania,PMO - US,From RDC,N/A - From RDC,Air,2007-03-28,2007-09-28,2008-03-28,2008-03-28,2008-03-28,ARV,Adult,SCMS from RDC,"Efavirenz 600mg, tablets, 30 Tabs",Efavirenz,Generic,600mg,Tablet,30,17000,211140.0,12.42,0.41,"Aurobindo Unit III, India",True,6007.0,20395.6,337.82
2172,12196,111-MZ-T01,Pre-PQ Process,SO-2423,DN-810,Mozambique,PMO - US,From RDC,N/A - From RDC,Truck,2007-08-07,2008-02-07,2008-08-07,2008-08-07,2008-08-07,ARV,Adult,SCMS from RDC,"Zidovudine 300mg, tablets, 60 Tabs",Zidovudine,Generic,300mg,Tablet,60,7110,57946.5,8.15,0.14,"Aurobindo Unit III, India",False,668.5,5192.68,92.71
2173,12197,110-ZM-T01,Pre-PQ Process,SO-1892,DN-694,Zambia,PMO - US,From RDC,N/A - From RDC,Truck,2007-04-10,2007-10-10,2008-04-10,2008-04-10,2008-04-10,ARV,Adult,SCMS from RDC,"Efavirenz 600mg, tablets, 30 Tabs",Efavirenz,Generic,600mg,Tablet,30,50000,600500.0,12.01,0.4,Mylan (formerly Matrix) Nashik,True,3897.0,15007.8,960.8
2174,12198,111-MZ-T01,Pre-PQ Process,SO-1615,DN-698,Mozambique,PMO - US,From RDC,N/A - From RDC,Air,2007-06-23,2007-12-23,2008-06-23,2008-06-23,2008-06-23,ARV,Adult,SCMS from RDC,"Ritonavir 100mg [Norvir], capsules, cool, 84 Caps",Ritonavir,Norvir,100mg,Capsule,84,360,3452.4,9.59,0.11,ABBVIE (Abbott) Logis. UK,False,46.0,3247.5699999999997,5.52
2175,12199,102-BW-T01,Pre-PQ Process,SO-2041,DN-678,Botswana,PMO - US,From RDC,N/A - From RDC,Truck,2007-03-25,2007-09-25,2008-03-25,2008-03-25,2008-03-25,HRDT,HIV test,SCMS from RDC,"HIV 1/2, Determine HIV Kit, without Lancets, 100 Tests","HIV 1/2, Determine HIV Kit, without Lancets",Determine,no_dosage,Test kit,100,200,14398.0,71.99,0.72,Inverness Japan,True,1693.0,1220.73,23.04
2176,12200,102-BW-T01,Pre-PQ Process,SO-2041,DN-678,Botswana,PMO - US,From RDC,N/A - From RDC,Truck,2007-03-25,2007-09-25,2008-03-25,2008-03-25,2008-03-25,HRDT,HIV test - Ancillary,SCMS from RDC,"HIV, Lancet, Safety, for HIV Test kits, 100 Pcs","HIV, Lancet, Safety, for HIV Test kits, 100 Pcs",Generic,no_dosage,Test kit - Ancillary,100,200,2.0,0.01,0.0,Inverness Japan,False,167.5,610.365,0.0
2177,12201,102-BW-T01,Pre-PQ Process,SO-2041,DN-678,Botswana,PMO - US,From RDC,N/A - From RDC,Truck,2007-03-25,2007-09-25,2008-03-25,2008-03-25,2008-03-25,HRDT,HIV test,SCMS from RDC,"HIV 1/2, Uni-Gold HIV Kit, 20 Tests","HIV 1/2, Uni-Gold HIV Kit",Uni-Gold,no_dosage,Test kit,20,1000,32000.0,32.0,1.6,"Trinity Biotech, Plc",False,342.0,610.365,51.2
2178,12202,102-KE-T01,Pre-PQ Process,SO-1973,DN-697,Kenya,PMO - US,From RDC,N/A - From RDC,Truck,2007-03-30,2007-09-30,2008-03-31,2008-03-31,2008-03-31,HRDT,HIV test,SCMS from RDC,"HIV 1/2, Determine HIV Kit, without Lancets, 100 Tests","HIV 1/2, Determine HIV Kit, without Lancets",Determine,no_dosage,Test kit,100,2000,159980.0,79.99,0.8,Inverness Japan,True,490.0,405.97,255.97
2179,12203,130-NG-T01,Pre-PQ Process,SO-2500,DN-729,Nigeria,PMO - US,From RDC,N/A - From RDC,Air,2007-05-09,2007-11-09,2008-05-09,2008-05-09,2008-05-09,ARV,Adult,SCMS from RDC,"Nevirapine 200mg, tablets, 60 Tabs",Nevirapine,Generic,200mg,Tablet,60,1666,5664.4,3.4,0.06,"Aurobindo Unit III, India",False,668.5,10144.765,9.06
2180,12204,117-ET-T01,Pre-PQ Process,SO-1974,DN-703,Ethiopia,PMO - US,From RDC,N/A - From RDC,Air,2007-04-21,2007-10-21,2008-04-21,2008-04-21,2008-04-21,ARV,Adult,SCMS from RDC,"Nevirapine 200mg, tablets, 60 Tabs",Nevirapine,Generic,200mg,Tablet,60,1440,4896.0,3.4,0.06,Hetero Unit III Hyderabad IN,False,128.0,4672.77,7.83
2181,12205,119-NA-T01,Pre-PQ Process,SO-1929,DN-650,Namibia,PMO - US,From RDC,N/A - From RDC,Air,2007-04-17,2007-10-17,2008-04-17,2008-04-17,2008-04-17,HRDT,HIV test - Ancillary,SCMS from RDC,"HIV, Lancet, Safety, for HIV Test kits, 100 Pcs","HIV, Lancet, Safety, for HIV Test kits, 100 Pcs",Generic,no_dosage,Test kit - Ancillary,100,90,0.9,0.01,0.0,Inverness Japan,False,39.0,2541.8,0.0
2182,12206,119-NA-T01,Pre-PQ Process,SO-1930,DN-651,Namibia,PMO - US,From RDC,N/A - From RDC,Air,2007-03-11,2007-09-11,2008-03-11,2008-03-11,2008-03-11,HRDT,HIV test,SCMS from RDC,"HIV 1/2, Uni-Gold HIV Kit, 20 Tests","HIV 1/2, Uni-Gold HIV Kit",Uni-Gold,no_dosage,Test kit,20,763,24416.0,32.0,1.6,"Trinity Biotech, Plc",True,441.0,6148.1,39.07
2183,12207,102-KE-T01,Pre-PQ Process,SO-2692,DN-760,Kenya,PMO - US,From RDC,N/A - From RDC,Truck,2007-05-26,2007-11-26,2008-05-26,2008-05-26,2008-05-26,HRDT,HIV test,SCMS from RDC,"HIV 1/2, Determine HIV Kit, without Lancets, 100 Tests","HIV 1/2, Determine HIV Kit, without Lancets",Determine,no_dosage,Test kit,100,1000,79990.0,79.99,0.8,Inverness Japan,True,342.0,225.96,127.98
2184,12210,114-UG-T01,Pre-PQ Process,SO-2344,DN-818,Uganda,PMO - US,From RDC,N/A - From RDC,Air,2007-08-21,2008-02-21,2008-08-21,2008-08-21,2008-08-21,ARV,Adult,SCMS from RDC,"Efavirenz 600mg, tablets, 30 Tabs",Efavirenz,Generic,600mg,Tablet,30,1300,15613.0,12.01,0.4,"Aurobindo Unit III, India",False,115.0,2485.92,24.98
2185,12211,106-HT-T01,Pre-PQ Process,SO-23751,DN-1145,Haiti,PMO - US,From RDC,N/A - From RDC,Air,2008-03-30,2008-09-30,2009-03-31,2009-03-31,2009-03-31,ARV,Pediatric,SCMS from RDC,"Efavirenz 50mg, capsule, 30 Caps",Efavirenz,Generic,50mg,Capsule,30,1446,3239.04,2.24,0.07,"Aurobindo Unit III, India",True,83.0,1608.72,6.35
2186,12212,113-ZW-T01,Pre-PQ Process,SO-13991,DN-1015,Zimbabwe,PMO - US,From RDC,N/A - From RDC,Truck,2007-11-19,2008-05-19,2008-11-19,2008-11-19,2008-11-19,ARV,Adult,SCMS from RDC,"Efavirenz 600mg, tablets, 30 Tabs",Efavirenz,Generic,600mg,Tablet,30,4000,48040.0,12.01,0.4,"Aurobindo Unit III, India",False,810.0,6721.705,94.16
2187,12213,104-CI-T01,Pre-PQ Process,SO-19330,DN-1031,Côte d'Ivoire,PMO - US,From RDC,N/A - From RDC,Air,2008-01-05,2008-07-05,2009-01-05,2009-01-05,2009-01-05,ARV,Adult,SCMS from RDC,"Lamivudine/Zidovudine 150/300mg, tablets, 60 Tabs",Lamivudine/Zidovudine,Generic,150/300mg,Tablet - FDC,60,27224,254544.4,9.35,0.16,"Aurobindo Unit III, India",True,2506.0,23382.04,498.91
2188,12214,104-CI-T01,Pre-PQ Process,SO-16200,DN-1046,Côte d'Ivoire,PMO - US,From RDC,N/A - From RDC,Air,2008-02-10,2008-08-10,2009-02-10,2009-02-10,2009-02-10,ARV,Adult,SCMS from RDC,"Lamivudine/Stavudine 150/30mg, tablets, 60 Tabs",Lamivudine/Stavudine,Generic,150/30mg,Tablet - FDC,60,21360,83304.0,3.9,0.06,Mylan (formerly Matrix) Nashik,True,1567.0,21821.95,163.28
2189,12215,104-CI-T01,Pre-PQ Process,SO-16210,DN-1047,Côte d'Ivoire,PMO - US,From RDC,N/A - From RDC,Air,2008-01-19,2008-07-19,2009-01-19,2009-01-19,2009-01-19,ARV,Adult,SCMS from RDC,"Lamivudine/Nevirapine/Zidovudine 150/200/300mg, tablets, 60 Tabs",Lamivudine/Nevirapine/Zidovudine,Generic,150/300/200mg,Tablet - FDC,60,10000,118000.0,11.8,0.2,"Aurobindo Unit III, India",True,1456.0,5048.32,231.28
2190,12216,114-UG-T01,Pre-PQ Process,SO-17760,DN-1143,Uganda,PMO - US,From RDC,N/A - From RDC,Air,2008-04-02,2008-10-02,2009-04-02,2009-04-02,2009-04-02,ARV,Adult,SCMS from RDC,"Efavirenz 600mg, tablets, 30 Tabs",Efavirenz,Generic,600mg,Tablet,30,3713,40843.0,11.0,0.37,"Aurobindo Unit III, India",False,668.5,2485.92,80.05
2191,12218,102-KE-T01,Pre-PQ Process,SO-11430,DN-964,Kenya,PMO - US,From RDC,N/A - From RDC,Truck,2007-10-21,2008-04-21,2008-10-21,2008-10-21,2008-10-21,HRDT,HIV test,SCMS from RDC,"HIV 1/2, Determine HIV Kit, without Lancets, 100 Tests","HIV 1/2, Determine HIV Kit, without Lancets",Determine,no_dosage,Test kit,100,5000,399950.0,79.99,0.8,Inverness Japan,False,1558.0,225.96,783.9
2192,12219,114-UG-T01,Pre-PQ Process,SO-17750,DN-1083,Uganda,PMO - US,From RDC,N/A - From RDC,Air,2008-03-03,2008-09-03,2009-03-03,2009-03-03,2009-03-03,ARV,Adult,SCMS from RDC,"Emtricitabine/Tenofovir Disoproxil Fumarate 200/300mg [Truvada], tablets, 30 Tabs",Emtricitabine/Tenofovir Disoproxil Fumarate,Truvada,300/200mg,Tablet - FDC,30,1166,30607.5,26.25,0.88,"Aspen-OSD, Port Elizabeth, SA",True,145.0,1742.25,59.99
2193,12220,114-UG-T01,Pre-PQ Process,SO-17750,DN-1083,Uganda,PMO - US,From RDC,N/A - From RDC,Air,2008-03-03,2008-09-03,2009-03-03,2009-03-03,2009-03-03,ARV,Adult,SCMS from RDC,"Lamivudine/Nevirapine/Zidovudine 150/200/300mg, tablets, 60 Tabs",Lamivudine/Nevirapine/Zidovudine,Generic,150/300/200mg,Tablet - FDC,60,312,3681.6,11.8,0.2,"Aurobindo Unit III, India",False,80.0,2485.92,7.22
2194,12222,126-NG-T01,Pre-PQ Process,SO-10800,DN-872,Nigeria,PMO - US,From RDC,N/A - From RDC,Air,2007-08-18,2008-02-18,2008-08-18,2008-08-18,2008-08-18,ARV,Adult,SCMS from RDC,"Lamivudine 150mg, tablets, 60 Tabs",Lamivudine,Generic,150mg,Tablet,60,1300,3770.0,2.9,0.05,"Aurobindo Unit III, India",True,65.0,1020.98,6.03
2195,12224,132-NG-T01,Pre-PQ Process,SO-2707,DN-921,Nigeria,PMO - US,From RDC,N/A - From RDC,Air,2007-09-28,2008-03-28,2008-09-28,2008-09-28,2008-09-28,ARV,Adult,SCMS from RDC,"Emtricitabine/Tenofovir Disoproxil Fumarate 200/300mg [Truvada], tablets, 30 Tabs",Emtricitabine/Tenofovir Disoproxil Fumarate,Truvada,300/200mg,Tablet - FDC,30,45000,1181250.0,26.25,0.88,"Aspen-OSD, Port Elizabeth, SA",False,4688.0,10144.765,1890.0
2196,12225,110-ZM-T01,Pre-PQ Process,SO-2476,DN-864,Zambia,PMO - US,From RDC,N/A - From RDC,Air,2007-08-27,2008-02-27,2008-08-27,2008-08-27,2008-08-27,ARV,Adult,SCMS from RDC,"Nevirapine 200mg, tablets, 60 Tabs",Nevirapine,Generic,200mg,Tablet,60,39068,132831.2,3.4,0.06,Hetero Unit III Hyderabad IN,True,4510.0,3540.35,212.53
2197,12228,132-NG-T01,Pre-PQ Process,SO-15540,DN-939,Nigeria,PMO - US,From RDC,N/A - From RDC,Air,2007-09-28,2008-03-28,2008-09-28,2008-09-28,2008-09-28,ARV,Adult,SCMS from RDC,"Emtricitabine/Tenofovir Disoproxil Fumarate 200/300mg [Truvada], tablets, 30 Tabs",Emtricitabine/Tenofovir Disoproxil Fumarate,Truvada,300/200mg,Tablet - FDC,30,45000,1181250.0,26.25,0.88,"Aspen-OSD, Port Elizabeth, SA",True,3951.0,11584.54,1890.0
2198,12230,111-MZ-T01,Pre-PQ Process,SO-15080,DN-1034,Mozambique,PMO - US,From RDC,N/A - From RDC,Air,2008-02-21,2008-08-21,2009-02-21,2009-02-21,2009-02-21,ARV,Adult,SCMS from RDC,"Lamivudine/Stavudine 150/30mg, tablets, 60 Tabs",Lamivudine/Stavudine,Generic,150/30mg,Tablet - FDC,60,27150,105885.0,3.9,0.06,Mylan (formerly Matrix) Nashik,False,668.5,3247.5699999999997,207.53
2199,12231,111-MZ-T01,Pre-PQ Process,SO-15080,DN-1034,Mozambique,PMO - US,From RDC,N/A - From RDC,Air,2008-02-21,2008-08-21,2009-02-21,2009-02-21,2009-02-21,ARV,Adult,SCMS from RDC,"Nevirapine 200mg, tablets, 60 Tabs",Nevirapine,Generic,200mg,Tablet,60,6,19.2,3.2,0.05,Hetero Unit III Hyderabad IN,False,9.0,3247.5699999999997,0.04
2200,12232,113-ZW-T01,Pre-PQ Process,SO-14000,DN-1044,Zimbabwe,PMO - US,From RDC,N/A - From RDC,Truck,2008-02-16,2008-08-16,2009-02-16,2009-02-16,2009-02-16,ARV,Adult,SCMS from RDC,"Lamivudine/Stavudine 150/30mg, tablets, 30 Tabs",Lamivudine/Stavudine,Generic,150/30mg,Tablet - FDC,30,8000,16000.0,2.0,0.07,"Cipla, Goa, India",False,1023.0,6721.705,31.36
2201,12233,110-ZM-T01,Pre-PQ Process,SO-2477,DN-854,Zambia,PMO - US,From RDC,N/A - From RDC,Truck,2007-08-20,2008-02-20,2008-08-20,2008-08-20,2008-08-20,ARV,Pediatric,SCMS from RDC,"Didanosine 100mg, chewable/dispersible tablets, 60 Tabs",Didanosine,Generic,100mg,Chewable/dispersible tablet,60,3600,27900.0,7.75,0.13,"Aurobindo Unit III, India",True,750.0,813.75,44.64
2202,12234,110-ZM-T01,Pre-PQ Process,SO-2480,DN-855,Zambia,PMO - US,From RDC,N/A - From RDC,Truck,2007-08-20,2008-02-20,2008-08-20,2008-08-20,2008-08-20,ARV,Adult,SCMS from RDC,"Efavirenz 600mg, tablets, 30 Tabs",Efavirenz,Generic,600mg,Tablet,30,50000,600500.0,12.01,0.4,Mylan (formerly Matrix) Nashik,True,3841.0,3558.49,960.8
2203,12235,111-MZ-T01,Pre-PQ Process,SO-2524,DN-858,Mozambique,PMO - US,From RDC,N/A - From RDC,Truck,2007-09-05,2008-03-05,2008-09-05,2008-09-05,2008-09-05,ARV,Adult,SCMS from RDC,"Lamivudine/Nevirapine/Stavudine 150/200/30mg, tablets, 60 Tabs",Lamivudine/Nevirapine/Stavudine,Generic,150/200/30mg,Tablet - FDC,60,76128,548121.6,7.2,0.12,"Strides, Bangalore, India.",False,668.5,0.0,876.99
2204,12236,112-NG-T01,Pre-PQ Process,SO-11031,DN-901,Nigeria,PMO - US,From RDC,N/A - From RDC,Air,2007-09-10,2008-03-10,2008-09-10,2008-09-10,2008-09-10,ARV,Adult,SCMS from RDC,"Tenofovir Disoproxil Fumarate 300mg, tablets, 30 Tabs",Tenofovir Disoproxil Fumarate,Generic,300mg,Tablet,30,196,2677.36,13.66,0.46,Mylan (formerly Matrix) Nashik,True,12.0,900.0,4.28
2205,12237,117-ET-T01,Pre-PQ Process,SO-21990,DN-1051,Ethiopia,PMO - US,From RDC,N/A - From RDC,Air,2008-02-03,2008-08-03,2009-02-03,2009-02-03,2009-02-03,ARV,Adult,SCMS from RDC,"Lamivudine/Nevirapine/Stavudine 150/200/30mg, tablets, 60 Tabs",Lamivudine/Nevirapine/Stavudine,Generic,150/200/30mg,Tablet - FDC,60,22918,163176.16,7.12,0.12,"Strides, Bangalore, India.",True,1689.0,9189.57,319.83
2206,12238,109-TZ-T01,Pre-PQ Process,SO-18722,DN-1075,Tanzania,PMO - US,From RDC,N/A - From RDC,Truck,2008-03-09,2008-09-09,2009-03-09,2009-03-09,2009-03-09,ARV,Adult,SCMS from RDC,"Tenofovir Disoproxil Fumarate 300mg [Viread], tablets, 30 Tabs",Tenofovir Disoproxil Fumarate,Viread,300mg,Tablet,30,883,15011.0,17.0,0.57,"Aspen-OSD, Port Elizabeth, SA",True,70.0,1169.9,29.42
2207,12242,104-CI-T01,Pre-PQ Process,SO-21841,DN-1098,Côte d'Ivoire,PMO - US,From RDC,N/A - From RDC,Air,2008-02-27,2008-08-27,2009-02-27,2009-02-27,2009-02-27,ARV,Pediatric,SCMS from RDC,"Nevirapine 10mg/ml, oral suspension, Bottle, 240 ml",Nevirapine,Generic,10mg/ml,Oral suspension,240,2976,5713.92,1.92,0.01,"Aurobindo Unit III, India",True,209.0,5463.97,11.2
2208,12243,123-NG-T01,Pre-PQ Process,SO-22590,DN-1065,Nigeria,PMO - US,From RDC,N/A - From RDC,Air,2008-02-03,2008-08-03,2009-02-03,2009-02-03,2009-02-03,ARV,Adult,SCMS from RDC,"Efavirenz 600mg, tablets, 30 Tabs",Efavirenz,Generic,600mg,Tablet,30,11527,135096.44,11.72,0.39,"Aurobindo Unit III, India",True,983.0,0.0,264.79
2209,12244,510-KE-T01,Pre-PQ Process,SO-12700,DN-880,Kenya,PMO - US,From RDC,N/A - From RDC,Truck,2007-08-08,2008-02-08,2008-08-08,2008-08-08,2008-08-08,HRDT,HIV test,SCMS from RDC,"HIV 1/2, Uni-Gold HIV Kit, 20 Tests","HIV 1/2, Uni-Gold HIV Kit",Uni-Gold,no_dosage,Test kit,20,168,5376.0,32.0,1.6,"Trinity Biotech, Plc",True,56.0,167.44,8.6
2210,12245,123-NG-T01,Pre-PQ Process,SO-19070,DN-1039,Nigeria,PMO - US,From RDC,N/A - From RDC,Air,2008-02-16,2008-08-16,2009-02-16,2009-01-19,2009-01-19,ARV,Adult,SCMS from RDC,"Stavudine 30mg, capsules, 60 Caps",Stavudine,Generic,30mg,Capsule,60,4124,6392.2,1.55,0.03,"Aurobindo Unit III, India",True,273.0,7363.74,12.53
2211,12246,112-NG-T01,Pre-PQ Process,SO-2728,DN-917,Nigeria,PMO - US,From RDC,N/A - From RDC,Air,2007-09-24,2008-03-24,2008-09-24,2008-09-24,2008-09-24,ARV,Adult,SCMS from RDC,"Stavudine 30mg, capsules, 60 Caps",Stavudine,Generic,30mg,Capsule,60,903,1399.65,1.55,0.03,"Aurobindo Unit III, India",False,57.0,10144.765,2.24
2212,12247,106-HT-T01,Pre-PQ Process,SO-15930,DN-944,Haiti,PMO - US,From RDC,N/A - From RDC,Air,2007-11-04,2008-05-04,2008-11-04,2008-11-04,2008-11-04,ARV,Adult,SCMS from RDC,"Stavudine 20mg, capsules, 60 Caps",Stavudine,Generic,20mg,Capsule,60,500,875.0,1.75,0.03,"Aurobindo Unit III, India",False,83.0,2946.7200000000003,1.72
2213,12248,110-ZM-T01,Pre-PQ Process,SO-2544,DN-1056,Zambia,PMO - US,From RDC,N/A - From RDC,Truck,2008-02-16,2008-08-16,2009-02-16,2009-02-16,2009-02-16,ARV,Adult,SCMS from RDC,"Emtricitabine/Tenofovir Disoproxil Fumarate 200/300mg [Truvada], tablets, 30 Tabs",Emtricitabine/Tenofovir Disoproxil Fumarate,Truvada,300/200mg,Tablet - FDC,30,100000,2625000.0,26.25,0.88,"Aspen-OSD, Port Elizabeth, SA",True,9000.0,14036.31,5145.0
2214,12249,130-NG-T01,Pre-PQ Process,SO-10540,DN-844,Nigeria,PMO - US,From RDC,N/A - From RDC,Air,2007-07-24,2008-01-24,2008-07-24,2008-07-24,2008-07-24,ARV,Adult,SCMS from RDC,"Efavirenz 600mg, tablets, 30 Tabs",Efavirenz,Generic,600mg,Tablet,30,1030,12071.6,11.72,0.39,"Aurobindo Unit III, India",True,251.0,1960.81,19.31
2215,12250,126-NG-T01,Pre-PQ Process,SO-10750,DN-846,Nigeria,PMO - US,From RDC,N/A - From RDC,Air,2007-07-24,2008-01-24,2008-07-24,2008-07-24,2008-07-24,ARV,Adult,SCMS from RDC,"Zidovudine 300mg, tablets, 60 Tabs",Zidovudine,Generic,300mg,Tablet,60,4500,36000.0,8.0,0.13,"Aurobindo Unit III, India",False,380.0,10144.765,57.6
2216,12251,151-NG-T01,Pre-PQ Process,SO-21809,DN-1156,Nigeria,PMO - US,From RDC,N/A - From RDC,Air Charter,2008-05-08,2008-11-08,2009-05-08,2009-05-08,2009-05-08,ARV,Adult,SCMS from RDC,"Lamivudine/Nevirapine/Zidovudine 150/200/300mg, tablets, 60 Tabs",Lamivudine/Nevirapine/Zidovudine,Generic,150/300/200mg,Tablet - FDC,60,26616,303422.4,11.4,0.19,"Aurobindo Unit III, India",True,2993.0,15128.37,594.71
2217,12252,114-UG-T01,Pre-PQ Process,SO-17900,DN-987,Uganda,PMO - US,From RDC,N/A - From RDC,Air,2008-01-06,2008-07-06,2009-01-06,2009-01-06,2009-01-06,ARV,Adult,SCMS from RDC,"Lamivudine/Nevirapine/Zidovudine 150/200/300mg, tablets, 60 Tabs",Lamivudine/Nevirapine/Zidovudine,Generic,150/300/200mg,Tablet - FDC,60,5131,60545.8,11.8,0.2,"Aurobindo Unit III, India",True,691.0,8252.73,118.67
2218,12253,114-UG-T01,Pre-PQ Process,SO-17900,DN-987,Uganda,PMO - US,From RDC,N/A - From RDC,Air,2008-01-06,2008-07-06,2009-01-06,2009-01-06,2009-01-06,ARV,Adult,SCMS from RDC,"Lamivudine/Stavudine 150/30mg, tablets, 30 Tabs",Lamivudine/Stavudine,Generic,150/30mg,Tablet - FDC,30,1082,2164.0,2.0,0.07,"Cipla, Goa, India",False,2228.0,2485.92,4.24
2219,12254,109-TZ-T01,Pre-PQ Process,SO-2565,DN-853,Tanzania,PMO - US,From RDC,N/A - From RDC,Air,2007-08-29,2008-02-29,2008-08-29,2008-08-29,2008-08-29,ARV,Adult,SCMS from RDC,"Lamivudine/Nevirapine/Stavudine 150/200/30mg, tablets, 60 Tabs",Lamivudine/Nevirapine/Stavudine,Generic,150/200/30mg,Tablet - FDC,60,60332,446456.8,7.4,0.12,"Cipla, Goa, India",False,668.5,8925.0,714.33
2220,12255,117-ET-T01,Pre-PQ Process,SO-22000,DN-1060,Ethiopia,PMO - US,From RDC,N/A - From RDC,Air,2008-02-18,2008-08-18,2009-02-18,2009-02-18,2009-02-18,ARV,Adult,SCMS from RDC,"Lamivudine/Stavudine 150/30mg, tablets, 60 Tabs",Lamivudine/Stavudine,Generic,150/30mg,Tablet - FDC,60,27000,102600.0,3.8,0.06,Mylan (formerly Matrix) Nashik,False,668.5,4672.77,201.1
2221,12256,117-ET-T01,Pre-PQ Process,SO-22030,DN-1062,Ethiopia,PMO - US,From RDC,N/A - From RDC,Air,2008-03-04,2008-09-04,2009-03-04,2009-03-04,2009-03-04,ARV,Adult,SCMS from RDC,"Lamivudine/Nevirapine/Stavudine 150/200/30mg, tablets, 60 Tabs",Lamivudine/Nevirapine/Stavudine,Generic,150/200/30mg,Tablet - FDC,60,107556,765798.72,7.12,0.12,"Cipla, Goa, India",True,14450.0,14144.68,1500.97
2222,12257,123-NG-T01,Pre-PQ Process,SO-2554,DN-960,Nigeria,PMO - US,From RDC,N/A - From RDC,Air,2007-10-30,2008-04-30,2008-10-30,2008-10-30,2008-10-30,ARV,Adult,SCMS from RDC,"Zidovudine 300mg, tablets, 60 Tabs",Zidovudine,Generic,300mg,Tablet,60,5641,45974.15,8.15,0.14,"Aurobindo Unit III, India",False,668.5,10144.765,90.11
2223,12258,123-NG-T01,Pre-PQ Process,SO-2554,DN-960,Nigeria,PMO - US,From RDC,N/A - From RDC,Air,2007-10-30,2008-04-30,2008-10-30,2008-10-30,2008-10-30,ARV,Adult,SCMS from RDC,"Efavirenz 600mg, tablets, 30 Tabs",Efavirenz,Generic,600mg,Tablet,30,11527,138439.27,12.01,0.4,"Aurobindo Unit III, India",False,1488.5,10144.765,271.34
2224,12259,123-NG-T01,Pre-PQ Process,SO-11232,DN-958,Nigeria,PMO - US,From RDC,N/A - From RDC,Air,2007-10-30,2008-04-30,2008-10-31,2008-10-31,2008-10-31,ARV,Adult,SCMS from RDC,"Lopinavir/Ritonavir 200/50mg [Aluvia], tablets, 120 Tabs",Lopinavir/Ritonavir,Aluvia,200/50mg,Tablet,120,2034,83597.4,41.1,0.34,ABBVIE Ludwigshafen Germany,False,937.0,10144.765,163.85
2225,12260,123-NG-T01,Pre-PQ Process,SO-19070,DN-1080,Nigeria,PMO - US,From RDC,N/A - From RDC,Air,2008-02-16,2008-08-16,2009-02-16,2009-02-16,2009-02-16,ARV,Adult,SCMS from RDC,"Efavirenz 600mg, tablets, 30 Tabs",Efavirenz,Generic,600mg,Tablet,30,13473,148203.0,11.0,0.37,"Aurobindo Unit III, India",True,1146.0,3680.33,290.48
2226,12261,112-NG-T01,Pre-PQ Process,SO-20960,DN-1124,Nigeria,PMO - US,From RDC,N/A - From RDC,Air Charter,2008-03-19,2008-09-19,2009-03-19,2009-03-19,2009-03-19,ARV,Adult,SCMS from RDC,"Stavudine 30mg, capsules, 60 Caps",Stavudine,Generic,30mg,Capsule,60,1033,1601.15,1.55,0.03,"Aurobindo Unit III, India",False,52.0,12601.07,3.14
2227,12264,151-NG-T01,Pre-PQ Process,SO-21783,DN-1131,Nigeria,PMO - US,From RDC,N/A - From RDC,Air,2008-03-24,2008-09-24,2009-03-24,2009-03-24,2009-03-24,ARV,Adult,SCMS from RDC,"Emtricitabine/Tenofovir Disoproxil Fumarate 200/300mg [Truvada], tablets, 30 Tabs",Emtricitabine/Tenofovir Disoproxil Fumarate,Truvada,300/200mg,Tablet - FDC,30,662,17377.5,26.25,0.88,"Aspen-OSD, Port Elizabeth, SA",True,62.0,6443.61,34.06
2228,12265,151-NG-T01,Pre-PQ Process,SO-21802,DN-1136,Nigeria,PMO - US,From RDC,N/A - From RDC,Air Charter,2008-03-19,2008-09-19,2009-03-19,2009-03-19,2009-03-19,ARV,Adult,SCMS from RDC,"Lamivudine/Nevirapine/Zidovudine 150/200/300mg, tablets, 60 Tabs",Lamivudine/Nevirapine/Zidovudine,Generic,150/300/200mg,Tablet - FDC,60,11661,132935.4,11.4,0.19,"Aurobindo Unit III, India",True,1311.0,11492.86,260.55
2229,12266,151-NG-T01,Pre-PQ Process,SO-21804,DN-1138,Nigeria,PMO - US,From RDC,N/A - From RDC,Air Charter,2008-03-19,2008-09-19,2009-03-19,2009-03-19,2009-03-19,ARV,Adult,SCMS from RDC,"Lamivudine/Nevirapine/Zidovudine 150/200/300mg, tablets, 60 Tabs",Lamivudine/Nevirapine/Zidovudine,Generic,150/300/200mg,Tablet - FDC,60,370,4218.0,11.4,0.19,"Aurobindo Unit III, India",True,42.0,0.0,8.27
2230,12267,117-ET-T01,Pre-PQ Process,SO-22190,DN-1091,Ethiopia,PMO - US,From RDC,N/A - From RDC,Air,2008-02-18,2008-08-18,2009-02-18,2009-02-18,2009-02-18,ARV,Adult,SCMS from RDC,"Lamivudine/Zidovudine 150/300mg, tablets, 60 Tabs",Lamivudine/Zidovudine,Generic,150/300mg,Tablet - FDC,60,5000,43800.0,8.76,0.15,Mylan (formerly Matrix) Nashik,True,403.0,1719.65,85.85
2231,12269,111-MZ-T01,Pre-PQ Process,SO-15090,DN-933,Mozambique,PMO - US,From RDC,N/A - From RDC,Air,2007-11-14,2008-05-14,2008-11-14,2008-11-14,2008-11-14,ARV,Adult,SCMS from RDC,"Nevirapine 200mg, tablets, 60 Tabs",Nevirapine,Generic,200mg,Tablet,60,11550,36960.0,3.2,0.05,Hetero Unit III Hyderabad IN,False,668.5,3247.5699999999997,59.14
2232,12270,104-CI-T01,Pre-PQ Process,SO-970,DN-1163,Côte d'Ivoire,PMO - US,From RDC,N/A - From RDC,Air,2008-03-23,2008-09-23,2009-03-23,2009-03-23,2009-03-23,ARV,Pediatric,SCMS from RDC,"Lopinavir/Ritonavir 80/20mg/ml [Kaletra], oral solution, cool, Bottle 5 x 60 ml",Lopinavir/Ritonavir,Kaletra,80/20mg/ml,Oral solution,300,126,5178.6,41.1,0.14,ABBVIE (Abbott) Logis. UK,False,668.5,4063.81,10.15
2233,12271,123-NG-T01,Pre-PQ Process,SO-22830,DN-1166,Nigeria,PMO - US,From RDC,N/A - From RDC,Air Charter,2008-05-08,2008-11-08,2009-05-08,2009-05-08,2009-05-08,ARV,Adult,SCMS from RDC,"Efavirenz 600mg, tablets, 30 Tabs",Efavirenz,Generic,600mg,Tablet,30,25000,275000.0,11.0,0.37,"Aurobindo Unit III, India",True,2267.0,15128.37,539.0
2234,12272,111-MZ-T01,Pre-PQ Process,SO-27430,DN-1177,Mozambique,PMO - US,From RDC,N/A - From RDC,Air,2008-05-15,2008-11-15,2009-05-15,2009-05-15,2009-05-15,ARV,Adult,SCMS from RDC,"Stavudine 30mg, capsules, 60 Caps",Stavudine,Generic,30mg,Capsule,60,630,976.5,1.55,0.03,"Aurobindo Unit III, India",True,42.0,1217.37,1.91
2235,12273,109-TZ-T01,Pre-PQ Process,SO-18740,DN-1180,Tanzania,PMO - US,From RDC,N/A - From RDC,Truck,2008-05-11,2008-11-11,2009-05-11,2009-05-11,2009-05-11,ARV,Adult,SCMS from RDC,"Emtricitabine/Tenofovir Disoproxil Fumarate 200/300mg [Truvada], tablets, 30 Tabs",Emtricitabine/Tenofovir Disoproxil Fumarate,Truvada,300/200mg,Tablet - FDC,30,20240,531300.0,26.25,0.88,"Aspen-OSD, Port Elizabeth, SA",False,668.5,3623.2,1041.35
2236,12276,113-ZW-T01,Pre-PQ Process,SO-18111,DN-1214,Zimbabwe,PMO - US,From RDC,N/A - From RDC,Air,2008-05-12,2008-11-12,2009-05-12,2009-05-12,2009-05-12,ARV,Adult,SCMS from RDC,"Lamivudine/Stavudine 150/30mg, tablets, 60 Tabs",Lamivudine/Stavudine,Generic,150/30mg,Tablet - FDC,60,4000,16000.0,4.0,0.07,"Cipla, Goa, India",True,305.0,2698.04,31.36
2237,12277,111-MZ-T01,Pre-PQ Process,SO-28550,DN-1215,Mozambique,PMO - US,From RDC,N/A - From RDC,Air,2008-06-28,2008-12-28,2009-06-28,2009-06-28,2009-06-28,ARV,Adult,SCMS from RDC,"Lamivudine/Nevirapine/Stavudine 150/200/30mg, tablets, 60 Tabs",Lamivudine/Nevirapine/Stavudine,Generic,150/200/30mg,Tablet - FDC,60,17618,126849.6,7.2,0.12,"Cipla, Goa, India",False,668.5,3247.5699999999997,248.63
2238,12278,151-NG-T01,Pre-PQ Process,SO-30021,DN-1217,Nigeria,PMO - US,From RDC,N/A - From RDC,Air Charter,2008-05-08,2008-11-08,2009-05-08,2009-05-08,2009-05-08,ARV,Adult,SCMS from RDC,"Emtricitabine/Tenofovir Disoproxil Fumarate 200/300mg [Truvada], tablets, 30 Tabs",Emtricitabine/Tenofovir Disoproxil Fumarate,Truvada,300/200mg,Tablet - FDC,30,27439,720273.75,26.25,0.88,"Aspen-OSD, Port Elizabeth, SA",True,2561.0,15128.47,1411.74
2239,12279,106-HT-T01,Pre-PQ Process,SO-24841,DN-1219,Haiti,PMO - US,From RDC,N/A - From RDC,Air,2008-05-22,2008-11-22,2009-05-22,2009-05-22,2009-05-22,ARV,Adult,SCMS from RDC,"Efavirenz 600mg, tablets, 30 Tabs",Efavirenz,Generic,600mg,Tablet,30,7323,71179.56,9.72,0.32,"Aurobindo Unit III, India",True,631.0,7584.12,139.51
2240,12280,106-HT-T01,Pre-PQ Process,SO-24840,DN-1221,Haiti,PMO - US,From RDC,N/A - From RDC,Air,2008-05-22,2008-11-22,2009-05-22,2009-05-22,2009-05-22,ARV,Adult,SCMS from RDC,"Efavirenz 600mg, tablets, 30 Tabs",Efavirenz,Generic,600mg,Tablet,30,10065,97831.8,9.72,0.32,"Aurobindo Unit III, India",False,668.5,2946.7200000000003,191.75
2241,12281,114-UG-T01,Pre-PQ Process,SO-26160,DN-1225,Uganda,PMO - US,From RDC,N/A - From RDC,Air,2008-05-22,2008-11-22,2009-05-22,2009-05-22,2009-05-22,ARV,Adult,SCMS from RDC,"Stavudine 30mg, capsules, 60 Caps",Stavudine,Generic,30mg,Capsule,60,60,89.4,1.49,0.02,"Aurobindo Unit III, India",True,4.0,526.41,0.18
2242,12282,110-ZM-T01,Pre-PQ Process,SO-17611,DN-1228,Zambia,PMO - US,From RDC,N/A - From RDC,Truck,2008-06-08,2008-12-08,2009-06-08,2009-06-08,2009-06-08,ARV,Adult,SCMS from RDC,"Efavirenz 600mg, tablets, 30 Tabs",Efavirenz,Generic,600mg,Tablet,30,11546,127006.0,11.0,0.37,Mylan (formerly Matrix) Nashik,False,668.5,6476.695,248.93
2243,12283,104-CI-T01,Pre-PQ Process,SO-27520,DN-1234,Côte d'Ivoire,PMO - US,From RDC,N/A - From RDC,Air,2008-06-11,2008-12-11,2009-06-11,2009-06-11,2009-06-11,ARV,Adult,SCMS from RDC,"Zidovudine 300mg, tablets, 60 Tabs",Zidovudine,Generic,300mg,Tablet,60,10000,77100.0,7.71,0.13,"Aurobindo Unit III, India",False,1097.5,4063.81,151.12
2244,12284,104-CI-T01,Pre-PQ Process,SO-27520,DN-1234,Côte d'Ivoire,PMO - US,From RDC,N/A - From RDC,Air,2008-06-11,2008-12-11,2009-06-11,2009-06-11,2009-06-11,ARV,Adult,SCMS from RDC,"Lamivudine/Nevirapine/Zidovudine 150/200/300mg, tablets, 60 Tabs",Lamivudine/Nevirapine/Zidovudine,Generic,150/300/200mg,Tablet - FDC,60,15000,173400.0,11.56,0.19,"Aurobindo Unit III, India",False,1442.0,4063.81,339.86
2245,12286,112-NG-T01,Pre-PQ Process,SO-21050,DN-1244,Nigeria,PMO - US,From RDC,N/A - From RDC,Air Charter,2008-06-16,2008-12-16,2009-06-16,2009-06-16,2009-06-16,ARV,Adult,SCMS from RDC,"Lamivudine 150mg, tablets, 60 Tabs",Lamivudine,Generic,150mg,Tablet,60,1140,3306.0,2.9,0.05,"Aurobindo Unit III, India",False,668.5,12601.07,6.48
2246,12289,112-NG-T01,Pre-PQ Process,SO-21052,DN-1257,Nigeria,PMO - US,From RDC,N/A - From RDC,Air,2008-06-05,2008-12-05,2009-06-05,2009-06-05,2009-06-05,ARV,Adult,SCMS from RDC,"Lamivudine/Zidovudine 150/300mg, tablets, 60 Tabs",Lamivudine/Zidovudine,Generic,150/300mg,Tablet - FDC,60,1747,15303.72,8.76,0.15,Mylan (formerly Matrix) Nashik,True,148.0,1012.18,30.0
2247,12290,123-NG-T01,Pre-PQ Process,SO-24482,DN-1263,Nigeria,PMO - US,From RDC,N/A - From RDC,Air Charter,2008-06-16,2008-12-16,2009-06-16,2009-06-16,2009-06-16,ARV,Adult,SCMS from RDC,"Lamivudine/Nevirapine/Stavudine 150/200/30mg, tablets, 60 Tabs",Lamivudine/Nevirapine/Stavudine,Generic,150/200/30mg,Tablet - FDC,60,3235,23033.2,7.12,0.12,"Cipla, Goa, India",False,668.5,12601.07,45.15
2248,12293,102-KE-T01,Pre-PQ Process,SO-27850,DN-1275,Kenya,PMO - US,From RDC,N/A - From RDC,Air,2008-05-28,2008-11-28,2009-05-28,2009-05-28,2009-05-28,HRDT,HIV test,SCMS from RDC,"HIV 1/2, Uni-Gold HIV Kit, 20 Tests","HIV 1/2, Uni-Gold HIV Kit",Uni-Gold,no_dosage,Test kit,20,2500,80000.0,32.0,1.6,"Trinity Biotech, Plc",True,851.0,13058.07,156.8
2249,12294,106-HT-T01,Pre-PQ Process,SO-24832,DN-1278,Haiti,PMO - US,From RDC,N/A - From RDC,Air,2008-06-18,2008-12-18,2009-06-18,2009-06-18,2009-06-18,ARV,Pediatric,SCMS from RDC,"Efavirenz 50mg, capsule, 30 Caps",Efavirenz,Generic,50mg,Capsule,30,1428,3198.72,2.24,0.07,"Aurobindo Unit III, India",True,83.0,7789.85,6.27
2250,12295,151-NG-T01,Pre-PQ Process,SO-30022,DN-1290,Nigeria,PMO - US,From RDC,N/A - From RDC,Air Charter,2008-06-16,2008-12-16,2009-06-16,2009-06-16,2009-06-16,ARV,Adult,SCMS from RDC,"Emtricitabine/Tenofovir Disoproxil Fumarate 200/300mg [Truvada], tablets, 30 Tabs",Emtricitabine/Tenofovir Disoproxil Fumarate,Truvada,300/200mg,Tablet - FDC,30,24269,637061.25,26.25,0.88,"Aspen-OSD, Port Elizabeth, SA",True,2094.0,7329.83,1248.64
2251,12296,114-UG-T01,Pre-PQ Process,SO-26170,DN-1293,Uganda,PMO - US,From RDC,N/A - From RDC,Air,2008-06-29,2008-12-29,2009-06-29,2009-06-29,2009-06-29,ARV,Adult,SCMS from RDC,"Lamivudine/Nevirapine/Zidovudine 150/200/300mg, tablets, 60 Tabs",Lamivudine/Nevirapine/Zidovudine,Generic,150/300/200mg,Tablet - FDC,60,10372,119900.32,11.56,0.19,Mylan (formerly Matrix) Nashik,True,1312.0,14569.14,235.0
2252,12297,151-NG-T01,Pre-PQ Process,SO-22520,DN-1294,Nigeria,PMO - US,From RDC,N/A - From RDC,Air Charter,2008-06-16,2008-12-16,2009-06-16,2009-06-16,2009-06-16,ARV,Adult,SCMS from RDC,"Emtricitabine/Tenofovir Disoproxil Fumarate 200/300mg [Truvada], tablets, 30 Tabs",Emtricitabine/Tenofovir Disoproxil Fumarate,Truvada,300/200mg,Tablet - FDC,30,27314,716992.5,26.25,0.88,"Aspen-OSD, Port Elizabeth, SA",True,2363.0,7329.83,1405.31
2253,12299,110-ZM-T01,Pre-PQ Process,SO-29070,DN-1325,Zambia,PMO - US,From RDC,N/A - From RDC,Truck,2008-09-29,2009-03-29,2009-09-29,2009-09-29,2009-09-29,ARV,Adult,SCMS from RDC,"Lamivudine/Tenofovir Disoproxil Fumarate 300/300mg, tablets, 30 Tabs",Lamivudine/Tenofovir Disoproxil Fumarate,Generic,300/300mg,Tablet - FDC,30,92000,1058000.0,11.5,0.38,Mylan (formerly Matrix) Nashik,True,7579.0,6759.28,2073.68
2254,12300,111-MZ-T01,Pre-PQ Process,SO-26423,DN-1332,Mozambique,PMO - US,From RDC,N/A - From RDC,Truck,2008-08-27,2009-02-27,2009-08-27,2009-08-27,2009-08-27,ARV,Adult,SCMS from RDC,"Lamivudine/Stavudine 150/30mg, tablets, 60 Tabs",Lamivudine/Stavudine,Generic,150/30mg,Tablet - FDC,60,23100,87780.0,3.8,0.06,"Cipla, Goa, India",False,668.5,5192.68,172.05
2255,12301,151-NG-T01,Pre-PQ Process,SO-32644,DN-1338,Nigeria,PMO - US,From RDC,N/A - From RDC,Air Charter,2008-08-04,2009-02-04,2009-08-04,2009-08-04,2009-08-04,ARV,Adult,SCMS from RDC,"Lamivudine/Nevirapine/Zidovudine 150/200/300mg, tablets, 60 Tabs",Lamivudine/Nevirapine/Zidovudine,Generic,150/300/200mg,Tablet - FDC,60,5800,66120.0,11.4,0.19,"Aurobindo Unit III, India",True,654.0,7445.8,129.6
2256,12302,151-NG-T01,Pre-PQ Process,SO-27810,DN-1346,Nigeria,PMO - US,From RDC,N/A - From RDC,Air Charter,2008-08-04,2009-02-04,2009-08-04,2009-08-04,2009-08-04,ARV,Adult,SCMS from RDC,"Emtricitabine/Tenofovir Disoproxil Fumarate 200/300mg [Truvada], tablets, 30 Tabs",Emtricitabine/Tenofovir Disoproxil Fumarate,Truvada,300/200mg,Tablet - FDC,30,22730,596662.5,26.25,0.88,"Aspen-OSD, Port Elizabeth, SA",True,1977.0,7445.8,1169.46
2257,12303,104-CI-T01,Pre-PQ Process,SO-27533,DN-1357,Côte d'Ivoire,PMO - US,From RDC,N/A - From RDC,Air Charter,2008-08-11,2009-02-11,2009-08-11,2009-08-11,2009-08-11,ARV,Adult,SCMS from RDC,"Efavirenz 600mg, tablets, 30 Tabs",Efavirenz,Generic,600mg,Tablet,30,3280,31881.6,9.72,0.32,"Emcure Plot No.P-2, I.T-B.T. Park, Phase II, MIDC, Hinjwadi, Pune, India",True,229.0,1854.88,62.49
2258,12304,151-NG-T01,Pre-PQ Process,SO-27817,DN-1367,Nigeria,PMO - US,From RDC,N/A - From RDC,Air Charter,2008-08-04,2009-02-04,2009-08-04,2009-08-04,2009-08-04,ARV,Adult,SCMS from RDC,"Emtricitabine/Tenofovir Disoproxil Fumarate 200/300mg, tablets, 30 Tabs",Emtricitabine/Tenofovir Disoproxil Fumarate,Generic,200/300mg,Tablet - FDC,30,5794,68079.5,11.75,0.39,Mylan (formerly Matrix) Nashik,False,668.5,12601.07,133.44
2259,12305,106-HT-T01,Pre-PQ Process,SO-32730,DN-1374,Haiti,PMO - US,From RDC,N/A - From RDC,Air,2008-07-31,2009-01-31,2009-07-31,2009-07-31,2009-07-31,ARV,Pediatric,SCMS from RDC,"Efavirenz 200mg, capsule, 90 Caps",Efavirenz,Generic,200mg,Capsule,90,525,6683.25,12.73,0.14,"Aurobindo Unit III, India",False,97.0,2946.7200000000003,13.1
2260,12307,111-MZ-T01,Pre-PQ Process,SO-26420,DN-1377,Mozambique,PMO - US,From RDC,N/A - From RDC,Truck,2008-09-17,2009-03-17,2009-09-17,2009-09-17,2009-09-17,ARV,Adult,SCMS from RDC,"Lamivudine/Nevirapine/Stavudine 150/200/30mg, tablets, 60 Tabs",Lamivudine/Nevirapine/Stavudine,Generic,150/200/30mg,Tablet - FDC,60,76000,541120.0,7.12,0.12,"Strides, Bangalore, India.",True,5597.0,1799.88,1060.6
2261,12309,107-RW-T01,Pre-PQ Process,SO-32800,DN-1385,Rwanda,PMO - US,From RDC,N/A - From RDC,Air,2008-07-31,2009-01-31,2009-07-31,2009-07-31,2009-07-31,ARV,Adult,SCMS from RDC,"Lamivudine 150mg, tablets, 60 Tabs",Lamivudine,Generic,150mg,Tablet,60,8766,21389.04,2.44,0.04,"Aurobindo Unit III, India",True,447.0,4257.01,41.92
2262,12310,114-UG-T01,Pre-PQ Process,SO-32920,DN-1397,Uganda,PMO - US,From RDC,N/A - From RDC,Air,2008-08-24,2009-02-24,2009-08-24,2009-08-24,2009-08-24,ARV,Adult,SCMS from RDC,"Nevirapine 200mg, tablets, 60 Tabs",Nevirapine,Generic,200mg,Tablet,60,1650,4785.0,2.9,0.05,Hetero Unit III Hyderabad IN,False,197.0,2485.92,9.38
2263,12311,114-UG-T01,Pre-PQ Process,SO-32950,DN-1399,Uganda,PMO - US,From RDC,N/A - From RDC,Air,2008-08-28,2009-02-28,2009-08-28,2009-08-28,2009-08-28,ARV,Adult,SCMS from RDC,"Lamivudine/Zidovudine 150/300mg, tablets, 60 Tabs",Lamivudine/Zidovudine,Generic,150/300mg,Tablet - FDC,60,24000,210240.0,8.76,0.15,Mylan (formerly Matrix) Nashik,True,5748.0,38957.51,412.07
2264,12312,114-UG-T01,Pre-PQ Process,SO-32950,DN-1399,Uganda,PMO - US,From RDC,N/A - From RDC,Air,2008-08-28,2009-02-28,2009-08-28,2009-08-28,2009-08-28,ARV,Adult,SCMS from RDC,"Lamivudine/Nevirapine/Zidovudine 150/200/300mg, tablets, 60 Tabs",Lamivudine/Nevirapine/Zidovudine,Generic,150/300/200mg,Tablet - FDC,60,34000,385900.0,11.35,0.19,"Aurobindo Unit III, India",False,2300.0,2485.92,756.36
2265,12313,104-CI-T01,Pre-PQ Process,SO-32210,DN-1401,Côte d'Ivoire,PMO - US,From RDC,N/A - From RDC,Air,2008-09-08,2009-03-08,2009-09-08,2009-09-08,2009-09-08,ARV,Adult,SCMS from RDC,"Lamivudine/Nevirapine/Zidovudine 150/200/300mg, tablets, 60 Tabs",Lamivudine/Nevirapine/Zidovudine,Generic,150/300/200mg,Tablet - FDC,60,28170,319729.5,11.35,0.19,"Aurobindo Unit III, India",False,668.5,4063.81,626.67
2266,12314,110-ZM-T01,Pre-PQ Process,SO-29080,DN-1404,Zambia,PMO - US,From RDC,N/A - From RDC,Truck,2008-09-22,2009-03-22,2009-09-22,2009-09-22,2009-09-22,ARV,Adult,SCMS from RDC,"Lamivudine/Tenofovir Disoproxil Fumarate 300/300mg, tablets, 30 Tabs",Lamivudine/Tenofovir Disoproxil Fumarate,Generic,300/300mg,Tablet - FDC,30,92000,1058000.0,11.5,0.38,Mylan (formerly Matrix) Nashik,True,7678.0,6759.28,2073.68
2267,12315,110-ZM-T01,Pre-PQ Process,SO-29090,DN-1406,Zambia,PMO - US,From RDC,N/A - From RDC,Truck,2008-09-22,2009-03-22,2009-09-22,2009-09-22,2009-09-22,ARV,Adult,SCMS from RDC,"Lamivudine/Tenofovir Disoproxil Fumarate 300/300mg, tablets, 30 Tabs",Lamivudine/Tenofovir Disoproxil Fumarate,Generic,300/300mg,Tablet - FDC,30,92095,1059092.5,11.5,0.38,Mylan (formerly Matrix) Nashik,True,7686.0,6759.28,2075.82
2268,12316,113-ZW-T01,Pre-PQ Process,SO-21020,DN-1411,Zimbabwe,PMO - US,From RDC,N/A - From RDC,Truck,2008-09-22,2009-03-22,2009-09-22,2009-09-22,2009-09-22,ARV,Adult,SCMS from RDC,"Lamivudine/Stavudine 150/30mg, tablets, 60 Tabs",Lamivudine/Stavudine,Generic,150/30mg,Tablet - FDC,60,4000,16000.0,4.0,0.07,"Cipla, Goa, India",False,810.0,6721.705,31.36
2269,12317,110-ZM-T01,Pre-PQ Process,SO-29030,DN-1407,Zambia,PMO - US,From RDC,N/A - From RDC,Truck,2008-10-19,2009-04-19,2009-10-19,2009-10-19,2009-10-19,ARV,Adult,SCMS from RDC,"Nevirapine 200mg, tablets, 60 Tabs",Nevirapine,Generic,200mg,Tablet,60,15718,47154.0,3.0,0.05,"Aurobindo Unit III, India",False,668.5,6476.695,92.42
2270,12318,104-CI-T01,Pre-PQ Process,SO-33250,DN-1428,Côte d'Ivoire,PMO - US,From RDC,N/A - From RDC,Air,2008-09-21,2009-03-21,2009-09-21,2009-09-21,2009-09-21,ARV,Adult,SCMS from RDC,"Emtricitabine/Tenofovir Disoproxil Fumarate 200/300mg, tablets, 30 Tabs",Emtricitabine/Tenofovir Disoproxil Fumarate,Generic,200/300mg,Tablet - FDC,30,666,7825.5,11.75,0.39,Mylan (formerly Matrix) Nashik,True,54.0,1713.01,15.34
2271,12319,109-TZ-T01,Pre-PQ Process,SO-31281,DN-1430,Tanzania,PMO - US,From RDC,N/A - From RDC,Truck,2008-09-25,2009-03-25,2009-09-25,2009-09-25,2009-09-25,ARV,Adult,SCMS from RDC,"Abacavir 300mg, tablets, 60 Tabs",Abacavir,Generic,300mg,Tablet,60,9243,235234.35,25.45,0.42,"Aurobindo Unit III, India",True,936.0,2233.61,461.06
2272,12320,110-ZM-T01,Pre-PQ Process,SO-32850,DN-1432,Zambia,PMO - US,From RDC,N/A - From RDC,Truck,2008-10-02,2009-04-02,2009-10-02,2009-10-02,2009-10-02,ARV,Adult,SCMS from RDC,"Lamivudine/Nevirapine/Stavudine 150/200/30mg, tablets, 60 Tabs",Lamivudine/Nevirapine/Stavudine,Generic,150/200/30mg,Tablet - FDC,60,61520,438022.4,7.12,0.12,"Cipla, Goa, India",True,23888.0,13518.56,858.52
2273,12321,151-NG-T01,Pre-PQ Process,SO-33330,DN-1433,Nigeria,PMO - US,From RDC,N/A - From RDC,Air Charter,2008-10-20,2009-04-20,2009-10-20,2009-10-20,2009-10-20,ARV,Adult,SCMS from RDC,"Lamivudine/Nevirapine/Zidovudine 150/200/300mg, tablets, 60 Tabs",Lamivudine/Nevirapine/Zidovudine,Generic,150/300/200mg,Tablet - FDC,60,40230,458622.0,11.4,0.19,"Aurobindo Unit III, India",True,4531.0,30983.24,898.9
2274,12322,151-NG-T01,Pre-PQ Process,SO-33337,DN-1439,Nigeria,PMO - US,From RDC,N/A - From RDC,Air Charter,2008-10-20,2009-04-20,2009-10-20,2009-10-20,2009-10-20,ARV,Adult,SCMS from RDC,"Lamivudine/Nevirapine/Zidovudine 150/200/300mg, tablets, 60 Tabs",Lamivudine/Nevirapine/Zidovudine,Generic,150/300/200mg,Tablet - FDC,60,1756,20018.4,11.4,0.19,"Aurobindo Unit III, India",True,198.0,9341.49,39.24
2275,12323,104-CI-T01,Pre-PQ Process,SO-32830,DN-1451,Côte d'Ivoire,PMO - US,From RDC,N/A - From RDC,Air,2008-08-25,2009-02-25,2009-08-25,2009-10-07,2009-10-07,ARV,Pediatric,SCMS from RDC,"Nevirapine 10mg/ml, oral suspension, Bottle, 240 ml",Nevirapine,Generic,10mg/ml,Oral suspension,240,1547,2970.24,1.92,0.01,"Aurobindo Unit III, India",True,581.0,1234.9,5.82
2276,12324,111-MZ-T01,Pre-PQ Process,SO-26424,DN-1457,Mozambique,PMO - US,From RDC,N/A - From RDC,Truck,2008-10-07,2009-04-07,2009-10-07,2009-10-07,2009-10-07,ARV,Adult,SCMS from RDC,"Lamivudine 150mg, tablets, 60 Tabs",Lamivudine,Generic,150mg,Tablet,60,2592,6324.48,2.44,0.04,"Aurobindo Unit III, India",False,668.5,5192.68,12.4
2277,12325,117-ET-T01,Pre-PQ Process,SO-33640,DN-1472,Ethiopia,PMO - US,From RDC,N/A - From RDC,Air,2008-09-29,2009-03-29,2009-09-29,2009-09-29,2009-09-29,ARV,Adult,SCMS from RDC,"Lamivudine 150mg, tablets, 60 Tabs",Lamivudine,Generic,150mg,Tablet,60,4234,10330.96,2.44,0.04,"Aurobindo Unit III, India",True,212.0,1489.4,20.25
2278,12326,100-LB-T01,Pre-PQ Process,SO-33890,DN-1486,Lebanon,PMO - US,From RDC,N/A - From RDC,Air,2008-11-18,2009-05-18,2009-11-18,2009-11-18,2009-11-18,ARV,Pediatric,SCMS from RDC,"Nevirapine 10mg/ml, oral suspension, Bottle, 240 ml",Nevirapine,Generic,10mg/ml,Oral suspension,240,50,0.5,0.01,0.0,"Aurobindo Unit III, India",False,35.0,3790.6549999999997,0.0
2279,12327,100-LB-T01,Pre-PQ Process,SO-33910,DN-1488,Lebanon,PMO - US,From RDC,N/A - From RDC,Air,2008-11-24,2009-05-24,2009-11-24,2009-11-24,2009-11-24,ARV,Adult,SCMS from RDC,"Nevirapine 200mg, tablets, 60 Tabs",Nevirapine,Generic,200mg,Tablet,60,200,2.0,0.01,0.0,Hetero Unit III Hyderabad IN,False,22.0,3790.6549999999997,0.0
2280,12328,110-ZM-T01,Pre-PQ Process,SO-33320,DN-1499,Zambia,PMO - US,From RDC,N/A - From RDC,Air,2008-10-23,2009-04-23,2009-10-23,2009-10-23,2009-10-23,ARV,Adult,SCMS from RDC,"Efavirenz 600mg, tablets, 30 Tabs",Efavirenz,Generic,600mg,Tablet,30,13941,80578.98,5.78,0.19,"Emcure Plot No.P-2, I.T-B.T. Park, Phase II, MIDC, Hinjwadi, Pune, India",True,986.0,5097.09,173.73
2281,12329,114-UG-T01,Pre-PQ Process,SO-34290,DN-1528,Uganda,PMO - US,From RDC,N/A - From RDC,Air,2008-11-23,2009-05-23,2009-11-23,2009-11-23,2009-11-23,ARV,Adult,SCMS from RDC,"Lamivudine/Stavudine 150/30mg, tablets, 60 Tabs",Lamivudine/Stavudine,Generic,150/30mg,Tablet - FDC,60,60,240.0,4.0,0.07,"Cipla, Goa, India",True,4.0,396.08,0.52
2282,12330,117-ET-T01,Pre-PQ Process,SO-34581,DN-1584,Ethiopia,PMO - US,From RDC,N/A - From RDC,Air,2008-12-02,2009-06-02,2009-12-02,2009-12-02,2009-12-02,ARV,Adult,SCMS from RDC,"Nevirapine 200mg, tablets, 60 Tabs",Nevirapine,Generic,200mg,Tablet,60,4460,12934.0,2.9,0.05,Hetero Unit III Hyderabad IN,True,250.0,1366.22,27.89
2283,12334,113-ZW-T01,Pre-PQ Process,SO-224,DN-32,Zimbabwe,PMO - US,From RDC,N/A - From RDC,Truck,2006-03-23,2006-09-23,2007-03-23,2007-03-23,2007-03-23,ARV,Adult,SCMS from RDC,"Efavirenz 600mg, tablets, 30 Tabs",Efavirenz,Generic,600mg,Tablet,30,7000,113750.0,16.25,0.54,"Aurobindo Unit III, India",True,581.0,1886.21,0.0
2284,12335,112-NG-T01,Pre-PQ Process,SO-339,DN-27,Nigeria,PMO - US,From RDC,N/A - From RDC,Air Charter,2006-02-22,2006-08-22,2007-02-22,2007-02-22,2007-02-22,ARV,Pediatric,SCMS from RDC,"Zidovudine 10mg/ml, oral solution, Bottle, 240 ml",Zidovudine,Generic,10mg/ml,Oral solution,240,1200,2580.0,2.15,0.01,"Aurobindo Unit III, India",False,128.0,12601.07,0.0
2285,12336,107-RW-T01,Pre-PQ Process,SO-239,DN-70,Rwanda,PMO - US,From RDC,N/A - From RDC,Air,2006-04-10,2006-10-10,2007-04-10,2007-04-10,2007-04-10,HRDT,HIV test,SCMS from RDC,"HIV 1/2, Uni-Gold HIV Kit, 20 Tests","HIV 1/2, Uni-Gold HIV Kit",Uni-Gold,no_dosage,Test kit,20,500,16000.0,32.0,1.6,"Trinity Biotech, Plc",False,170.0,5865.805,0.0
2286,12337,111-MZ-T01,Pre-PQ Process,SO-501,DN-126,Mozambique,PMO - US,From RDC,N/A - From RDC,Air,2006-06-01,2006-12-01,2007-06-01,2007-06-01,2007-06-01,ARV,Pediatric,SCMS from RDC,"Zidovudine 10mg/ml, oral solution, Bottle, 240 ml",Zidovudine,Generic,10mg/ml,Oral solution,240,650,2567.5,3.95,0.02,"Aurobindo Unit III, India",True,193.0,478.51,0.0
2287,12341,111-MZ-T01,Pre-PQ Process,SO-293,DN-44,Mozambique,PMO - US,From RDC,N/A - From RDC,Air,2006-04-17,2006-10-17,2007-04-17,2007-04-17,2007-04-17,ARV,Adult,SCMS from RDC,"Efavirenz 600mg, tablets, 30 Tabs",Efavirenz,Generic,600mg,Tablet,30,23035,385836.25,16.75,0.56,"Aurobindo Unit III, India",False,668.5,3247.5699999999997,0.0
2288,12342,111-MZ-T01,Pre-PQ Process,SO-293,DN-44,Mozambique,PMO - US,From RDC,N/A - From RDC,Air,2006-04-17,2006-10-17,2007-04-17,2007-04-17,2007-04-17,ARV,Pediatric,SCMS from RDC,"Lamivudine 10mg/ml, oral solution, Bottle, 240 ml",Lamivudine,Generic,10mg/ml,Oral solution,240,540,1317.6,2.44,0.01,"Cipla, Goa, India",False,519.0,3247.5699999999997,0.0
2289,12346,100-BW-T01,Pre-PQ Process,SO-424,DN-83,Botswana,PMO - US,From RDC,N/A - From RDC,Air,2006-04-27,2006-10-27,2007-04-27,2007-04-27,2007-04-27,HRDT,HIV test,SCMS from RDC,"HIV 1/2, Uni-Gold HIV Kit, 20 Tests","HIV 1/2, Uni-Gold HIV Kit",Uni-Gold,no_dosage,Test kit,20,500,16000.0,32.0,1.6,"Trinity Biotech, Plc",True,164.0,1225.37,0.0
2290,12349,100-CI-T01,Pre-PQ Process,SO-434,DN-78,Côte d'Ivoire,PMO - US,From RDC,N/A - From RDC,Air,2006-04-30,2006-10-30,2007-04-30,2007-04-30,2007-04-30,ARV,Adult,SCMS from RDC,"Efavirenz 600mg, tablets, 30 Tabs",Efavirenz,Generic,600mg,Tablet,30,8148,132405.0,16.25,0.54,"Aurobindo Unit III, India",True,742.0,2658.0,0.0
2291,12350,111-MZ-T01,Pre-PQ Process,SO-500,DN-152,Mozambique,PMO - US,From RDC,N/A - From RDC,Air,2006-06-08,2006-12-08,2007-06-08,2007-06-08,2007-06-08,ARV,Adult,SCMS from RDC,"Lopinavir/Ritonavir 200/50mg [Aluvia], tablets, 120 Tabs",Lopinavir/Ritonavir,Aluvia,200/50mg,Tablet,120,900,36990.0,41.1,0.34,ABBVIE Ludwigshafen Germany,False,104.5,0.0,0.0
2292,12351,111-MZ-T01,Pre-PQ Process,SO-544,DN-153,Mozambique,PMO - US,From RDC,N/A - From RDC,Air,2006-06-08,2006-12-08,2007-06-08,2007-06-08,2007-06-08,ARV,Pediatric,SCMS from RDC,"Zidovudine 10mg/ml, oral solution, Bottle, 240 ml",Zidovudine,Generic,10mg/ml,Oral solution,240,8100,31995.0,3.95,0.02,"Aurobindo Unit III, India",True,2952.0,0.0,0.0
2293,12352,104-CI-T01,Pre-PQ Process,SO-585,DN-193,Côte d'Ivoire,PMO - US,From RDC,N/A - From RDC,Air,2006-06-28,2006-12-28,2007-06-28,2007-06-28,2007-06-28,ARV,Adult,SCMS from RDC,"Abacavir 300mg, tablets, 60 Tabs",Abacavir,Generic,300mg,Tablet,60,2100,75180.0,35.8,0.6,"Aurobindo Unit III, India",False,187.0,4063.81,120.29
2294,12354,112-NG-T01,Pre-PQ Process,SO-563,DN-209,Nigeria,PMO - US,From RDC,N/A - From RDC,Air Charter,2006-07-03,2007-01-03,2007-07-03,2007-07-03,2007-07-03,ARV,Adult,SCMS from RDC,"Nevirapine 200mg, tablets, 60 Tabs",Nevirapine,Generic,200mg,Tablet,60,538,1920.66,3.57,0.06,"Aurobindo Unit III, India",False,43.0,12601.07,3.07
2295,12355,110-ZM-T01,Pre-PQ Process,SO-637,DN-177,Zambia,PMO - US,From RDC,N/A - From RDC,Air,2006-06-15,2006-12-15,2007-06-15,2007-06-15,2007-06-15,ARV,Pediatric,SCMS from RDC,"Abacavir 20mg/ml, oral solution, Bottle, 240 ml",Abacavir,Generic,20mg/ml,Oral solution,240,192,4128.0,21.5,0.09,"Aurobindo Unit III, India",True,70.0,650.12,0.0
2296,12358,107-RW-T01,Pre-PQ Process,SO-602,DN-156,Rwanda,PMO - US,From RDC,N/A - From RDC,Air,2006-06-05,2006-12-05,2007-06-05,2007-06-05,2007-06-05,ARV,Adult,SCMS from RDC,"Lamivudine 150mg, tablets, 60 Tabs",Lamivudine,Generic,150mg,Tablet,60,3431,11356.61,3.31,0.06,"Ranbaxy, Paonta Shahib, India",True,216.0,2520.47,0.0
2297,12364,111-MZ-T01,Pre-PQ Process,SO-578,DN-184,Mozambique,PMO - US,From RDC,N/A - From RDC,Air,2006-07-11,2007-01-11,2007-07-11,2007-07-11,2007-07-11,ARV,Adult,SCMS from RDC,"Abacavir/Lamivudine/Zidovudine 300/150/300mg [Trizivir], tablets, 60 Tabs",Abacavir/Lamivudine/Zidovudine,Trizivir,300/150/300mg,Tablet - FDC,60,1171,81970.0,70.0,1.17,GSK Ware (UK),False,668.5,3247.5699999999997,0.0
2298,12365,112-NG-T01,Pre-PQ Process,SO-563,DN-209,Nigeria,PMO - US,From RDC,N/A - From RDC,Air Charter,2006-07-03,2007-01-03,2007-07-03,2007-07-03,2007-07-03,ARV,Pediatric,SCMS from RDC,"Zidovudine 10mg/ml, oral solution, Bottle, 240 ml",Zidovudine,Generic,10mg/ml,Oral solution,240,278,1098.1,3.95,0.02,"Aurobindo Unit III, India",False,668.5,12601.07,1.76
2299,12366,111-MZ-T01,Pre-PQ Process,SO-576,DN-148,Mozambique,PMO - US,From RDC,N/A - From RDC,Air,2006-06-13,2006-12-13,2007-06-13,2007-06-13,2007-06-13,ARV,Pediatric,SCMS from RDC,"Efavirenz 50mg [Stocrin/Sustiva], capsule, 30 Caps",Efavirenz,Stocrin/Sustiva,50mg,Capsule,30,1844,6306.48,3.42,0.11,"MSD Manati, Puerto Rico, (USA)",False,668.5,3247.5699999999997,0.0
2300,12368,117-ET-T01,Pre-PQ Process,SO-582,DN-157,Ethiopia,PMO - US,From RDC,N/A - From RDC,Air,2006-05-24,2006-11-24,2007-05-24,2007-05-24,2007-05-24,HRDT,HIV test,SCMS from RDC,"HIV 1/2, Uni-Gold HIV Kit, 20 Tests","HIV 1/2, Uni-Gold HIV Kit",Uni-Gold,no_dosage,Test kit,20,200,6400.0,32.0,1.6,"Trinity Biotech, Plc",False,167.5,4672.77,0.0
2301,12369,104-CI-T01,Pre-PQ Process,SO-617,DN-163,Côte d'Ivoire,PMO - US,From RDC,N/A - From RDC,Air,2006-06-15,2006-12-15,2007-06-15,2007-06-15,2007-06-15,ARV,Adult,SCMS from RDC,"Zidovudine 300mg, tablets, 60 Tabs",Zidovudine,Generic,300mg,Tablet,60,4374,37266.48,8.52,0.14,"Aurobindo Unit III, India",True,230.0,1432.0,0.0
2302,12372,109-TZ-T01,Pre-PQ Process,SO-441,DN-246,Tanzania,PMO - US,From RDC,N/A - From RDC,Air,2006-08-13,2007-02-13,2007-08-13,2007-08-13,2007-08-13,ARV,Adult,SCMS from RDC,"Abacavir 300mg, tablets, 60 Tabs",Abacavir,Generic,300mg,Tablet,60,4776,170980.8,35.8,0.6,"Aurobindo Unit III, India",False,668.5,8925.0,273.57
2303,12373,104-CI-T01,Pre-PQ Process,SO-524,DN-268,Côte d'Ivoire,PMO - US,From RDC,N/A - From RDC,Air,2006-08-14,2007-02-14,2007-08-14,2007-08-14,2007-08-14,ARV,Adult,SCMS from RDC,"Efavirenz 600mg, tablets, 30 Tabs",Efavirenz,Generic,600mg,Tablet,30,5344,86893.44,16.26,0.54,"Aurobindo Unit III, India",False,668.5,4063.81,139.03
2304,12375,110-ZM-T01,Pre-PQ Process,SO-621,DN-224,Zambia,PMO - US,From RDC,N/A - From RDC,Truck,2006-07-09,2007-01-09,2007-07-09,2007-07-09,2007-07-09,ARV,Pediatric,SCMS from RDC,"Abacavir 20mg/ml, oral solution, Bottle, 240 ml",Abacavir,Generic,20mg/ml,Oral solution,240,350,7525.0,21.5,0.09,"Aurobindo Unit III, India",True,124.0,874.57,12.04
2305,12378,110-ZM-T01,Pre-PQ Process,SO-314,DN-270,Zambia,PMO - US,From RDC,N/A - From RDC,Truck,2006-08-07,2007-02-07,2007-08-07,2007-08-07,2007-08-07,ARV,Adult,SCMS from RDC,"Efavirenz 600mg, tablets, 30 Tabs",Efavirenz,Generic,600mg,Tablet,30,48348,786138.48,16.26,0.54,"Aurobindo Unit III, India",False,668.5,6476.695,1257.82
2306,12379,111-MZ-T01,Pre-PQ Process,SO-502,DN-282,Mozambique,PMO - US,From RDC,N/A - From RDC,Air,2006-10-10,2007-04-10,2007-10-10,2007-10-10,2007-10-10,ARV,Pediatric,SCMS from RDC,"Zidovudine 10mg/ml, oral solution, Bottle, 240 ml",Zidovudine,Generic,10mg/ml,Oral solution,240,7750,30612.5,3.95,0.02,"Aurobindo Unit III, India",False,668.5,3247.5699999999997,48.98
2307,12384,109-TZ-T01,Pre-PQ Process,SO-768,DN-239,Tanzania,PMO - US,From RDC,N/A - From RDC,Air,2006-07-30,2007-01-30,2007-07-30,2007-07-30,2007-07-30,ARV,Adult,SCMS from RDC,"Nevirapine 200mg, tablets, 60 Tabs",Nevirapine,Generic,200mg,Tablet,60,11807,42150.99,3.57,0.06,"Aurobindo Unit III, India",True,1050.0,3291.0,67.44
2308,12388,104-CI-T01,Pre-PQ Process,SO-523,DN-260,Côte d'Ivoire,PMO - US,From RDC,N/A - From RDC,Air,2006-08-03,2007-02-03,2007-08-03,2007-08-03,2007-08-03,ARV,Adult,SCMS from RDC,"Lamivudine/Nevirapine/Stavudine 150/200/30mg, tablets, 60 Tabs",Lamivudine/Nevirapine/Stavudine,Generic,150/200/30mg,Tablet - FDC,60,23472,176040.0,7.5,0.12,"Cipla, Goa, India",False,668.5,4063.81,281.66
2309,12391,104-CI-T01,Pre-PQ Process,SO-844,DN-315,Côte d'Ivoire,PMO - US,From RDC,N/A - From RDC,Air,2006-08-24,2007-02-24,2007-08-24,2007-08-24,2007-08-24,ARV,Adult,SCMS from RDC,"Lamivudine/Stavudine 150/30mg, tablets, 30 Tabs",Lamivudine/Stavudine,Generic,150/30mg,Tablet - FDC,30,55032,110064.0,2.0,0.07,"Cipla, Goa, India",True,3673.0,12438.0,176.1
2310,12393,109-TZ-T01,Pre-PQ Process,SO-455,DN-290,Tanzania,PMO - US,From RDC,N/A - From RDC,Air,2006-09-10,2007-03-10,2007-09-10,2007-09-10,2007-09-10,ARV,Adult,SCMS from RDC,"Ritonavir 100mg [Norvir], capsules, cool, 4 x 84 Caps",Ritonavir,Norvir,100mg,Capsule,336,157,6022.52,38.36,0.11,ABBVIE (Abbott) Logis. UK,False,691.5,8925.0,9.64
2311,12395,111-MZ-T01,Pre-PQ Process,SO-298,DN-304,Mozambique,PMO - US,From RDC,N/A - From RDC,Air,2006-09-21,2007-03-21,2007-09-21,2007-09-21,2007-09-21,ARV,Pediatric,SCMS from RDC,"Lamivudine 10mg/ml, oral solution, Bottle, 240 ml",Lamivudine,Generic,10mg/ml,Oral solution,240,2744,6695.36,2.44,0.01,"Cipla, Goa, India",False,998.0,3247.5699999999997,10.71
2312,12396,111-MZ-T01,Pre-PQ Process,SO-298,DN-304,Mozambique,PMO - US,From RDC,N/A - From RDC,Air,2006-09-21,2007-03-21,2007-09-21,2007-09-21,2007-09-21,ARV,Pediatric,SCMS from RDC,"Zidovudine 10mg/ml, oral solution, Bottle, 240 ml",Zidovudine,Generic,10mg/ml,Oral solution,240,2185,8630.75,3.95,0.02,"Aurobindo Unit III, India",False,668.5,3247.5699999999997,13.81
2313,12397,104-CI-T01,Pre-PQ Process,SO-589,DN-314,Côte d'Ivoire,PMO - US,From RDC,N/A - From RDC,Air,2006-08-24,2007-02-24,2007-08-24,2007-08-24,2007-08-24,ARV,Pediatric,SCMS from RDC,"Efavirenz 50mg [Stocrin/Sustiva], capsule, 30 Caps",Efavirenz,Stocrin/Sustiva,50mg,Capsule,30,738,2560.86,3.47,0.12,"MSD, Haarlem, NL",False,112.0,4063.81,4.1
2314,12399,111-MZ-T01,Pre-PQ Process,SO-944,DN-310,Mozambique,PMO - US,From RDC,N/A - From RDC,Air,2006-09-21,2007-03-21,2007-09-21,2007-09-21,2007-09-21,HRDT,HIV test,SCMS from RDC,"HIV 1/2, Uni-Gold HIV Kit, 20 Tests","HIV 1/2, Uni-Gold HIV Kit",Uni-Gold,no_dosage,Test kit,20,2500,80000.0,32.0,1.6,"Trinity Biotech, Plc",True,841.0,3818.4,128.0
2315,12400,110-ZM-T01,Pre-PQ Process,SO-908,DN-319,Zambia,PMO - US,From RDC,N/A - From RDC,Air,2006-08-28,2007-02-28,2007-08-29,2007-08-29,2007-08-29,ARV,Adult,SCMS from RDC,"Lamivudine 150mg, tablets, 60 Tabs",Lamivudine,Generic,150mg,Tablet,60,30000,91200.0,3.04,0.05,"Aurobindo Unit III, India",False,3136.0,14019.38,145.92
2316,12404,109-TZ-T01,Pre-PQ Process,SO-1075,DN-360,Tanzania,PMO - US,From RDC,N/A - From RDC,Air,2006-10-11,2007-04-11,2007-10-11,2007-10-11,2007-10-11,ARV,Pediatric,SCMS from RDC,"Efavirenz 200mg [Stocrin/Sustiva], capsule, 90 Caps",Efavirenz,Stocrin/Sustiva,200mg,Capsule,90,1987,64418.54,32.42,0.36,MSD South Granville Australia,True,238.0,2465.0,103.07
2317,12406,110-ZM-T01,Pre-PQ Process,SO-940,DN-366,Zambia,PMO - US,From RDC,N/A - From RDC,Truck,2006-09-27,2007-03-27,2007-09-27,2007-09-27,2007-09-27,ARV,Adult,SCMS from RDC,"Zidovudine 300mg, tablets, 60 Tabs",Zidovudine,Generic,300mg,Tablet,60,12420,101223.0,8.15,0.14,"Aurobindo Unit III, India",False,668.5,6476.695,161.96
2318,12407,110-ZM-T01,Pre-PQ Process,SO-1077,DN-367,Zambia,PMO - US,From RDC,N/A - From RDC,Truck,2006-09-28,2007-03-28,2007-09-28,2007-09-28,2007-09-28,ARV,Adult,SCMS from RDC,"Lamivudine/Nevirapine/Stavudine 150/200/30mg, tablets, 60 Tabs",Lamivudine/Nevirapine/Stavudine,Generic,150/200/30mg,Tablet - FDC,60,16974,125607.6,7.4,0.12,"Cipla, Goa, India",True,1732.0,7927.55,200.97
2319,12408,110-ZM-T01,Pre-PQ Process,SO-1066,DN-368,Zambia,PMO - US,From RDC,N/A - From RDC,Truck,2006-10-02,2007-04-02,2007-10-02,2007-10-02,2007-10-02,ARV,Pediatric,SCMS from RDC,"Efavirenz 200mg, capsule, 90 Caps",Efavirenz,Generic,200mg,Capsule,90,604,9664.0,16.0,0.18,"Aurobindo Unit III, India",True,72.0,723.59,15.46
2320,12411,104-CI-T01,Pre-PQ Process,SO-963,DN-323,Côte d'Ivoire,PMO - US,From RDC,N/A - From RDC,Air,2006-09-14,2007-03-14,2007-09-14,2007-09-14,2007-09-14,ARV,Pediatric,SCMS from RDC,"Didanosine 100mg, chewable/dispersible tablets, 60 Tabs",Didanosine,Generic,100mg,Chewable/dispersible tablet,60,1696,13144.0,7.75,0.13,"Aurobindo Unit III, India",False,668.5,4063.81,21.03
2321,12413,113-ZW-T01,Pre-PQ Process,SO-891,DN-382,Zimbabwe,PMO - US,From RDC,N/A - From RDC,Truck,2006-10-05,2007-04-05,2007-10-05,2007-10-05,2007-10-05,HRDT,HIV test,SCMS from RDC,"HIV 1/2, Bioline 3.0 Kit, Lancets, Capillary pipets, Alcohol swabs included, 25 Tests","HIV 1/2, Bioline 3.0 Kit, Lancets, Capillary pipets, Alcohol swabs included",Bioline,no_dosage,Test kit,25,2492,49840.0,20.0,0.8,"Standard Diagnostics, Korea",True,738.0,3085.84,79.74
2322,12416,104-CI-T01,Pre-PQ Process,SO-964,DN-379,Côte d'Ivoire,PMO - US,From RDC,N/A - From RDC,Air,2006-10-15,2007-04-15,2007-10-15,2007-10-15,2007-10-15,ARV,Adult,SCMS from RDC,"Zidovudine 300mg, tablets, 60 Tabs",Zidovudine,Generic,300mg,Tablet,60,5794,47221.1,8.15,0.14,"Ranbaxy, Paonta Shahib, India",False,668.5,4063.81,75.55
2323,12418,110-ZM-T01,Pre-PQ Process,SO-909,DN-400,Zambia,PMO - US,From RDC,N/A - From RDC,Truck,2006-11-02,2007-05-02,2007-11-02,2007-11-02,2007-11-02,ARV,Adult,SCMS from RDC,"Stavudine 20mg, capsules, 60 Caps",Stavudine,Generic,20mg,Capsule,60,1381,2416.75,1.75,0.03,"Aurobindo Unit III, India",True,232.0,1320.08,3.87
2324,12421,110-ZM-T01,Pre-PQ Process,SO-572,DN-388,Zambia,PMO - US,From RDC,N/A - From RDC,Truck,2006-11-09,2007-05-09,2007-11-09,2007-11-09,2007-11-09,ARV,Adult,SCMS from RDC,"Efavirenz 600mg, tablets, 30 Tabs",Efavirenz,Generic,600mg,Tablet,30,11254,182990.04,16.26,0.54,"Aurobindo Unit III, India",False,668.5,6476.695,292.78
2325,12424,112-NG-T01,Pre-PQ Process,SO-1221,DN-409,Nigeria,PMO - US,From RDC,N/A - From RDC,Air,2006-11-16,2007-05-16,2007-11-16,2007-11-16,2007-11-16,ARV,Adult,SCMS from RDC,"Efavirenz 600mg, tablets, 30 Tabs",Efavirenz,Generic,600mg,Tablet,30,1200,14904.0,12.42,0.41,"Aurobindo Unit III, India",False,128.0,10144.765,23.85
2326,12425,111-MZ-T01,Pre-PQ Process,SO-1064,DN-415,Mozambique,PMO - US,From RDC,N/A - From RDC,Air,2006-11-30,2007-05-30,2007-11-30,2007-11-30,2007-11-30,HRDT,HIV test,SCMS from RDC,"HIV 1/2, Uni-Gold HIV Kit, 20 Tests","HIV 1/2, Uni-Gold HIV Kit",Uni-Gold,no_dosage,Test kit,20,5000,160000.0,32.0,1.6,"Trinity Biotech, Plc",False,1558.0,3247.5699999999997,256.0
2327,12426,112-NG-T01,Pre-PQ Process,SO-1109,DN-422,Nigeria,PMO - US,From RDC,N/A - From RDC,Air,2006-11-09,2007-05-09,2007-11-09,2007-11-09,2007-11-09,ARV,Adult,SCMS from RDC,"Lamivudine/Nevirapine/Stavudine 150/200/30mg, tablets, 60 Tabs",Lamivudine/Nevirapine/Stavudine,Generic,150/200/30mg,Tablet - FDC,60,1246,9345.0,7.5,0.12,"Cipla, Goa, India",False,668.5,10144.765,14.95
2328,12428,104-CI-T01,Pre-PQ Process,SO-1245,DN-423,Côte d'Ivoire,PMO - US,From RDC,N/A - From RDC,Air,2006-11-13,2007-05-13,2007-11-13,2007-11-13,2007-11-13,ARV,Adult,SCMS from RDC,"Saquinavir 200mg [Invirase], capsules, 270 Caps",Saquinavir,Invirase,200mg,Capsule,270,23,1808.72,78.64,0.29,Roche Basel,False,27.0,4063.81,2.89
2329,12429,110-ZM-T01,Pre-PQ Process,SO-1653,DN-608,Zambia,PMO - US,From RDC,N/A - From RDC,Air,2007-04-10,2007-10-10,2008-04-10,2008-04-10,2008-04-10,ARV,Adult,SCMS from RDC,"Efavirenz 600mg, tablets, 30 Tabs",Efavirenz,Generic,600mg,Tablet,30,25338,314697.96,12.42,0.41,Mylan (formerly Matrix) Nashik,True,1974.0,7836.6,503.52
2330,12431,111-MZ-T01,Pre-PQ Process,SO-1039,DN-603,Mozambique,PMO - US,From RDC,N/A - From RDC,Air,2007-04-08,2007-10-08,2008-04-08,2008-04-08,2008-04-08,ARV,Adult,SCMS from RDC,"Lamivudine/Zidovudine 150/300mg, tablets, 60 Tabs",Lamivudine/Zidovudine,Generic,150/300mg,Tablet - FDC,60,7128,67716.0,9.5,0.16,"Cipla, Goa, India",False,668.5,3247.5699999999997,108.35
2331,12432,104-CI-T01,Pre-PQ Process,SO-1101,DN-434,Côte d'Ivoire,PMO - US,From RDC,N/A - From RDC,Air,2006-11-22,2007-05-22,2007-11-22,2007-11-22,2007-11-22,ARV,Pediatric,SCMS from RDC,"Didanosine 200mg, chewable/dispersible tablets, 60 Tabs",Didanosine,Generic,200mg,Chewable/dispersible tablet,60,7744,297059.84,38.36,0.64,"Aurobindo Unit III, India",False,668.5,4063.81,475.3
2332,12433,104-CI-T01,Pre-PQ Process,SO-1101,DN-434,Côte d'Ivoire,PMO - US,From RDC,N/A - From RDC,Air,2006-11-22,2007-05-22,2007-11-22,2007-11-22,2007-11-22,ARV,Adult,SCMS from RDC,"Efavirenz 600mg, tablets, 30 Tabs",Efavirenz,Generic,600mg,Tablet,30,34020,422528.4,12.42,0.41,"Strides, Bangalore, India.",False,668.5,4063.81,676.05
2333,12434,117-ET-T01,Pre-PQ Process,SO-919,DN-389,Ethiopia,PMO - US,From RDC,N/A - From RDC,Air,2006-10-30,2007-04-30,2007-10-31,2007-10-31,2007-10-31,ARV,Adult,SCMS from RDC,"Lamivudine 150mg, tablets, 60 Tabs",Lamivudine,Generic,150mg,Tablet,60,3145,9560.8,3.04,0.05,"Aurobindo Unit III, India",True,162.0,810.86,15.3
2334,12435,114-UG-T01,Pre-PQ Process,SO-1300,DN-435,Uganda,PMO - US,From RDC,N/A - From RDC,Air,2006-12-10,2007-06-10,2007-12-10,2007-12-10,2007-12-10,ARV,Adult,SCMS from RDC,"Zidovudine 300mg, tablets, 60 Tabs",Zidovudine,Generic,300mg,Tablet,60,140,1141.0,8.15,0.14,"Aurobindo Unit III, India",False,17.0,2485.92,1.83
2335,12438,104-CI-T01,Pre-PQ Process,SO-1308,DN-448,Côte d'Ivoire,PMO - US,From RDC,N/A - From RDC,Air,2006-12-18,2007-06-18,2007-12-18,2007-12-18,2007-12-18,ARV,Adult,SCMS from RDC,"Stavudine 30mg, capsules, 60 Caps",Stavudine,Generic,30mg,Capsule,60,6200,10850.0,1.75,0.03,"Aurobindo Unit III, India",True,354.0,4147.9,17.36
2336,12439,110-ZM-T01,Pre-PQ Process,SO-1031,DN-454,Zambia,PMO - US,From RDC,N/A - From RDC,Air,2006-12-06,2007-06-06,2007-12-06,2007-12-06,2007-12-06,ARV,Adult,SCMS from RDC,"Lopinavir/Ritonavir 200/50mg [Aluvia], tablets, 120 Tabs",Lopinavir/Ritonavir,Aluvia,200/50mg,Tablet,120,12240,503064.0,41.1,0.34,ABBVIE (Abbott) Logis. UK,True,2662.0,9736.5,804.9
2337,12441,110-ZM-T01,Pre-PQ Process,SO-628,DN-493,Zambia,PMO - US,From RDC,N/A - From RDC,Truck,2006-12-28,2007-06-28,2007-12-28,2007-12-28,2007-12-28,ARV,Pediatric,SCMS from RDC,"Lopinavir/Ritonavir 80/20mg/ml [Kaletra], oral solution, cool, Bottle 5 x 60 ml",Lopinavir/Ritonavir,Kaletra,80/20mg/ml,Oral solution,300,746,30660.6,41.1,0.14,ABBVIE (Abbott) Logis. UK,True,88.0,1566.21,49.06
2338,12443,106-HT-T01,Pre-PQ Process,SO-1289,DN-498,Haiti,PMO - US,From RDC,N/A - From RDC,Air,2006-12-30,2007-06-30,2007-12-31,2007-12-31,2007-12-31,ARV,Adult,SCMS from RDC,"Nevirapine 200mg, tablets, 60 Tabs",Nevirapine,Generic,200mg,Tablet,60,42000,142800.0,3.4,0.06,"Aurobindo Unit III, India",True,3957.0,32483.5,228.48
2339,12446,110-ZM-T01,Pre-PQ Process,SO-1316,DN-506,Zambia,PMO - US,From RDC,N/A - From RDC,Truck,2006-12-19,2007-06-19,2007-12-19,2007-12-19,2007-12-19,ARV,Adult,SCMS from RDC,"Nevirapine 200mg, tablets, 60 Tabs",Nevirapine,Generic,200mg,Tablet,60,77724,264261.6,3.4,0.06,"Cipla, Goa, India",True,8554.0,24405.0,422.82
2340,12447,117-ET-T01,Pre-PQ Process,SO-1530,DN-537,Ethiopia,PMO - US,From RDC,N/A - From RDC,Air,2006-12-20,2007-06-20,2007-12-20,2007-12-25,2007-12-25,ARV,Adult,SCMS from RDC,"Nevirapine 200mg, tablets, 60 Tabs",Nevirapine,Generic,200mg,Tablet,60,12745,43333.0,3.4,0.06,"Aurobindo Unit III, India",True,1197.0,8332.0,69.33
2341,12451,112-NG-T01,Pre-PQ Process,SO-1430,DN-567,Nigeria,PMO - US,From RDC,N/A - From RDC,Air,2007-01-16,2007-07-16,2008-01-16,2008-01-24,2008-01-24,ARV,Adult,SCMS from RDC,"Lamivudine/Nevirapine/Zidovudine 150/200/300mg, tablets, 60 Tabs",Lamivudine/Nevirapine/Zidovudine,Generic,150/300/200mg,Tablet - FDC,60,4836,99138.0,20.5,0.34,"Aurobindo Unit III, India",True,531.0,3228.0,158.62
2342,12452,104-CI-T01,Pre-PQ Process,SO-1657,DN-568,Côte d'Ivoire,PMO - US,From RDC,N/A - From RDC,Air,2007-01-25,2007-07-25,2008-01-25,2008-01-25,2008-01-25,ARV,Adult,SCMS from RDC,"Lopinavir/Ritonavir 200/50mg [Aluvia], tablets, 120 Tabs",Lopinavir/Ritonavir,Aluvia,200/50mg,Tablet,120,2121,87173.1,41.1,0.34,ABBVIE Ludwigshafen Germany,True,465.0,2206.0,139.48
2343,12453,117-ET-T01,Pre-PQ Process,SO-1522,DN-519,Ethiopia,PMO - US,From RDC,N/A - From RDC,Air,2007-01-31,2007-07-31,2008-01-31,2008-01-31,2008-01-31,ARV,Adult,SCMS from RDC,"Efavirenz 600mg, tablets, 30 Tabs",Efavirenz,Generic,600mg,Tablet,30,67624,839890.08,12.42,0.41,"Aurobindo Unit III, India",True,5840.0,20222.4,1343.82
2344,12454,111-MZ-T01,Pre-PQ Process,SO-1039,DN-601,Mozambique,PMO - US,From RDC,N/A - From RDC,Air,2007-04-08,2007-10-08,2008-04-08,2008-04-05,2008-04-05,ARV,Adult,SCMS from RDC,"Lamivudine/Nevirapine/Zidovudine 150/200/300mg, tablets, 60 Tabs",Lamivudine/Nevirapine/Zidovudine,Generic,150/300/200mg,Tablet - FDC,60,42700,576450.0,13.5,0.22,"Aurobindo Unit III, India",False,668.5,3247.5699999999997,922.32
2345,12455,107-RW-T01,Pre-PQ Process,SO-1534,DN-590,Rwanda,PMO - US,From RDC,N/A - From RDC,Air,2007-02-28,2007-08-29,2008-02-29,2008-02-29,2008-02-29,ARV,Pediatric,SCMS from RDC,"Lamivudine 10mg/ml, oral solution, Bottle, 240 ml",Lamivudine,Generic,10mg/ml,Oral solution,240,2000,3940.0,1.97,0.01,"Aurobindo Unit III, India",False,274.0,5865.805,6.3
2346,12456,110-ZM-T01,Pre-PQ Process,SO-1315,DN-508,Zambia,PMO - US,From RDC,N/A - From RDC,Truck,2006-12-28,2007-06-28,2007-12-28,2007-12-28,2007-12-28,ARV,Adult,SCMS from RDC,"Nevirapine 200mg, tablets, 60 Tabs",Nevirapine,Generic,200mg,Tablet,60,58680,199512.0,3.4,0.06,"Aurobindo Unit III, India",True,5557.0,15245.25,319.22
2347,12459,110-ZM-T01,Pre-PQ Process,SO-1035,DN-555,Zambia,PMO - US,From RDC,N/A - From RDC,Truck,2007-01-25,2007-07-25,2008-01-25,2008-01-25,2008-01-25,ARV,Adult,SCMS from RDC,"Efavirenz 600mg, tablets, 30 Tabs",Efavirenz,Generic,600mg,Tablet,30,14465,179655.3,12.42,0.41,Mylan (formerly Matrix) Nashik,True,1135.0,4428.75,287.45
2348,12460,104-CI-T01,Pre-PQ Process,SO-1104,DN-569,Côte d'Ivoire,PMO - US,From RDC,N/A - From RDC,Air,2007-01-29,2007-07-29,2008-01-29,2008-01-29,2008-01-29,ARV,Pediatric,SCMS from RDC,"Lamivudine 10mg/ml, oral solution, Bottle, 240 ml",Lamivudine,Generic,10mg/ml,Oral solution,240,15000,29550.0,1.97,0.01,"Aurobindo Unit III, India",False,1442.0,4063.81,47.28
2349,12461,107-RW-T01,Pre-PQ Process,SO-1222,DN-571,Rwanda,PMO - US,From RDC,N/A - From RDC,Air,2007-01-28,2007-07-28,2008-01-28,2008-01-28,2008-01-28,HRDT,HIV test,SCMS from RDC,"HIV 1/2, Determine HIV Kit, without Lancets, 100 Tests","HIV 1/2, Determine HIV Kit, without Lancets",Determine,no_dosage,Test kit,100,2093,150675.07,71.99,0.72,Inverness Japan,False,609.0,5865.805,241.08
2350,12462,107-RW-T01,Pre-PQ Process,SO-1223,DN-572,Rwanda,PMO - US,From RDC,N/A - From RDC,Air,2007-01-28,2007-07-28,2008-01-28,2008-01-28,2008-01-28,HRDT,HIV test - Ancillary,SCMS from RDC,"HIV, Lancet, Safety, for HIV Test kits, 100 Pcs","HIV, Lancet, Safety, for HIV Test kits, 100 Pcs",Generic,no_dosage,Test kit - Ancillary,100,1250,12.5,0.01,0.0,Inverness Japan,False,394.0,5865.805,0.02
2351,12464,106-HT-T01,Pre-PQ Process,SO-1288,DN-445,Haiti,PMO - US,From RDC,N/A - From RDC,Air,2007-01-22,2007-07-22,2008-01-22,2008-01-22,2008-01-22,ARV,Adult,SCMS from RDC,"Stavudine 20mg, capsules, 60 Caps",Stavudine,Generic,20mg,Capsule,60,100,175.0,1.75,0.03,"Aurobindo Unit III, India",False,36.0,2946.7200000000003,0.28
2352,12465,112-NG-T01,Pre-PQ Process,SO-1430,DN-551,Nigeria,PMO - US,From RDC,N/A - From RDC,Air,2007-01-16,2007-07-16,2008-01-16,2008-01-16,2008-01-16,ARV,Pediatric,SCMS from RDC,"Lamivudine 10mg/ml, oral solution, Bottle, 240 ml",Lamivudine,Generic,10mg/ml,Oral solution,240,4,10.36,2.59,0.01,"Aurobindo Unit III, India",False,78.0,10144.765,0.02
2353,12470,117-ET-T01,Pre-PQ Process,SO-1529,DN-524,Ethiopia,PMO - US,From RDC,N/A - From RDC,Air,2007-02-04,2007-08-04,2008-02-04,2008-02-04,2008-02-04,ARV,Pediatric,SCMS from RDC,"Zidovudine 10mg/ml, oral solution, Bottle, 240 ml",Zidovudine,Generic,10mg/ml,Oral solution,240,3326,7150.9,2.15,0.01,"Aurobindo Unit III, India",True,1225.0,4485.25,11.44
2354,12471,104-CI-T01,Pre-PQ Process,SO-1284,DN-610,Côte d'Ivoire,PMO - US,From RDC,N/A - From RDC,Air,2007-02-05,2007-08-05,2008-02-05,2008-02-19,2008-02-19,ARV,Adult,SCMS from RDC,"Lamivudine/Nevirapine/Stavudine 150/200/30mg, tablets, 60 Tabs",Lamivudine/Nevirapine/Stavudine,Generic,150/200/30mg,Tablet - FDC,60,35600,263440.0,7.4,0.12,"Cipla, Goa, India",True,3731.0,6778.91,421.5
2355,12472,104-CI-T01,Pre-PQ Process,SO-1663,DN-611,Côte d'Ivoire,PMO - US,From RDC,N/A - From RDC,Air,2007-03-06,2007-09-06,2008-03-06,2008-02-19,2008-02-19,ARV,Adult,SCMS from RDC,"Lamivudine/Zidovudine 150/300mg, tablets, 60 Tabs",Lamivudine/Zidovudine,Generic,150/300mg,Tablet - FDC,60,371,3524.5,9.5,0.16,"Aurobindo Unit III, India",True,4689.0,8321.29,5.64
2356,12473,113-ZW-T01,Pre-PQ Process,SO-1874,DN-803,Zimbabwe,PMO - US,From RDC,N/A - From RDC,Air,2007-07-01,2008-01-01,2008-07-01,2008-07-01,2008-07-01,HRDT,HIV test,SCMS from RDC,"HIV 1/2, Bioline 3.0 Kit, Lancets, Capillary pipets, Alcohol swabs included, 25 Tests","HIV 1/2, Bioline 3.0 Kit, Lancets, Capillary pipets, Alcohol swabs included",Bioline,no_dosage,Test kit,25,9700,194000.0,20.0,0.8,"Standard Diagnostics, Korea",True,2907.0,12781.58,310.4
2357,12475,106-HT-T01,Pre-PQ Process,SO-2071,DN-693,Haiti,PMO - US,From RDC,N/A - From RDC,Air,2007-04-11,2007-10-11,2008-04-11,2008-04-11,2008-04-11,ARV,Pediatric,SCMS from RDC,"Efavirenz 30mg/ml [Stocrin/Sustiva], oral solution, Bottle, 180 ml",Efavirenz,Stocrin/Sustiva,30mg/ml,Oral solution,180,70,1187.2,16.96,0.09,"MSD, Haarlem, NL",True,30.0,933.09,1.9
2358,12476,106-HT-T01,Pre-PQ Process,SO-2071,DN-693,Haiti,PMO - US,From RDC,N/A - From RDC,Air,2007-04-11,2007-10-11,2008-04-11,2008-04-11,2008-04-11,ARV,Pediatric,SCMS from RDC,"Efavirenz 30mg/ml [Stocrin/Sustiva], oral solution, Bottle, 180 ml",Efavirenz,Stocrin/Sustiva,30mg/ml,Oral solution,180,31,525.76,16.96,0.09,"MSD, Haarlem, NL",False,4.0,2946.7200000000003,0.84
2359,12477,112-NG-T01,Pre-PQ Process,SO-2351,DN-717,Nigeria,PMO - US,From RDC,N/A - From RDC,Air,2007-04-18,2007-10-18,2008-04-18,2008-04-18,2008-04-18,ARV,Adult,SCMS from RDC,"Stavudine 30mg, capsules, 60 Caps",Stavudine,Generic,30mg,Capsule,60,1521,2311.92,1.52,0.03,"Aurobindo Unit III, India",False,668.5,10144.765,3.7
2360,12478,112-NG-T01,Pre-PQ Process,SO-2351,DN-717,Nigeria,PMO - US,From RDC,N/A - From RDC,Air,2007-04-18,2007-10-18,2008-04-18,2008-04-18,2008-04-18,ARV,Adult,SCMS from RDC,"Stavudine 30mg, capsules, 60 Caps",Stavudine,Generic,30mg,Capsule,60,420,638.4,1.52,0.03,"Aurobindo Unit III, India",False,322.5,10144.765,1.02
2361,12479,112-NG-T01,Pre-PQ Process,SO-2351,DN-717,Nigeria,PMO - US,From RDC,N/A - From RDC,Air,2007-04-18,2007-10-18,2008-04-18,2008-04-18,2008-04-18,ARV,Adult,SCMS from RDC,"Efavirenz 600mg, tablets, 30 Tabs",Efavirenz,Generic,600mg,Tablet,30,3077,36954.77,12.01,0.4,"Aurobindo Unit III, India",False,668.5,10144.765,59.13
2362,12480,112-NG-T01,Pre-PQ Process,SO-2351,DN-717,Nigeria,PMO - US,From RDC,N/A - From RDC,Air,2007-04-18,2007-10-18,2008-04-18,2008-04-18,2008-04-18,ARV,Adult,SCMS from RDC,"Abacavir 300mg, tablets, 60 Tabs",Abacavir,Generic,300mg,Tablet,60,15,412.95,27.53,0.46,Mylan (formerly Matrix) Nashik,False,5256.0,10144.765,0.66
2363,12481,109-TZ-T01,Pre-PQ Process,SO-2560,DN-826,Tanzania,PMO - US,From RDC,N/A - From RDC,Air,2007-07-29,2008-01-29,2008-07-29,2008-07-29,2008-07-29,ARV,Adult,SCMS from RDC,"Lamivudine/Zidovudine 150/300mg, tablets, 60 Tabs",Lamivudine/Zidovudine,Generic,150/300mg,Tablet - FDC,60,122590,1158475.5,9.45,0.16,"Aurobindo Unit III, India",False,668.5,8925.0,1853.56
2364,12482,113-ZW-T01,Pre-PQ Process,SO-2790,DN-798,Zimbabwe,PMO - US,From RDC,N/A - From RDC,Truck,2007-07-30,2008-01-30,2008-07-30,2008-07-30,2008-07-30,ARV,Adult,SCMS from RDC,"Lamivudine/Nevirapine/Stavudine 150/200/30mg, tablets, 60 Tabs",Lamivudine/Nevirapine/Stavudine,Generic,150/200/30mg,Tablet - FDC,60,9732,72016.8,7.4,0.12,"Cipla, Goa, India",True,911.0,2705.71,115.23
2365,12483,106-HT-T01,Pre-PQ Process,SO-1916,DN-658,Haiti,PMO - US,From RDC,N/A - From RDC,Air,2007-03-19,2007-09-19,2008-03-19,2008-03-19,2008-03-19,HRDT,HIV test,SCMS from RDC,"HIV 1/2, Determine HIV Kit, without Lancets, 100 Tests","HIV 1/2, Determine HIV Kit, without Lancets",Determine,no_dosage,Test kit,100,345,23115.0,67.0,0.67,Inverness Japan,True,60.0,1328.2,36.98
2366,12484,109-TZ-T01,Pre-PQ Process,SO-2556,DN-748,Tanzania,PMO - US,From RDC,N/A - From RDC,Truck,2007-06-30,2007-12-30,2008-06-30,2008-06-30,2008-06-30,ARV,Adult,SCMS from RDC,"Efavirenz 600mg, tablets, 30 Tabs",Efavirenz,Generic,600mg,Tablet,30,75000,900750.0,12.01,0.4,"Aurobindo Unit III, India",True,15566.0,9330.0,1441.2
2367,12485,110-ZM-T01,Pre-PQ Process,SO-1992,DN-689,Zambia,PMO - US,From RDC,N/A - From RDC,Air,2007-04-03,2007-10-03,2008-04-03,2008-04-03,2008-04-03,ARV,Adult,SCMS from RDC,"Lamivudine/Zidovudine 150/300mg, tablets, 60 Tabs",Lamivudine/Zidovudine,Generic,150/300mg,Tablet - FDC,60,6597,62671.5,9.5,0.16,"Aurobindo Unit III, India",True,617.0,2891.6,100.27
2368,12486,109-TZ-T01,Pre-PQ Process,SO-2559,DN-791,Tanzania,PMO - US,From RDC,N/A - From RDC,Air,2007-09-16,2008-03-16,2008-09-16,2008-09-16,2008-09-16,ARV,Adult,SCMS from RDC,"Lamivudine/Nevirapine/Stavudine 150/200/30mg, tablets, 60 Tabs",Lamivudine/Nevirapine/Stavudine,Generic,150/200/30mg,Tablet - FDC,60,155319,1149360.6,7.4,0.12,"Cipla, Goa, India",True,28334.0,80239.66,1838.98
2369,12487,112-NG-T01,Pre-PQ Process,SO-1571,DN-620,Nigeria,PMO - US,From RDC,N/A - From RDC,Air,2007-02-14,2007-08-14,2008-02-14,2008-02-14,2008-02-14,ARV,Adult,SCMS from RDC,"Lamivudine/Nevirapine/Zidovudine 150/200/300mg, tablets, 60 Tabs",Lamivudine/Nevirapine/Zidovudine,Generic,150/300/200mg,Tablet - FDC,60,8940,120690.0,13.5,0.22,"Cipla, Goa, India",False,668.5,10144.765,193.1
2370,12488,111-MZ-T01,Pre-PQ Process,SO-2015,DN-665,Mozambique,PMO - US,From RDC,N/A - From RDC,Air,2007-06-05,2007-12-05,2008-06-05,2008-06-05,2008-06-05,ARV,Adult,SCMS from RDC,"Efavirenz 600mg, tablets, 30 Tabs",Efavirenz,Generic,600mg,Tablet,30,33787,419634.54,12.42,0.41,"Aurobindo Unit III, India",True,6081.0,3316.9,671.42
2371,12490,106-HT-T01,Pre-PQ Process,SO-2053,DN-744,Haiti,PMO - US,From RDC,N/A - From RDC,Air,2007-06-02,2007-12-02,2008-06-02,2008-06-02,2008-06-02,ARV,Adult,SCMS from RDC,"Stavudine 20mg, capsules, 60 Caps",Stavudine,Generic,20mg,Capsule,60,39,68.25,1.75,0.03,"Aurobindo Unit III, India",False,668.5,2946.7200000000003,0.11
2372,12492,110-ZM-T01,Pre-PQ Process,SO-1806,DN-625,Zambia,PMO - US,From RDC,N/A - From RDC,Truck,2007-03-28,2007-09-28,2008-03-28,2008-03-28,2008-03-28,ARV,Adult,SCMS from RDC,"Nevirapine 200mg, tablets, 60 Tabs",Nevirapine,Generic,200mg,Tablet,60,40000,136000.0,3.4,0.06,Hetero Unit III Hyderabad IN,False,4261.0,6476.695,217.6
2373,12493,114-UG-T01,Pre-PQ Process,SO-2341,DN-714,Uganda,PMO - US,From RDC,N/A - From RDC,Air,2007-05-19,2007-11-19,2008-05-19,2008-05-19,2008-05-19,ARV,Adult,SCMS from RDC,"Lamivudine/Zidovudine 150/300mg, tablets, 60 Tabs",Lamivudine/Zidovudine,Generic,150/300mg,Tablet - FDC,60,800,7560.0,9.45,0.16,"Aurobindo Unit III, India",True,75.0,935.8,12.1
2374,12495,109-TZ-T01,Pre-PQ Process,SO-2558,DN-764,Tanzania,PMO - US,From RDC,N/A - From RDC,Truck,2007-06-30,2007-12-30,2008-06-30,2008-06-30,2008-06-30,ARV,Adult,SCMS from RDC,"Lamivudine/Zidovudine 150/300mg, tablets, 60 Tabs",Lamivudine/Zidovudine,Generic,150/300mg,Tablet - FDC,60,112191,1060204.95,9.45,0.16,"Aurobindo Unit III, India",True,10453.0,8831.92,1696.33
2375,12496,123-NG-T01,Pre-PQ Process,SO-2553,DN-836,Nigeria,PMO - US,From RDC,N/A - From RDC,Air,2007-07-31,2008-01-31,2008-07-31,2008-07-31,2008-07-31,ARV,Pediatric,SCMS from RDC,"Efavirenz 200mg, capsule, 90 Caps",Efavirenz,Generic,200mg,Capsule,90,1132,18112.0,16.0,0.18,"Aurobindo Unit III, India",False,668.5,10144.765,28.98
2376,12497,104-CI-T01,Pre-PQ Process,SO-2043,DN-684,Côte d'Ivoire,PMO - US,From RDC,N/A - From RDC,Air,2007-04-08,2007-10-08,2008-04-08,2008-04-08,2008-04-08,ARV,Pediatric,SCMS from RDC,"Stavudine 1mg/ml, powder for oral solution, 200 ml",Stavudine,Generic,1mg/ml,Oral solution,200,1971,2759.4,1.4,0.01,"Aurobindo Unit III, India",False,668.5,4063.81,4.42
2377,12498,117-ET-T01,Pre-PQ Process,SO-2358,DN-720,Ethiopia,PMO - US,From RDC,N/A - From RDC,Air,2007-04-21,2007-10-21,2008-04-21,2008-04-21,2008-04-21,ARV,Pediatric,SCMS from RDC,"Stavudine 1mg/ml, powder for oral solution, 200 ml",Stavudine,Generic,1mg/ml,Oral solution,200,3000,4200.0,1.4,0.01,"Aurobindo Unit III, India",True,342.0,1850.7,6.72
2378,12499,102-KE-T01,Pre-PQ Process,SO-1975,DN-675,Kenya,PMO - US,From RDC,N/A - From RDC,Truck,2007-03-05,2007-09-05,2008-03-05,2008-03-05,2008-03-05,HRDT,HIV test - Ancillary,SCMS from RDC,"HIV, Lancet, Safety, for HIV Test kits, 100 Pcs","HIV, Lancet, Safety, for HIV Test kits, 100 Pcs",Generic,no_dosage,Test kit - Ancillary,100,1550,15.5,0.01,0.0,Inverness Japan,False,394.0,225.96,0.02
2379,12500,106-HT-T01,Pre-PQ Process,SO-2042,DN-682,Haiti,PMO - US,From RDC,N/A - From RDC,Air,2007-03-21,2007-09-21,2008-03-21,2008-03-21,2008-03-21,ARV,Adult,SCMS from RDC,"Stavudine 30mg, capsules, 60 Caps",Stavudine,Generic,30mg,Capsule,60,7770,11810.4,1.52,0.03,"Aurobindo Unit III, India",False,668.5,2946.7200000000003,18.9
2380,12501,104-CI-T01,Pre-PQ Process,SO-791,DN-641,Côte d'Ivoire,PMO - US,From RDC,N/A - From RDC,Air,2007-03-03,2007-09-03,2008-03-03,2008-03-03,2008-03-03,HRDT,HIV test,SCMS from RDC,"HIV 1/2, Determine HIV Kit, without Lancets, 100 Tests","HIV 1/2, Determine HIV Kit, without Lancets",Determine,no_dosage,Test kit,100,1505,108344.95,71.99,0.72,Inverness Japan,False,593.0,4063.81,173.35
2381,12502,109-TZ-T01,Pre-PQ Process,SO-1652,DN-637,Tanzania,PMO - US,From RDC,N/A - From RDC,Air,2007-03-28,2007-09-28,2008-03-28,2008-03-28,2008-03-28,ARV,Adult,SCMS from RDC,"Lamivudine/Zidovudine 150/300mg, tablets, 60 Tabs",Lamivudine/Zidovudine,Generic,150/300mg,Tablet - FDC,60,48610,461795.0,9.5,0.16,"Aurobindo Unit III, India",False,668.5,8925.0,738.87
2382,12503,106-HT-T01,Pre-PQ Process,SO-2069,DN-704,Haiti,PMO - US,From RDC,N/A - From RDC,Air,2007-04-21,2007-10-21,2008-04-21,2008-04-21,2008-04-21,ARV,Adult,SCMS from RDC,"Zidovudine 300mg, tablets, 60 Tabs",Zidovudine,Generic,300mg,Tablet,60,3115,25387.25,8.15,0.14,"Aurobindo Unit III, India",True,178.0,2599.0,40.62
2383,12504,109-TZ-T01,Pre-PQ Process,SO-2001,DN-757,Tanzania,PMO - US,From RDC,N/A - From RDC,Air,2007-06-30,2007-12-30,2008-06-30,2008-06-30,2008-06-30,ARV,Adult,SCMS from RDC,"Lamivudine/Zidovudine 150/300mg, tablets, 60 Tabs",Lamivudine/Zidovudine,Generic,150/300mg,Tablet - FDC,60,6722,63859.0,9.5,0.16,"Aurobindo Unit III, India",True,634.0,1108.08,102.17
2384,12505,110-ZM-T01,Pre-PQ Process,SO-1894,DN-808,Zambia,PMO - US,From RDC,N/A - From RDC,Truck,2007-07-23,2008-01-23,2008-07-23,2008-07-23,2008-07-23,ARV,Adult,SCMS from RDC,"Efavirenz 600mg, tablets, 30 Tabs",Efavirenz,Generic,600mg,Tablet,30,55000,660550.0,12.01,0.4,Mylan (formerly Matrix) Nashik,True,3925.0,2196.18,1056.88
2385,12506,104-CI-T01,Pre-PQ Process,SO-1307,DN-626,Côte d'Ivoire,PMO - US,From RDC,N/A - From RDC,Air,2007-02-27,2007-08-27,2008-02-27,2008-02-27,2008-02-27,ARV,Adult,SCMS from RDC,"Nevirapine 200mg, tablets, 60 Tabs",Nevirapine,Generic,200mg,Tablet,60,17621,59911.4,3.4,0.06,"Aurobindo Unit III, India",True,1650.0,3428.5,95.86
2386,12507,104-CI-T01,Pre-PQ Process,SO-1838,DN-632,Côte d'Ivoire,PMO - US,From RDC,N/A - From RDC,Air,2007-03-13,2007-09-13,2008-03-13,2008-03-13,2008-03-13,HRDT,HIV test,SCMS from RDC,"HIV 1/2, Determine HIV Kit, without Lancets, 100 Tests","HIV 1/2, Determine HIV Kit, without Lancets",Determine,no_dosage,Test kit,100,250,17997.5,71.99,0.72,Inverness Japan,False,78.0,4063.81,28.8
2387,12508,113-ZW-T01,Pre-PQ Process,SO-1922,DN-644,Zimbabwe,PMO - US,From RDC,N/A - From RDC,Truck,2007-03-12,2007-09-12,2008-03-12,2008-03-12,2008-03-12,ARV,Adult,SCMS from RDC,"Zidovudine 300mg, tablets, 60 Tabs",Zidovudine,Generic,300mg,Tablet,60,6295,51304.25,8.15,0.14,"Aurobindo Unit III, India",False,668.5,6721.705,82.09
2388,12509,106-HT-T01,Pre-PQ Process,SO-2348,DN-745,Haiti,PMO - US,From RDC,N/A - From RDC,Air,2007-06-02,2007-12-02,2008-06-02,2008-06-02,2008-06-02,ARV,Adult,SCMS from RDC,"Zidovudine 300mg, tablets, 60 Tabs",Zidovudine,Generic,300mg,Tablet,60,1925,15688.75,8.15,0.14,"Aurobindo Unit III, India",True,111.0,1355.06,25.1
2389,12510,102-KE-T01,Pre-PQ Process,SO-2692,DN-760,Kenya,PMO - US,From RDC,N/A - From RDC,Truck,2007-05-26,2007-11-26,2008-05-26,2008-05-26,2008-05-26,HRDT,HIV test - Ancillary,SCMS from RDC,"HIV, Lancet, Safety, for HIV Test kits, 100 Pcs","HIV, Lancet, Safety, for HIV Test kits, 100 Pcs",Generic,no_dosage,Test kit - Ancillary,100,1000,10.0,0.01,0.0,Inverness Japan,False,342.0,225.96,0.02
2390,12511,106-HT-T01,Pre-PQ Process,SO-2055,DN-690,Haiti,PMO - US,From RDC,N/A - From RDC,Air,2007-04-14,2007-10-14,2008-04-14,2008-04-14,2008-04-14,ARV,Adult,SCMS from RDC,"Lopinavir/Ritonavir 200/50mg [Aluvia], tablets, 120 Tabs",Lopinavir/Ritonavir,Aluvia,200/50mg,Tablet,120,240,9864.0,41.1,0.34,ABBVIE Ludwigshafen Germany,False,25.0,2946.7200000000003,15.78
2391,12513,100-PK-T01,Pre-PQ Process,SO-2497,DN-741,Pakistan,PMO - US,From RDC,N/A - From RDC,Air,2007-05-20,2007-11-20,2008-05-20,2008-05-20,2008-05-20,HRDT,HIV test,SCMS from RDC,"HIV 1/2, Uni-Gold HIV Kit, 20 Tests","HIV 1/2, Uni-Gold HIV Kit",Uni-Gold,no_dosage,Test kit,20,10,320.0,32.0,1.6,"Trinity Biotech, Plc",True,3.0,400.75,0.51
2392,12515,111-MZ-T01,Pre-PQ Process,SO-1882,DN-817,Mozambique,PMO - US,From RDC,N/A - From RDC,Air,2007-08-07,2008-02-07,2008-08-07,2008-08-07,2008-08-07,ARV,Adult,SCMS from RDC,"Lamivudine/Nevirapine/Stavudine 150/200/30mg, tablets, 60 Tabs",Lamivudine/Nevirapine/Stavudine,Generic,150/200/30mg,Tablet - FDC,60,138325,995940.0,7.2,0.12,"Strides, Bangalore, India.",False,668.5,3247.5699999999997,1593.5
2393,12516,109-TZ-T01,Pre-PQ Process,SO-2564,DN-751,Tanzania,PMO - US,From RDC,N/A - From RDC,Air,2007-07-01,2008-01-01,2008-07-01,2008-07-01,2008-07-01,ARV,Adult,SCMS from RDC,"Stavudine 30mg, capsules, 60 Caps",Stavudine,Generic,30mg,Capsule,60,75318,114483.36,1.52,0.03,"Aurobindo Unit III, India",True,5040.0,22965.4,183.17
2394,12517,109-TZ-T01,Pre-PQ Process,SO-1696,DN-763,Tanzania,PMO - US,From RDC,N/A - From RDC,Air,2007-07-09,2008-01-09,2008-07-09,2008-07-09,2008-07-09,ARV,Adult,SCMS from RDC,"Efavirenz 600mg, tablets, 30 Tabs",Efavirenz,Generic,600mg,Tablet,30,101445,1259946.9,12.42,0.41,"Aurobindo Unit III, India",False,668.5,8925.0,2015.92
2395,12518,109-TZ-T01,Pre-PQ Process,SO-1696,DN-763,Tanzania,PMO - US,From RDC,N/A - From RDC,Air,2007-07-09,2008-01-09,2008-07-09,2008-07-09,2008-07-09,ARV,Adult,SCMS from RDC,"Lamivudine/Zidovudine 150/300mg, tablets, 60 Tabs",Lamivudine/Zidovudine,Generic,150/300mg,Tablet - FDC,60,58086,551817.0,9.5,0.16,"Aurobindo Unit III, India",False,8343.0,8925.0,882.91
2396,12519,114-UG-T01,Pre-PQ Process,SO-2677,DN-789,Uganda,PMO - US,From RDC,N/A - From RDC,Air,2007-07-10,2008-01-10,2008-07-10,2008-07-10,2008-07-10,ARV,Adult,SCMS from RDC,"Stavudine 30mg, capsules, 60 Caps",Stavudine,Generic,30mg,Capsule,60,500,775.0,1.55,0.03,"Aurobindo Unit III, India",True,33.0,578.24,1.24
2397,12521,111-MZ-T01,Pre-PQ Process,SO-15084,DN-1024,Mozambique,PMO - US,From RDC,N/A - From RDC,Air,2008-02-09,2008-08-09,2009-02-09,2009-02-09,2009-02-09,ARV,Pediatric,SCMS from RDC,"Efavirenz 200mg, capsule, 90 Caps",Efavirenz,Generic,200mg,Capsule,90,560,8545.6,15.26,0.17,"Aurobindo Unit III, India",False,75.0,3247.5699999999997,16.75
2398,12522,111-MZ-T01,Pre-PQ Process,SO-18330,DN-1002,Mozambique,PMO - US,From RDC,N/A - From RDC,Air,2007-11-27,2008-05-27,2008-11-27,2008-11-27,2008-11-27,ARV,Adult,SCMS from RDC,"Ritonavir 100mg [Norvir], capsules, cool, 4 x 84 Caps",Ritonavir,Norvir,100mg,Capsule,336,180,0.0,0.0,0.0,ABBVIE (Abbott) France,True,256.0,2765.64,0.0
2399,12523,102-KE-T01,Pre-PQ Process,SO-11440,DN-965,Kenya,PMO - US,From RDC,N/A - From RDC,Truck,2007-10-23,2008-04-23,2008-10-23,2008-10-23,2008-10-23,HRDT,HIV test,SCMS from RDC,"HIV 1/2, Determine HIV Kit, without Lancets, 100 Tests","HIV 1/2, Determine HIV Kit, without Lancets",Determine,no_dosage,Test kit,100,5000,399950.0,79.99,0.8,Inverness Japan,False,1558.0,225.96,783.9
2400,12524,105-GY-T01,Pre-PQ Process,SO-18470,DN-1017,Guyana,PMO - US,From RDC,N/A - From RDC,Air,2007-11-21,2008-05-21,2008-11-21,2008-11-21,2008-11-21,ARV,Adult,SCMS from RDC,"Lamivudine 150mg, tablets, 60 Tabs",Lamivudine,Generic,150mg,Tablet,60,420,1218.0,2.9,0.05,"Aurobindo Unit III, India",False,322.5,1924.4650000000001,2.39
2401,12525,110-ZM-T01,Pre-PQ Process,SO-2494,DN-1005,Zambia,PMO - US,From RDC,N/A - From RDC,Truck,2007-12-01,2008-06-01,2008-12-01,2008-12-01,2008-12-01,ARV,Adult,SCMS from RDC,"Nevirapine 200mg, tablets, 60 Tabs",Nevirapine,Generic,200mg,Tablet,60,50000,170000.0,3.4,0.06,Hetero Unit III Hyderabad IN,True,2809.0,3629.37,333.2
2402,12526,110-ZM-T01,Pre-PQ Process,SO-15290,DN-999,Zambia,PMO - US,From RDC,N/A - From RDC,Air,2007-11-14,2008-05-14,2008-11-14,2008-11-14,2008-11-14,ARV,Pediatric,SCMS from RDC,"Zidovudine 10mg/ml, oral solution, Bottle, 240 ml",Zidovudine,Generic,10mg/ml,Oral solution,240,1800,3780.0,2.1,0.01,"Aurobindo Unit III, India",True,671.0,5110.76,7.41
2403,12527,112-NG-T01,Pre-PQ Process,SO-11020,DN-1013,Nigeria,PMO - US,From RDC,N/A - From RDC,Air,2007-11-20,2008-05-20,2008-11-20,2008-11-20,2008-11-20,ARV,Pediatric,SCMS from RDC,"Stavudine 1mg/ml, powder for oral solution, 200 ml",Stavudine,Generic,1mg/ml,Oral solution,200,36,50.4,1.4,0.01,"Aurobindo Unit III, India",True,4.0,857.17,0.1
2404,12530,100-PK-T01,Pre-PQ Process,SO-14930,DN-1004,Pakistan,PMO - US,From RDC,N/A - From RDC,Air,2007-11-17,2008-05-17,2008-11-17,2008-11-17,2008-11-17,HRDT,HIV test,SCMS from RDC,"HIV 1/2, Bioline 3.0 Kit, Lancets, Capillary pipets, Alcohol swabs included, 25 Tests","HIV 1/2, Bioline 3.0 Kit, Lancets, Capillary pipets, Alcohol swabs included",Bioline,no_dosage,Test kit,25,16,320.0,20.0,0.8,"Standard Diagnostics, Korea",False,139.0,14959.835,0.63
2405,12531,132-NG-T01,Pre-PQ Process,SO-2681,DN-843,Nigeria,PMO - US,From RDC,N/A - From RDC,Air,2007-07-28,2008-01-28,2008-07-28,2008-07-28,2008-07-28,ARV,Adult,SCMS from RDC,"Emtricitabine/Tenofovir Disoproxil Fumarate 200/300mg [Truvada], tablets, 30 Tabs",Emtricitabine/Tenofovir Disoproxil Fumarate,Truvada,300/200mg,Tablet - FDC,30,15000,393750.0,26.25,0.88,"Aspen-OSD, Port Elizabeth, SA",True,1309.0,7463.74,630.0
2406,12532,110-ZM-T01,Pre-PQ Process,SO-2482,DN-938,Zambia,PMO - US,From RDC,N/A - From RDC,Truck,2007-10-06,2008-04-06,2008-10-06,2008-10-06,2008-10-06,ARV,Adult,SCMS from RDC,"Efavirenz 600mg, tablets, 30 Tabs",Efavirenz,Generic,600mg,Tablet,30,50000,600500.0,12.01,0.4,Mylan (formerly Matrix) Nashik,True,3817.0,4579.42,960.8
2407,12533,110-ZM-T01,Pre-PQ Process,SO-16670,DN-993,Zambia,PMO - US,From RDC,N/A - From RDC,Truck,2007-12-01,2008-06-01,2008-12-01,2008-12-01,2008-12-01,ARV,Adult,SCMS from RDC,"Nevirapine 200mg, tablets, 60 Tabs",Nevirapine,Generic,200mg,Tablet,60,138,469.2,3.4,0.06,Hetero Unit III Hyderabad IN,False,668.5,6476.695,0.92
2408,12534,102-KE-T01,Pre-PQ Process,SO-11480,DN-994,Kenya,PMO - US,From RDC,N/A - From RDC,Truck,2007-10-30,2008-04-30,2008-10-31,2008-10-31,2008-10-31,HRDT,HIV test,SCMS from RDC,"HIV 1/2, Uni-Gold HIV Kit, 20 Tests","HIV 1/2, Uni-Gold HIV Kit",Uni-Gold,no_dosage,Test kit,20,1250,40000.0,32.0,1.6,"Trinity Biotech, Plc",True,393.0,157.5,78.4
2409,12535,123-NG-T01,Pre-PQ Process,SO-11231,DN-862,Nigeria,PMO - US,From RDC,N/A - From RDC,Air,2007-07-31,2008-01-31,2008-07-31,2008-07-31,2008-07-31,ARV,Adult,SCMS from RDC,"Emtricitabine/Tenofovir Disoproxil Fumarate 200/300mg [Truvada], tablets, 30 Tabs",Emtricitabine/Tenofovir Disoproxil Fumarate,Truvada,300/200mg,Tablet - FDC,30,20000,525000.0,26.25,0.88,"Aspen-OSD, Port Elizabeth, SA",True,1741.0,10665.71,840.0
2410,12536,114-UG-T01,Pre-PQ Process,SO-17450,DN-970,Uganda,PMO - US,From RDC,N/A - From RDC,Ocean,2008-02-02,2008-08-02,2009-02-02,2009-02-02,2009-02-02,ARV,Adult,SCMS from RDC,"Lamivudine/Stavudine 150/30mg, tablets, 30 Tabs",Lamivudine/Stavudine,Generic,150/30mg,Tablet - FDC,30,1166,2332.0,2.0,0.07,"Cipla, Goa, India",True,71.0,1240.0,4.57
2411,12537,111-MZ-T01,Pre-PQ Process,SO-2424,DN-850,Mozambique,PMO - US,From RDC,N/A - From RDC,Air,2007-09-05,2008-03-05,2008-09-05,2008-09-05,2008-09-05,ARV,Adult,SCMS from RDC,"Efavirenz 600mg, tablets, 30 Tabs",Efavirenz,Generic,600mg,Tablet,30,9650,115896.5,12.01,0.4,"Aurobindo Unit III, India",False,668.5,3247.5699999999997,185.43
2412,12538,111-MZ-T01,Pre-PQ Process,SO-2424,DN-850,Mozambique,PMO - US,From RDC,N/A - From RDC,Air,2007-09-05,2008-03-05,2008-09-05,2008-09-05,2008-09-05,ARV,Adult,SCMS from RDC,"Lamivudine/Nevirapine/Zidovudine 150/200/300mg, tablets, 60 Tabs",Lamivudine/Nevirapine/Zidovudine,Generic,150/300/200mg,Tablet - FDC,60,16990,229365.0,13.5,0.22,"Aurobindo Unit III, India",False,668.5,3247.5699999999997,366.98
2413,12539,111-MZ-T01,Pre-PQ Process,SO-2424,DN-850,Mozambique,PMO - US,From RDC,N/A - From RDC,Air,2007-09-05,2008-03-05,2008-09-05,2008-09-05,2008-09-05,ARV,Adult,SCMS from RDC,"Lamivudine 150mg, tablets, 60 Tabs",Lamivudine,Generic,150mg,Tablet,60,120,349.2,2.91,0.05,Hetero Unit III Hyderabad IN,False,22.0,3247.5699999999997,0.56
2414,12541,104-CI-T01,Pre-PQ Process,SO-21870,DN-1087,Côte d'Ivoire,PMO - US,From RDC,N/A - From RDC,Air,2008-03-02,2008-09-02,2009-03-02,2009-03-02,2009-03-02,ARV,Adult,SCMS from RDC,"Nevirapine 200mg, tablets, 60 Tabs",Nevirapine,Generic,200mg,Tablet,60,22566,67698.0,3.0,0.05,"Aurobindo Unit III, India",True,2113.0,5574.06,132.69
2415,12542,114-UG-T01,Pre-PQ Process,SO-17752,DN-1093,Uganda,PMO - US,From RDC,N/A - From RDC,Air,2008-03-03,2008-09-03,2009-03-03,2009-03-03,2009-03-03,ARV,Adult,SCMS from RDC,"Lamivudine/Nevirapine/Zidovudine 150/200/300mg, tablets, 60 Tabs",Lamivudine/Nevirapine/Zidovudine,Generic,150/300/200mg,Tablet - FDC,60,88,1038.4,11.8,0.2,"Aurobindo Unit III, India",True,10.0,1002.2,2.04
2416,12543,114-UG-T01,Pre-PQ Process,SO-17911,DN-1094,Uganda,PMO - US,From RDC,N/A - From RDC,Air,2008-03-19,2008-09-19,2009-03-19,2009-03-19,2009-03-19,ARV,Adult,SCMS from RDC,"Efavirenz 600mg, tablets, 30 Tabs",Efavirenz,Generic,600mg,Tablet,30,9,99.0,11.0,0.37,"Aurobindo Unit III, India",True,1.0,966.37,0.19
2417,12544,114-UG-T01,Pre-PQ Process,SO-17700,DN-992,Uganda,PMO - US,From RDC,N/A - From RDC,Air,2008-01-09,2008-07-09,2009-01-09,2009-01-09,2009-01-09,ARV,Adult,SCMS from RDC,"Lamivudine/Nevirapine/Stavudine 150/200/30mg, tablets, 60 Tabs",Lamivudine/Nevirapine/Stavudine,Generic,150/200/30mg,Tablet - FDC,60,965,6948.0,7.2,0.12,"Strides, Bangalore, India.",False,344.0,2485.92,13.62
2418,12545,123-NG-T01,Pre-PQ Process,SO-23040,DN-1106,Nigeria,PMO - US,From RDC,N/A - From RDC,Air,2008-02-26,2008-08-26,2009-02-26,2009-02-26,2009-02-26,ARV,Adult,SCMS from RDC,"Stavudine 30mg, capsules, 60 Caps",Stavudine,Generic,30mg,Capsule,60,11142,17270.1,1.55,0.03,"Aurobindo Unit III, India",True,739.0,6315.3,33.85
2419,12546,104-CI-T01,Pre-PQ Process,SO-21842,DN-1097,Côte d'Ivoire,PMO - US,From RDC,N/A - From RDC,Air,2008-03-18,2008-09-18,2009-03-18,2009-03-18,2009-03-18,ARV,Pediatric,SCMS from RDC,"Zidovudine 10mg/ml, oral solution, Bottle, 240 ml",Zidovudine,Generic,10mg/ml,Oral solution,240,1643,3450.3,2.1,0.01,"Aurobindo Unit III, India",True,483.0,7293.9,6.76
2420,12547,114-UG-T01,Pre-PQ Process,SO-17754,DN-1125,Uganda,PMO - US,From RDC,N/A - From RDC,Air,2008-04-08,2008-10-08,2009-04-08,2009-04-08,2009-04-08,ARV,Adult,SCMS from RDC,"Emtricitabine/Tenofovir Disoproxil Fumarate 200/300mg [Truvada], tablets, 30 Tabs",Emtricitabine/Tenofovir Disoproxil Fumarate,Truvada,300/200mg,Tablet - FDC,30,328,8610.0,26.25,0.88,"Aspen-OSD, Port Elizabeth, SA",False,668.5,2485.92,16.88
2421,12548,112-NG-T01,Pre-PQ Process,SO-2728,DN-917,Nigeria,PMO - US,From RDC,N/A - From RDC,Air,2007-09-24,2008-03-24,2008-09-24,2008-09-24,2008-09-24,ARV,Adult,SCMS from RDC,"Efavirenz 600mg, tablets, 30 Tabs",Efavirenz,Generic,600mg,Tablet,30,1957,22936.04,11.72,0.39,"Aurobindo Unit III, India",False,668.5,10144.765,36.7
2422,12549,106-HT-T01,Pre-PQ Process,SO-15930,DN-944,Haiti,PMO - US,From RDC,N/A - From RDC,Air,2007-11-04,2008-05-04,2008-11-04,2008-11-04,2008-11-04,ARV,Adult,SCMS from RDC,"Efavirenz 600mg, tablets, 30 Tabs",Efavirenz,Generic,600mg,Tablet,30,24599,270589.0,11.0,0.37,"Aurobindo Unit III, India",False,668.5,2946.7200000000003,530.35
2423,12550,131-NG-T01,Pre-PQ Process,SO-15051,DN-1057,Nigeria,PMO - US,From RDC,N/A - From RDC,Air,2008-01-19,2008-07-19,2009-01-19,2009-01-19,2009-01-19,ARV,Adult,SCMS from RDC,"Efavirenz 600mg, tablets, 30 Tabs",Efavirenz,Generic,600mg,Tablet,30,14000,154000.0,11.0,0.37,"Aurobindo Unit III, India",True,1169.0,13538.35,301.84
2424,12551,130-NG-T01,Pre-PQ Process,SO-10540,DN-844,Nigeria,PMO - US,From RDC,N/A - From RDC,Air,2007-07-24,2008-01-24,2008-07-24,2008-07-24,2008-07-24,ARV,Adult,SCMS from RDC,"Nevirapine 200mg, tablets, 60 Tabs",Nevirapine,Generic,200mg,Tablet,60,1672,5684.8,3.4,0.06,"Aurobindo Unit III, India",False,668.5,10144.765,9.1
2425,12552,114-UG-T01,Pre-PQ Process,SO-17900,DN-987,Uganda,PMO - US,From RDC,N/A - From RDC,Air,2008-01-06,2008-07-06,2009-01-06,2009-01-06,2009-01-06,ARV,Adult,SCMS from RDC,"Lamivudine/Stavudine 150/30mg, tablets, 30 Tabs",Lamivudine/Stavudine,Generic,150/30mg,Tablet - FDC,30,938,1876.0,2.0,0.07,"Cipla, Goa, India",False,668.5,2485.92,3.68
2426,12553,117-ET-T01,Pre-PQ Process,SO-22000,DN-1060,Ethiopia,PMO - US,From RDC,N/A - From RDC,Air,2008-02-18,2008-08-18,2009-02-18,2009-02-18,2009-02-18,ARV,Adult,SCMS from RDC,"Tenofovir Disoproxil Fumarate 300mg, tablets, 30 Tabs",Tenofovir Disoproxil Fumarate,Generic,300mg,Tablet,30,3100,41168.0,13.28,0.44,Mylan (formerly Matrix) Nashik,False,1156.0,4672.77,80.69
2427,12554,117-ET-T01,Pre-PQ Process,SO-22010,DN-1061,Ethiopia,PMO - US,From RDC,N/A - From RDC,Air,2008-01-29,2008-07-29,2009-01-29,2009-01-29,2009-01-29,ARV,Adult,SCMS from RDC,"Lamivudine/Nevirapine/Stavudine 150/200/30mg, tablets, 60 Tabs",Lamivudine/Nevirapine/Stavudine,Generic,150/200/30mg,Tablet - FDC,60,17103,121773.36,7.12,0.12,"Cipla, Goa, India",False,668.5,4672.77,238.68
2428,12555,123-NG-T01,Pre-PQ Process,SO-2554,DN-960,Nigeria,PMO - US,From RDC,N/A - From RDC,Air,2007-10-30,2008-04-30,2008-10-30,2008-10-30,2008-10-30,ARV,Adult,SCMS from RDC,"Lamivudine/Zidovudine 150/300mg, tablets, 60 Tabs",Lamivudine/Zidovudine,Generic,150/300mg,Tablet - FDC,60,2708,25590.6,9.45,0.16,Mylan (formerly Matrix) Nashik,False,668.5,10144.765,50.16
2429,12556,104-CI-T01,Pre-PQ Process,SO-21840,DN-1120,Côte d'Ivoire,PMO - US,From RDC,N/A - From RDC,Air,2008-05-26,2008-11-26,2009-05-26,2009-05-26,2009-05-26,ARV,Adult,SCMS from RDC,"Efavirenz 600mg, tablets, 30 Tabs",Efavirenz,Generic,600mg,Tablet,30,36391,386472.42,10.62,0.35,"Aurobindo Unit III, India",True,4156.0,11180.32,757.49
2430,12557,104-CI-T01,Pre-PQ Process,SO-21840,DN-1120,Côte d'Ivoire,PMO - US,From RDC,N/A - From RDC,Air,2008-05-26,2008-11-26,2009-05-26,2009-05-26,2009-05-26,ARV,Pediatric,SCMS from RDC,"Lamivudine 10mg/ml, oral solution, Bottle, 240 ml",Lamivudine,Generic,10mg/ml,Oral solution,240,3060,5814.0,1.9,0.01,"Aurobindo Unit III, India",False,247.0,4063.81,11.4
2431,12558,151-NG-T01,Pre-PQ Process,SO-21801,DN-1135,Nigeria,PMO - US,From RDC,N/A - From RDC,Air Charter,2008-03-19,2008-09-19,2009-03-19,2009-03-19,2009-03-19,ARV,Adult,SCMS from RDC,"Lamivudine/Nevirapine/Zidovudine 150/200/300mg, tablets, 60 Tabs",Lamivudine/Nevirapine/Zidovudine,Generic,150/300/200mg,Tablet - FDC,60,15944,181761.6,11.4,0.19,"Aurobindo Unit III, India",True,1793.0,11492.86,356.25
2432,12560,104-CI-T01,Pre-PQ Process,SO-27030,DN-1161,Côte d'Ivoire,PMO - US,From RDC,N/A - From RDC,Air,2008-03-20,2008-09-20,2009-03-20,2009-03-20,2009-03-20,ARV,Pediatric,SCMS from RDC,"Lopinavir/Ritonavir 80/20mg/ml [Kaletra], oral solution, cool, Bottle 5 x 60 ml",Lopinavir/Ritonavir,Kaletra,80/20mg/ml,Oral solution,300,896,36825.6,41.1,0.14,ABBVIE (Abbott) Logis. UK,True,668.5,4063.81,72.18
2433,12561,110-ZM-T01,Pre-PQ Process,SO-2478,DN-981,Zambia,PMO - US,From RDC,N/A - From RDC,Truck,2007-11-07,2008-05-07,2008-11-07,2008-11-07,2008-11-07,ARV,Pediatric,SCMS from RDC,"Didanosine 100mg, chewable/dispersible tablets, 60 Tabs",Didanosine,Generic,100mg,Chewable/dispersible tablet,60,4200,32550.0,7.75,0.13,"Aurobindo Unit III, India",True,867.0,2938.92,63.8
2434,12563,104-CI-T01,Pre-PQ Process,SO-970,DN-1163,Côte d'Ivoire,PMO - US,From RDC,N/A - From RDC,Air,2008-03-23,2008-09-23,2009-03-23,2009-03-23,2009-03-23,ARV,Pediatric,SCMS from RDC,"Lopinavir/Ritonavir 80/20mg/ml [Kaletra], oral solution, cool, Bottle 5 x 60 ml",Lopinavir/Ritonavir,Kaletra,80/20mg/ml,Oral solution,300,405,16645.5,41.1,0.14,ABBVIE (Abbott) Logis. UK,False,57.0,4063.81,32.63
2435,12564,104-CI-T01,Pre-PQ Process,SO-21871,DN-1170,Côte d'Ivoire,PMO - US,From RDC,N/A - From RDC,Air,2008-06-19,2008-12-19,2009-06-19,2009-06-19,2009-06-19,ARV,Adult,SCMS from RDC,"Nevirapine 200mg, tablets, 60 Tabs",Nevirapine,Generic,200mg,Tablet,60,5259,15777.0,3.0,0.05,Hetero Unit III Hyderabad IN,True,294.0,5432.93,30.92
2436,12565,110-ZM-T01,Pre-PQ Process,SO-17610,DN-1178,Zambia,PMO - US,From RDC,N/A - From RDC,Truck,2008-04-27,2008-10-27,2009-04-27,2009-04-27,2009-04-27,ARV,Adult,SCMS from RDC,"Efavirenz 600mg, tablets, 30 Tabs",Efavirenz,Generic,600mg,Tablet,30,60000,660000.0,11.0,0.37,"Aurobindo Unit III, India",True,5144.0,13853.29,1293.6
2437,12567,111-MZ-T01,Pre-PQ Process,SO-27870,DN-1195,Mozambique,PMO - US,From RDC,N/A - From RDC,Air,2008-06-16,2008-12-16,2009-06-16,2009-06-16,2009-06-16,ARV,Adult,SCMS from RDC,"Lamivudine/Nevirapine/Zidovudine 150/200/300mg, tablets, 60 Tabs",Lamivudine/Nevirapine/Zidovudine,Generic,150/300/200mg,Tablet - FDC,60,26292,310245.6,11.8,0.2,Mylan (formerly Matrix) Nashik,True,3218.0,15990.35,608.08
2438,12568,151-NG-T01,Pre-PQ Process,SO-22521,DN-1196,Nigeria,PMO - US,From RDC,N/A - From RDC,Air Charter,2008-05-08,2008-11-08,2009-05-08,2009-05-08,2009-05-08,ARV,Adult,SCMS from RDC,"Lamivudine/Nevirapine/Zidovudine 150/200/300mg, tablets, 60 Tabs",Lamivudine/Nevirapine/Zidovudine,Generic,150/300/200mg,Tablet - FDC,60,71422,814210.8,11.4,0.19,"Aurobindo Unit III, India",True,8016.0,15128.37,1595.85
2439,12569,114-UG-T01,Pre-PQ Process,SO-26180,DN-1197,Uganda,PMO - US,From RDC,N/A - From RDC,Air,2008-04-24,2008-10-24,2009-04-24,2009-04-24,2009-04-24,ARV,Adult,SCMS from RDC,"Lopinavir/Ritonavir 200/50mg [Aluvia], tablets, 120 Tabs",Lopinavir/Ritonavir,Aluvia,200/50mg,Tablet,120,80,3288.0,41.1,0.34,ABBVIE Ludwigshafen Germany,True,19.0,1381.64,6.44
2440,12570,151-NG-T01,Pre-PQ Process,SO-22523,DN-1202,Nigeria,PMO - US,From RDC,N/A - From RDC,Air,2008-04-29,2008-10-29,2009-04-29,2009-04-29,2009-04-29,ARV,Adult,SCMS from RDC,"Emtricitabine/Tenofovir Disoproxil Fumarate 200/300mg [Truvada], tablets, 30 Tabs",Emtricitabine/Tenofovir Disoproxil Fumarate,Truvada,300/200mg,Tablet - FDC,30,17933,470741.25,26.25,0.88,"Aspen-OSD, Port Elizabeth, SA",True,1564.0,16864.58,922.65
2441,12571,123-NG-T01,Pre-PQ Process,SO-23431,DN-1203,Nigeria,PMO - US,From RDC,N/A - From RDC,Air Charter,2008-05-08,2008-11-08,2009-05-08,2009-05-08,2009-05-08,ARV,Adult,SCMS from RDC,"Lamivudine/Zidovudine 150/300mg, tablets, 60 Tabs",Lamivudine/Zidovudine,Generic,150/300mg,Tablet - FDC,60,10000,93500.0,9.35,0.16,"Aurobindo Unit III, India",True,905.0,15128.37,183.26
2442,12572,106-HT-T01,Pre-PQ Process,SO-24830,DN-1205,Haiti,PMO - US,From RDC,N/A - From RDC,Air,2008-05-19,2008-11-19,2009-05-19,2009-05-19,2009-05-19,ARV,Pediatric,SCMS from RDC,"Abacavir 20mg/ml, oral solution, Bottle, 240 ml",Abacavir,Generic,20mg/ml,Oral solution,240,398,5970.0,15.0,0.06,"Aurobindo Unit III, India",False,668.5,2946.7200000000003,11.7
2443,12573,126-NG-T01,Pre-PQ Process,SO-26250,DN-1212,Nigeria,PMO - US,From RDC,N/A - From RDC,Air Charter,2008-05-08,2008-11-08,2009-05-08,2009-05-08,2009-05-08,ARV,Adult,SCMS from RDC,"Lamivudine/Tenofovir Disoproxil Fumarate 300/300mg, tablets, 30 Tabs",Lamivudine/Tenofovir Disoproxil Fumarate,Generic,300/300mg,Tablet - FDC,30,23991,275896.5,11.5,0.38,Mylan (formerly Matrix) Nashik,True,2096.0,15128.37,540.76
2444,12574,106-HT-T01,Pre-PQ Process,SO-24870,DN-1218,Haiti,PMO - US,From RDC,N/A - From RDC,Air,2008-05-22,2008-11-22,2009-05-22,2009-05-22,2009-05-22,ARV,Pediatric,SCMS from RDC,"Efavirenz 30mg/ml [Stocrin/Sustiva], oral solution, Bottle, 180 ml",Efavirenz,Stocrin/Sustiva,30mg/ml,Oral solution,180,98,1662.08,16.96,0.09,"MSD, Haarlem, NL",True,28.0,988.24,3.26
2445,12575,104-CI-T01,Pre-PQ Process,SO-21883,DN-1220,Côte d'Ivoire,PMO - US,From RDC,N/A - From RDC,Air,2008-05-20,2008-11-20,2009-05-20,2009-05-20,2009-05-20,ARV,Adult,SCMS from RDC,"Lamivudine/Zidovudine 150/300mg, tablets, 60 Tabs",Lamivudine/Zidovudine,Generic,150/300mg,Tablet - FDC,60,6476,56729.76,8.76,0.15,Mylan (formerly Matrix) Nashik,True,540.0,4881.06,111.19
2446,12576,151-NG-T01,Pre-PQ Process,SO-22525,DN-1206,Nigeria,PMO - US,From RDC,N/A - From RDC,Ocean,2008-04-30,2008-10-30,2009-04-30,2009-04-30,2009-04-30,ARV,Adult,SCMS from RDC,"Lamivudine/Nevirapine/Zidovudine 150/200/300mg, tablets, 60 Tabs",Lamivudine/Nevirapine/Zidovudine,Generic,150/300/200mg,Tablet - FDC,60,13334,152007.6,11.4,0.19,Mylan (formerly Matrix) Nashik,True,1626.0,17096.24,297.93
2447,12577,106-HT-T01,Pre-PQ Process,SO-24840,DN-1221,Haiti,PMO - US,From RDC,N/A - From RDC,Air,2008-05-22,2008-11-22,2009-05-22,2009-05-22,2009-05-22,ARV,Pediatric,SCMS from RDC,"Zidovudine 100mg, capsules, 100 Caps",Zidovudine,Generic,100mg,Capsule,100,504,2766.96,5.49,0.05,"Aurobindo Unit III, India",False,668.5,2946.7200000000003,5.42
2448,12578,114-UG-T01,Pre-PQ Process,SO-26140,DN-1222,Uganda,PMO - US,From RDC,N/A - From RDC,Air,2008-06-24,2008-12-24,2009-06-24,2009-06-24,2009-06-24,ARV,Adult,SCMS from RDC,"Nevirapine 200mg, tablets, 60 Tabs",Nevirapine,Generic,200mg,Tablet,60,107,342.4,3.2,0.05,"Aurobindo Unit III, India",False,668.5,2485.92,0.67
2449,12579,104-CI-T01,Pre-PQ Process,SO-27520,DN-1234,Côte d'Ivoire,PMO - US,From RDC,N/A - From RDC,Air,2008-06-11,2008-12-11,2009-06-11,2009-06-11,2009-06-11,ARV,Adult,SCMS from RDC,"Lamivudine 150mg, tablets, 60 Tabs",Lamivudine,Generic,150mg,Tablet,60,17100,41724.0,2.44,0.04,"Aurobindo Unit III, India",False,668.5,4063.81,81.78
2450,12580,104-CI-T01,Pre-PQ Process,SO-27520,DN-1234,Côte d'Ivoire,PMO - US,From RDC,N/A - From RDC,Air,2008-06-11,2008-12-11,2009-06-11,2009-06-11,2009-06-11,ARV,Adult,SCMS from RDC,"Stavudine 15mg, capsules, 60 Caps",Stavudine,Generic,15mg,Capsule,60,560,840.0,1.5,0.02,"Aurobindo Unit III, India",False,75.0,4063.81,1.65
2451,12581,100-GH-T01,Pre-PQ Process,SO-30710,DN-1236,Ghana,PMO - US,From RDC,N/A - From RDC,Truck,2008-08-12,2009-02-12,2009-08-12,2009-08-12,2009-08-12,ARV,Pediatric,SCMS from RDC,"Lopinavir/Ritonavir 80/20mg/ml [Kaletra], oral solution, cool, Bottle 5 x 60 ml",Lopinavir/Ritonavir,Kaletra,80/20mg/ml,Oral solution,300,1059,10.59,0.01,0.0,ABBVIE (Abbott) Logis. UK,True,668.5,3975.7,0.02
2452,12585,123-NG-T01,Pre-PQ Process,SO-22840,DN-1245,Nigeria,PMO - US,From RDC,N/A - From RDC,Air Charter,2008-06-16,2008-12-16,2009-06-16,2009-06-16,2009-06-16,ARV,Adult,SCMS from RDC,"Stavudine 30mg, capsules, 60 Caps",Stavudine,Generic,30mg,Capsule,60,12000,17880.0,1.49,0.02,"Aurobindo Unit III, India",True,789.0,7329.83,35.04
2453,12586,119-NA-T01,Pre-PQ Process,SO-30460,DN-1251,Namibia,PMO - US,From RDC,N/A - From RDC,Air,2008-06-15,2008-12-15,2009-06-15,2009-06-15,2009-06-15,ARV,Adult,SCMS from RDC,"Lamivudine/Tenofovir Disoproxil Fumarate 300/300mg, tablets, 30 Tabs",Lamivudine/Tenofovir Disoproxil Fumarate,Generic,300/300mg,Tablet - FDC,30,5000,50000.0,10.0,0.33,Mylan (formerly Matrix) Nashik,True,419.0,2317.2,98.0
2454,12587,114-UG-T01,Pre-PQ Process,SO-30110,DN-1256,Uganda,PMO - US,From RDC,N/A - From RDC,Air,2008-06-24,2008-12-24,2009-06-24,2009-06-24,2009-06-24,ARV,Adult,SCMS from RDC,"Lamivudine/Nevirapine/Zidovudine 150/200/300mg, tablets, 60 Tabs",Lamivudine/Nevirapine/Zidovudine,Generic,150/300/200mg,Tablet - FDC,60,1155,13109.25,11.35,0.19,Mylan (formerly Matrix) Nashik,True,147.0,1848.59,25.69
2455,12591,114-UG-T01,Pre-PQ Process,SO-31430,DN-1281,Uganda,PMO - US,From RDC,N/A - From RDC,Air,2008-06-26,2008-12-26,2009-06-26,2009-06-26,2009-06-26,ARV,Adult,SCMS from RDC,"Lopinavir/Ritonavir 200/50mg [Aluvia], tablets, 120 Tabs",Lopinavir/Ritonavir,Aluvia,200/50mg,Tablet,120,220,9042.0,41.1,0.34,ABBVIE Ludwigshafen Germany,True,50.0,1359.4,17.72
2456,12592,110-ZM-T01,Pre-PQ Process,SO-29060,DN-1285,Zambia,PMO - US,From RDC,N/A - From RDC,Truck,2008-07-02,2009-01-02,2009-07-02,2009-07-02,2009-07-02,ARV,Adult,SCMS from RDC,"Lamivudine/Tenofovir Disoproxil Fumarate 300/300mg, tablets, 30 Tabs",Lamivudine/Tenofovir Disoproxil Fumarate,Generic,300/300mg,Tablet - FDC,30,92000,1058000.0,11.5,0.38,Mylan (formerly Matrix) Nashik,True,7101.0,16702.26,2073.68
2457,12593,110-ZM-T01,Pre-PQ Process,SO-31900,DN-1286,Zambia,PMO - US,From RDC,N/A - From RDC,Air,2008-07-02,2009-01-02,2009-07-02,2009-07-02,2009-07-02,ARV,Pediatric,SCMS from RDC,"Efavirenz 200mg, capsule, 90 Caps",Efavirenz,Generic,200mg,Capsule,90,4000,61040.0,15.26,0.17,"Aurobindo Unit III, India",True,481.0,2951.12,119.64
2458,12594,104-CI-T01,Pre-PQ Process,SO-31960,DN-1297,Côte d'Ivoire,PMO - US,From RDC,N/A - From RDC,Air,2008-06-30,2008-12-30,2009-06-30,2009-06-30,2009-06-30,ARV,Adult,SCMS from RDC,"Emtricitabine/Tenofovir Disoproxil Fumarate 200/300mg [Truvada], tablets, 30 Tabs",Emtricitabine/Tenofovir Disoproxil Fumarate,Truvada,300/200mg,Tablet - FDC,30,2160,56700.0,26.25,0.88,"Aspen-OSD, Port Elizabeth, SA",True,186.0,1660.07,111.13
2459,12597,106-HT-T01,Pre-PQ Process,SO-30170,DN-1309,Haiti,PMO - US,From RDC,N/A - From RDC,Air,2008-06-24,2008-12-24,2009-06-24,2009-06-24,2009-06-24,ARV,Adult,SCMS from RDC,"Lamivudine/Zidovudine 150/300mg, tablets, 60 Tabs",Lamivudine/Zidovudine,Generic,150/300mg,Tablet - FDC,60,25824,226218.24,8.76,0.15,"Aurobindo Unit III, India",True,2359.0,26714.63,443.39
2460,12598,110-ZM-T01,Pre-PQ Process,SO-32510,DN-1329,Zambia,PMO - US,From RDC,N/A - From RDC,Truck,2008-09-04,2009-03-04,2009-09-04,2009-09-04,2009-09-04,ARV,Adult,SCMS from RDC,"Lamivudine/Nevirapine/Stavudine 150/200/30mg, tablets, 60 Tabs",Lamivudine/Nevirapine/Stavudine,Generic,150/200/30mg,Tablet - FDC,60,35000,249200.0,7.12,0.12,"Strides, Bangalore, India.",True,2604.0,2448.71,488.43
2461,12599,151-NG-T01,Pre-PQ Process,SO-32640,DN-1342,Nigeria,PMO - US,From RDC,N/A - From RDC,Air Charter,2008-08-04,2009-02-04,2009-08-04,2009-08-04,2009-08-04,ARV,Adult,SCMS from RDC,"Lamivudine/Nevirapine/Zidovudine 150/200/300mg, tablets, 60 Tabs",Lamivudine/Nevirapine/Zidovudine,Generic,150/300/200mg,Tablet - FDC,60,23670,269838.0,11.4,0.19,"Aurobindo Unit III, India",True,2666.0,7445.8,528.88
2462,12630,111-MZ-T01,Pre-PQ Process,SO-380,DN-88,Mozambique,PMO - US,From RDC,N/A - From RDC,Air,2006-05-04,2006-11-04,2007-05-04,2007-05-04,2007-05-04,ARV,Pediatric,SCMS from RDC,"Efavirenz 50mg [Stocrin/Sustiva], capsule, 30 Caps",Efavirenz,Stocrin/Sustiva,50mg,Capsule,30,3756,12845.52,3.42,0.11,"MSD Manati, Puerto Rico, (USA)",True,668.5,679.6,0.0
2463,12600,151-NG-T01,Pre-PQ Process,SO-27815,DN-1351,Nigeria,PMO - US,From RDC,N/A - From RDC,Air Charter,2008-08-04,2009-02-04,2009-08-04,2009-08-04,2009-08-04,ARV,Adult,SCMS from RDC,"Emtricitabine/Tenofovir Disoproxil Fumarate 200/300mg [Truvada], tablets, 30 Tabs",Emtricitabine/Tenofovir Disoproxil Fumarate,Truvada,300/200mg,Tablet - FDC,30,671,17613.75,26.25,0.88,"Aspen-OSD, Port Elizabeth, SA",True,59.0,7445.8,34.52
2464,12601,110-ZM-T01,Pre-PQ Process,SO-31951,DN-1362,Zambia,PMO - US,From RDC,N/A - From RDC,Truck,2008-09-15,2009-03-15,2009-09-15,2009-09-15,2009-09-15,ARV,Adult,SCMS from RDC,"Zidovudine 300mg, tablets, 60 Tabs",Zidovudine,Generic,300mg,Tablet,60,12294,94786.74,7.71,0.13,Hetero Unit III Hyderabad IN,True,629.0,8281.69,185.78
2465,12602,114-UG-T01,Pre-PQ Process,SO-31460,DN-1300,Uganda,PMO - US,From RDC,N/A - From RDC,Air,2008-09-15,2009-03-15,2009-09-15,2009-09-15,2009-09-15,ARV,Adult,SCMS from RDC,"Nevirapine 200mg, tablets, 60 Tabs",Nevirapine,Generic,200mg,Tablet,60,2250,6525.0,2.9,0.05,"Aurobindo Unit III, India",False,763.0,2485.92,12.79
2466,12603,114-UG-T01,Pre-PQ Process,SO-30120,DN-1369,Uganda,PMO - US,From RDC,N/A - From RDC,Air,2008-08-10,2009-02-10,2009-08-10,2009-08-10,2009-08-10,ARV,Adult,SCMS from RDC,"Lamivudine/Zidovudine 150/300mg, tablets, 60 Tabs",Lamivudine/Zidovudine,Generic,150/300mg,Tablet - FDC,60,2420,21199.2,8.76,0.15,Mylan (formerly Matrix) Nashik,True,202.0,1534.1,41.55
2467,12604,111-MZ-T01,Pre-PQ Process,SO-32530,DN-1380,Mozambique,PMO - US,From RDC,N/A - From RDC,Truck,2008-09-17,2009-03-17,2009-09-17,2009-09-17,2009-09-17,ARV,Adult,SCMS from RDC,"Lamivudine/Nevirapine/Stavudine 150/200/30mg, tablets, 60 Tabs",Lamivudine/Nevirapine/Stavudine,Generic,150/200/30mg,Tablet - FDC,60,42000,299040.0,7.12,0.12,"Strides, Bangalore, India.",False,3957.0,5192.68,586.12
2468,12608,111-MZ-T01,Pre-PQ Process,SO-32570,DN-1396,Mozambique,PMO - US,From RDC,N/A - From RDC,Truck,2008-10-07,2009-04-07,2009-10-07,2009-10-07,2009-10-07,ARV,Adult,SCMS from RDC,"Lamivudine/Stavudine 150/30mg, tablets, 60 Tabs",Lamivudine/Stavudine,Generic,150/30mg,Tablet - FDC,60,17500,68250.0,3.9,0.06,Mylan (formerly Matrix) Nashik,True,1292.0,1588.05,133.77
2469,12609,110-ZM-T01,Pre-PQ Process,SO-17660,DN-1403,Zambia,PMO - US,From RDC,N/A - From RDC,Truck,2008-09-22,2009-03-22,2009-09-22,2009-09-22,2009-09-22,ARV,Adult,SCMS from RDC,"Efavirenz 600mg, tablets, 30 Tabs",Efavirenz,Generic,600mg,Tablet,30,88000,968000.0,11.0,0.37,"Aurobindo Unit III, India",True,7579.0,6759.28,1897.28
2470,12610,109-TZ-T01,Pre-PQ Process,SO-18750,DN-1431,Tanzania,PMO - US,From RDC,N/A - From RDC,Truck,2008-09-25,2009-03-25,2009-09-25,2009-09-25,2009-09-25,ARV,Adult,SCMS from RDC,"Tenofovir Disoproxil Fumarate 300mg [Viread], tablets, 30 Tabs",Tenofovir Disoproxil Fumarate,Viread,300mg,Tablet,30,536,9112.0,17.0,0.57,"Aspen-OSD, Port Elizabeth, SA",True,41.0,2233.61,17.86
2471,12611,110-ZM-T01,Pre-PQ Process,SO-32850,DN-1432,Zambia,PMO - US,From RDC,N/A - From RDC,Truck,2008-10-02,2009-04-02,2009-10-02,2009-10-02,2009-10-02,ARV,Adult,SCMS from RDC,"Lamivudine/Zidovudine 150/300mg, tablets, 60 Tabs",Lamivudine/Zidovudine,Generic,150/300mg,Tablet - FDC,60,111538,977072.88,8.76,0.15,"Aurobindo Unit III, India",False,668.5,6476.695,1915.06
2472,12612,111-MZ-T01,Pre-PQ Process,SO-26421,DN-1413,Mozambique,PMO - US,From RDC,N/A - From RDC,Air,2008-08-27,2009-02-27,2009-08-27,2009-08-27,2009-08-27,ARV,Adult,SCMS from RDC,"Lamivudine/Nevirapine/Stavudine 150/200/30mg, tablets, 60 Tabs",Lamivudine/Nevirapine/Stavudine,Generic,150/200/30mg,Tablet - FDC,60,98396,700579.52,7.12,0.12,"Strides, Bangalore, India.",True,7426.0,2400.25,1373.14
2473,12613,151-NG-T01,Pre-PQ Process,SO-27820,DN-1440,Nigeria,PMO - US,From RDC,N/A - From RDC,Air Charter,2008-10-20,2009-04-20,2009-10-20,2009-10-20,2009-10-20,ARV,Adult,SCMS from RDC,"Emtricitabine/Tenofovir Disoproxil Fumarate 200/300mg, tablets, 30 Tabs",Emtricitabine/Tenofovir Disoproxil Fumarate,Generic,200/300mg,Tablet - FDC,30,121280,1425040.0,11.75,0.39,Mylan (formerly Matrix) Nashik,True,9813.0,9341.49,2793.08
2474,12614,109-TZ-T01,Pre-PQ Process,SO-31282,DN-1459,Tanzania,PMO - US,From RDC,N/A - From RDC,Truck,2008-10-26,2009-04-26,2009-10-26,2009-10-26,2009-10-26,ARV,Adult,SCMS from RDC,"Abacavir 300mg, tablets, 60 Tabs",Abacavir,Generic,300mg,Tablet,60,15900,404655.0,25.45,0.42,Mylan (formerly Matrix) Nashik,True,1630.0,2217.5,793.12
2475,12616,117-ET-T01,Pre-PQ Process,SO-33630,DN-1471,Ethiopia,PMO - US,From RDC,N/A - From RDC,Air,2008-10-06,2009-04-06,2009-10-06,2009-10-06,2009-10-06,ARV,Adult,SCMS from RDC,"Lamivudine 150mg, tablets, 60 Tabs",Lamivudine,Generic,150mg,Tablet,60,4275,10431.0,2.44,0.04,"Aurobindo Unit III, India",False,668.5,4672.77,20.44
2476,12617,106-HT-T01,Pre-PQ Process,SO-32770,DN-1465,Haiti,PMO - US,From RDC,N/A - From RDC,Air,2008-10-13,2009-04-13,2009-10-13,2009-10-13,2009-10-13,ARV,Adult,SCMS from RDC,"Efavirenz 600mg, tablets, 30 Tabs",Efavirenz,Generic,600mg,Tablet,30,36456,226756.32,6.22,0.21,"Aurobindo Unit III, India",True,3160.0,32104.3,444.44
2477,12618,111-MZ-T01,Pre-PQ Process,SO-33340,DN-1485,Mozambique,PMO - US,From RDC,N/A - From RDC,Air,2008-11-13,2009-05-13,2009-11-13,2009-11-13,2009-11-13,ARV,Adult,SCMS from RDC,"Stavudine 30mg, capsules, 60 Caps",Stavudine,Generic,30mg,Capsule,60,945,1408.05,1.49,0.02,"Aurobindo Unit III, India",True,62.0,1074.8,3.04
2478,12619,104-CI-T01,Pre-PQ Process,SO-34060,DN-1518,Côte d'Ivoire,PMO - US,From RDC,N/A - From RDC,Air,2008-11-16,2009-05-16,2009-11-16,2009-11-16,2009-11-16,ARV,Adult,SCMS from RDC,"Emtricitabine/Tenofovir Disoproxil Fumarate 200/300mg [Truvada], tablets, 30 Tabs",Emtricitabine/Tenofovir Disoproxil Fumarate,Truvada,300/200mg,Tablet - FDC,30,576,15120.0,26.25,0.88,"Aspen-OSD, Port Elizabeth, SA",True,129.5,4063.81,32.6
2479,12620,111-MZ-T01,Pre-PQ Process,SO-15520,DN-1549,Mozambique,PMO - US,From RDC,N/A - From RDC,Air,2009-01-06,2009-07-06,2010-01-06,2010-01-06,2010-01-06,ARV,Adult,SCMS from RDC,"Stavudine 30mg, capsules, 60 Caps",Stavudine,Generic,30mg,Capsule,60,735,1073.1,1.46,0.02,"Aurobindo Unit III, India",True,47.0,955.36,2.31
2480,12622,111-MZ-T01,Pre-PQ Process,SO-325,DN-18,Mozambique,PMO - US,From RDC,N/A - From RDC,Air,2006-03-29,2006-09-29,2007-03-29,2007-03-29,2007-03-29,ARV,Pediatric,SCMS from RDC,"Lamivudine 10mg/ml, oral solution, Bottle, 240 ml",Lamivudine,Generic,10mg/ml,Oral solution,240,7707,18805.08,2.44,0.01,"Cipla, Goa, India",True,668.5,2123.04,0.0
2481,12625,102-NG-T01,Pre-PQ Process,SO-131,DN-1,Nigeria,PMO - US,From RDC,N/A - From RDC,Air Charter,2005-09-20,2006-03-20,2006-09-20,2006-07-13,2006-07-13,HRDT,HIV test,SCMS from RDC,"HIV 1/2, Stat-Pak HIV, Kit, 20 Tests","HIV 1/2, Stat-Pak HIV, Kit",Stat-Pak,no_dosage,Test kit,20,50000,67500.0,1.35,0.07,Chembio Diagnostics Sys. Inc.,True,712.0,0.0,0.0
2482,12628,110-ZM-T01,Pre-PQ Process,SO-203,DN-39,Zambia,PMO - US,From RDC,N/A - From RDC,Truck,2006-03-28,2006-09-28,2007-03-28,2007-03-28,2007-03-28,ARV,Adult,SCMS from RDC,"Efavirenz 600mg, tablets, 30 Tabs",Efavirenz,Generic,600mg,Tablet,30,16033,260536.25,16.25,0.54,"Aurobindo Unit III, India",True,536.0,3807.29,0.0
2483,12631,110-ZM-T01,Pre-PQ Process,SO-232,DN-89,Zambia,PMO - US,From RDC,N/A - From RDC,Truck,2006-05-04,2006-11-04,2007-05-04,2007-05-04,2007-05-04,HRDT,HIV test,SCMS from RDC,"HIV 1/2, Determine Complete HIV Kit, 100 Tests","HIV 1/2, Determine Complete HIV Kit",Determine,no_dosage,Test kit,100,600,48000.0,80.0,0.8,ABBVIE GmbH & Co.KG Wiesbaden,False,205.0,6476.695,0.0
2484,12632,110-ZM-T01,Pre-PQ Process,SO-309,DN-98,Zambia,PMO - US,From RDC,N/A - From RDC,Truck,2006-04-27,2006-10-27,2007-04-27,2007-04-27,2007-04-27,ARV,Adult,SCMS from RDC,"Nevirapine 200mg, tablets, 60 Tabs",Nevirapine,Generic,200mg,Tablet,60,43470,155187.9,3.57,0.06,"Ranbaxy, Paonta Shahib, India",True,4398.0,18137.64,0.0
2485,12633,110-ZM-T01,Pre-PQ Process,SO-478,DN-99,Zambia,PMO - US,From RDC,N/A - From RDC,Truck,2006-04-26,2006-10-26,2007-04-26,2007-04-26,2007-04-26,ARV,Pediatric,SCMS from RDC,"Efavirenz 50mg [Stocrin/Sustiva], capsule, 30 Caps",Efavirenz,Stocrin/Sustiva,50mg,Capsule,30,1030,3574.1,3.47,0.12,"MSD Manati, Puerto Rico, (USA)",True,48.0,574.56,0.0
2486,12635,110-ZM-T01,Pre-PQ Process,SO-205,DN-120,Zambia,PMO - US,From RDC,N/A - From RDC,Truck,2006-05-16,2006-11-16,2007-05-16,2007-05-16,2007-05-16,ARV,Adult,SCMS from RDC,"Tenofovir Disoproxil Fumarate 300mg [Viread], tablets, 30 Tabs",Tenofovir Disoproxil Fumarate,Viread,300mg,Tablet,30,4165,70805.0,17.0,0.57,Gilead(Nycomed) Oranienburg DE,True,265.0,1483.3,0.0
2487,12637,107-RW-T01,Pre-PQ Process,SO-490,DN-110,Rwanda,PMO - US,From RDC,N/A - From RDC,Air,2006-04-19,2006-10-19,2007-04-19,2007-04-19,2007-04-19,ARV,Adult,SCMS from RDC,"Lamivudine/Zidovudine 150/300mg, tablets, 60 Tabs",Lamivudine/Zidovudine,Generic,150/300mg,Tablet - FDC,60,38463,383860.74,9.98,0.17,"Cipla, Goa, India",True,3450.0,20896.5,0.0
2488,12638,110-ZM-T01,Pre-PQ Process,SO-311,DN-129,Zambia,PMO - US,From RDC,N/A - From RDC,Truck,2006-05-15,2006-11-15,2007-05-15,2007-05-15,2007-05-15,ARV,Adult,SCMS from RDC,"Nelfinavir (as mesilate) 250mg [Viracept], tablets, 270 Tabs",Nelfinavir (as mesilate),Viracept,250mg,Tablet,270,864,70346.88,81.42,0.3,Roche Madrid,False,56.0,6476.695,0.0
2489,12639,102-NG-T01,Pre-PQ Process,SO-474,DN-138,Nigeria,PMO - US,From RDC,N/A - From RDC,Air Charter,2006-05-24,2006-11-24,2007-05-24,2007-05-24,2007-05-24,HRDT,HIV test,SCMS from RDC,"HIV 1/2, Stat-Pak HIV, Kit, 20 Tests","HIV 1/2, Stat-Pak HIV, Kit",Stat-Pak,no_dosage,Test kit,20,6000,162000.0,27.0,1.35,Chembio Diagnostics Sys. Inc.,True,1833.0,9666.0,0.0
2490,12641,110-ZM-T01,Pre-PQ Process,SO-374,DN-56,Zambia,PMO - US,From RDC,N/A - From RDC,Truck,2006-03-26,2006-09-26,2007-03-26,2007-03-26,2007-03-26,ARV,Adult,SCMS from RDC,"Lamivudine 150mg, tablets, 60 Tabs",Lamivudine,Generic,150mg,Tablet,60,3334,11035.54,3.31,0.06,"Ranbaxy, Paonta Shahib, India",True,179.0,1170.16,0.0
2491,12644,109-TZ-T01,Pre-PQ Process,SO-395,DN-66,Tanzania,PMO - US,From RDC,N/A - From RDC,Air,2006-04-13,2006-10-13,2007-04-13,2007-04-13,2007-04-13,HRDT,HIV test,SCMS from RDC,"HIV 1/2, Uni-Gold HIV Kit, 20 Tests","HIV 1/2, Uni-Gold HIV Kit",Uni-Gold,no_dosage,Test kit,20,100,3200.0,32.0,1.6,"Trinity Biotech, Plc",True,66.0,1004.6,0.0
2492,12646,111-MZ-T01,Pre-PQ Process,SO-260,DN-68,Mozambique,PMO - US,From RDC,N/A - From RDC,Air,2006-05-04,2006-11-04,2007-05-04,2007-05-04,2007-05-04,ARV,Adult,SCMS from RDC,"Nelfinavir (as mesilate) 250mg [Viracept], tablets, 270 Tabs",Nelfinavir (as mesilate),Viracept,250mg,Tablet,270,2579,205288.4,79.6,0.29,Roche Madrid,True,663.0,1824.11,0.0
2493,12648,100-CI-T01,Pre-PQ Process,SO-433,DN-77,Côte d'Ivoire,PMO - US,From RDC,N/A - From RDC,Air,2006-04-30,2006-10-30,2007-04-30,2007-04-30,2007-04-30,ARV,Adult,SCMS from RDC,"Efavirenz 600mg, tablets, 30 Tabs",Efavirenz,Generic,600mg,Tablet,30,8148,132405.0,16.25,0.54,"Aurobindo Unit III, India",True,743.0,2660.0,0.0
2494,12649,100-CI-T01,Pre-PQ Process,SO-432,DN-82,Côte d'Ivoire,PMO - US,From RDC,N/A - From RDC,Air,2006-04-30,2006-10-30,2007-04-30,2007-04-30,2007-04-30,ARV,Adult,SCMS from RDC,"Lamivudine/Nevirapine/Stavudine 150/200/30mg, tablets, 60 Tabs",Lamivudine/Nevirapine/Stavudine,Generic,150/200/30mg,Tablet - FDC,60,9000,67500.0,7.5,0.12,"Cipla, Goa, India",True,974.0,3166.0,0.0
2495,12654,109-TZ-T01,Pre-PQ Process,SO-306,DN-144,Tanzania,PMO - US,From RDC,N/A - From RDC,Air,2006-07-06,2007-01-06,2007-07-06,2007-07-06,2007-07-06,HRDT,HIV test,SCMS from RDC,"HIV 1/2, Bioline 3.0 Kit, Lancets, Capillary pipets, Alcohol swabs included, 25 Tests","HIV 1/2, Bioline 3.0 Kit, Lancets, Capillary pipets, Alcohol swabs included",Bioline,no_dosage,Test kit,25,1539,30780.0,20.0,0.8,"Standard Diagnostics, Korea",False,394.0,8925.0,0.0
2496,12656,104-CI-T01,Pre-PQ Process,SO-517,DN-160,Côte d'Ivoire,PMO - US,From RDC,N/A - From RDC,Air,2006-06-15,2006-12-15,2007-06-15,2007-06-15,2007-06-15,ARV,Adult,SCMS from RDC,"Nelfinavir (as mesilate) 250mg [Viracept], tablets, 270 Tabs",Nelfinavir (as mesilate),Viracept,250mg,Tablet,270,460,37453.2,81.42,0.3,Roche Madrid,False,668.5,4063.81,0.0
2497,12658,111-MZ-T01,Pre-PQ Process,SO-671,DN-189,Mozambique,PMO - US,From RDC,N/A - From RDC,Air,2006-06-20,2006-12-20,2007-06-20,2007-06-20,2007-06-20,ARV,Adult,SCMS from RDC,"Lamivudine/Nevirapine/Stavudine 150/200/30mg, tablets, 60 Tabs",Lamivudine/Nevirapine/Stavudine,Generic,150/200/30mg,Tablet - FDC,60,62000,458800.0,7.4,0.12,"Cipla, Goa, India",True,5778.0,20299.0,734.08
2498,12659,104-CI-T01,Pre-PQ Process,SO-518,DN-149,Côte d'Ivoire,PMO - US,From RDC,N/A - From RDC,Air,2006-05-18,2006-11-18,2007-05-18,2007-05-18,2007-05-18,HRDT,HIV test,SCMS from RDC,"#108853** HIV, Genie II HIV-1/HIV-2 Kit, 40 Tests","HIV, Genie II HIV-1/HIV-2 Kit",Genie,no_dosage,Test kit,40,160,12160.0,76.0,1.9,Bio-Rad Laboratories,True,173.0,1754.0,0.0
2499,12661,104-CI-T01,Pre-PQ Process,SO-640,DN-173,Côte d'Ivoire,PMO - US,From RDC,N/A - From RDC,Air,2006-06-21,2006-12-21,2007-06-21,2007-06-21,2007-06-21,ARV,Adult,SCMS from RDC,"Lamivudine/Zidovudine 150/300mg, tablets, 60 Tabs",Lamivudine/Zidovudine,Generic,150/300mg,Tablet - FDC,60,35074,374590.32,10.68,0.18,"Aurobindo Unit III, India",True,3116.0,1478.0,0.0
2500,12662,104-CI-T01,Pre-PQ Process,SO-641,DN-174,Côte d'Ivoire,PMO - US,From RDC,N/A - From RDC,Air,2006-06-08,2006-12-08,2007-06-08,2007-06-08,2007-06-08,ARV,Adult,SCMS from RDC,"Tenofovir Disoproxil Fumarate 300mg [Viread], tablets, 30 Tabs",Tenofovir Disoproxil Fumarate,Viread,300mg,Tablet,30,621,10557.0,17.0,0.57,Gilead(Nycomed) Oranienburg DE,True,40.0,1388.0,0.0
2501,12663,109-TZ-T01,Pre-PQ Process,SO-758,DN-234,Tanzania,PMO - US,From RDC,N/A - From RDC,Air,2006-07-13,2007-01-13,2007-07-13,2007-07-13,2007-07-13,HRDT,HIV test,SCMS from RDC,"HIV 1/2, Capillus HIV Kit, 100 Tests","HIV 1/2, Capillus HIV Kit",Capillus,no_dosage,Test kit,100,2000,278000.0,139.0,1.39,"Trinity Biotech, Plc",True,1415.0,4458.0,444.8
2502,12664,109-TZ-T01,Pre-PQ Process,SO-441,DN-246,Tanzania,PMO - US,From RDC,N/A - From RDC,Air,2006-08-13,2007-02-13,2007-08-13,2007-08-13,2007-08-13,ARV,Adult,SCMS from RDC,"Efavirenz 600mg, tablets, 30 Tabs",Efavirenz,Generic,600mg,Tablet,30,3149,51202.74,16.26,0.54,"Aurobindo Unit III, India",False,668.5,8925.0,81.92
2503,12665,107-RW-T01,Pre-PQ Process,SO-489,DN-248,Rwanda,PMO - US,From RDC,N/A - From RDC,Air,2006-07-26,2007-01-26,2007-07-26,2007-07-26,2007-07-26,ARV,Pediatric,SCMS from RDC,"Lopinavir/Ritonavir 80/20mg/ml [Kaletra], oral solution, cool, Bottle 5 x 60 ml",Lopinavir/Ritonavir,Kaletra,80/20mg/ml,Oral solution,300,50,2055.0,41.1,0.14,ABBVIE (Abbott) Logis. UK,True,50.0,661.06,3.29
2504,12666,104-CI-T01,Pre-PQ Process,SO-733,DN-267,Côte d'Ivoire,PMO - US,From RDC,N/A - From RDC,Air,2006-08-03,2007-02-03,2007-08-03,2007-08-03,2007-08-03,ARV,Adult,SCMS from RDC,"Lopinavir/Ritonavir 200/50mg [Aluvia], tablets, 120 Tabs",Lopinavir/Ritonavir,Aluvia,200/50mg,Tablet,120,3090,127122.6,41.14,0.34,ABBVIE Ludwigshafen Germany,True,650.0,2457.0,203.4
2505,12667,104-CI-T01,Pre-PQ Process,SO-524,DN-268,Côte d'Ivoire,PMO - US,From RDC,N/A - From RDC,Air,2006-08-14,2007-02-14,2007-08-14,2007-08-14,2007-08-14,ARV,Pediatric,SCMS from RDC,"Zidovudine 10mg/ml, oral solution, Bottle, 240 ml",Zidovudine,Generic,10mg/ml,Oral solution,240,5076,20050.2,3.95,0.02,"Aurobindo Unit III, India",False,668.5,4063.81,32.08
2506,12669,104-CI-T01,Pre-PQ Process,SO-410,DN-219,Côte d'Ivoire,PMO - US,From RDC,N/A - From RDC,Air,2006-07-10,2007-01-10,2007-07-10,2007-07-10,2007-07-10,HRDT,HIV test - Ancillary,SCMS from RDC,"HIV, Pepti-LAV 1|2 (HIV-1|2 Ab differenciation, Immuno-Blot)","HIV, Pepti-LAV 1|2 (HIV-1|2 Ab differenciation, Immuno-Blot)",Pepti-LAV,no_dosage,Test kit - Ancillary,1,2,477.3,238.65,238.65,Bio-Rad Laboratories,True,6.0,1356.0,0.76
2507,12670,104-CI-T01,Pre-PQ Process,SO-774,DN-242,Côte d'Ivoire,PMO - US,From RDC,N/A - From RDC,Air,2006-08-21,2007-02-21,2007-08-21,2007-08-21,2007-08-21,ARV,Adult,SCMS from RDC,"Abacavir 300mg, tablets, 60 Tabs",Abacavir,Generic,300mg,Tablet,60,3200,114560.0,35.8,0.6,"Aurobindo Unit III, India",False,430.0,4063.81,183.3
2508,12671,104-CI-T01,Pre-PQ Process,SO-815,DN-262,Côte d'Ivoire,PMO - US,From RDC,N/A - From RDC,Air,2006-08-03,2007-02-03,2007-08-03,2007-08-03,2007-08-03,ARV,Adult,SCMS from RDC,"Lamivudine 150mg, tablets, 60 Tabs",Lamivudine,Generic,150mg,Tablet,60,22047,67022.88,3.04,0.05,"Ranbaxy, Paonta Shahib, India",True,1057.0,3348.0,107.24
2509,12672,107-RW-T01,Pre-PQ Process,SO-824,DN-266,Rwanda,PMO - US,From RDC,N/A - From RDC,Air,2006-08-02,2007-02-02,2007-08-02,2007-08-02,2007-08-02,HRDT,HIV test,SCMS from RDC,"HIV 1/2/O, First Response HIV 1-2.0, v.3.0 Cards Kit, 30 Tests","HIV 1/2/O, First Response HIV 1-2.0, v.3.0 Cards Kit",First Response,no_dosage,Test kit,30,2034,33561.0,16.5,0.55,Premier Med. Corp Ltd. India,True,768.0,4465.1,53.7
2510,12673,111-MZ-T01,Pre-PQ Process,SO-502,DN-282,Mozambique,PMO - US,From RDC,N/A - From RDC,Air,2006-10-10,2007-04-10,2007-10-10,2007-10-10,2007-10-10,ARV,Pediatric,SCMS from RDC,"Abacavir 20mg/ml, oral solution, Bottle, 240 ml",Abacavir,Generic,20mg/ml,Oral solution,240,1020,21930.0,21.5,0.09,"Aurobindo Unit III, India",False,668.5,3247.5699999999997,35.09
2511,12675,104-CI-T01,Pre-PQ Process,SO-590,DN-220,Côte d'Ivoire,PMO - US,From RDC,N/A - From RDC,Air,2006-07-18,2007-01-18,2007-07-18,2007-07-18,2007-07-18,ARV,Adult,SCMS from RDC,"Saquinavir 200mg [Invirase], capsules, 270 Caps",Saquinavir,Invirase,200mg,Capsule,270,36,2831.04,78.64,0.29,Roche Basel,False,22.0,4063.81,4.53
2512,12676,104-CI-T01,Pre-PQ Process,SO-543,DN-227,Côte d'Ivoire,PMO - US,From RDC,N/A - From RDC,Air,2006-07-18,2007-01-18,2007-07-18,2007-07-18,2007-07-18,HRDT,HIV test,SCMS from RDC,"HIV 1/2, Bioline 3.0 Kit, (no accessories), 30 Tests","HIV 1/2, Bioline 3.0 Kit (no accessories)",Bioline,no_dosage,Test kit,30,167,3340.0,20.0,0.67,"Standard Diagnostics, Korea",True,67.0,1439.0,5.34
2513,12680,119-NA-T01,Pre-PQ Process,SO-884,DN-322,Namibia,PMO - US,From RDC,N/A - From RDC,Air,2006-09-07,2007-03-07,2007-09-07,2007-09-07,2007-09-07,HRDT,HIV test,SCMS from RDC,"HIV 1/2, Determine Complete HIV Kit, 100 Tests","HIV 1/2, Determine Complete HIV Kit",Determine,no_dosage,Test kit,100,300,24000.0,80.0,0.8,ABBVIE GmbH & Co.KG Wiesbaden,False,160.0,2541.8,38.4
2514,12682,109-TZ-T01,Pre-PQ Process,SO-455,DN-290,Tanzania,PMO - US,From RDC,N/A - From RDC,Air,2006-09-10,2007-03-10,2007-09-10,2007-09-10,2007-09-10,ARV,Adult,SCMS from RDC,"Efavirenz 600mg, tablets, 30 Tabs",Efavirenz,Generic,600mg,Tablet,30,8000,130080.0,16.26,0.54,"Aurobindo Unit III, India",False,1023.0,8925.0,208.13
2515,12683,109-TZ-T01,Pre-PQ Process,SO-455,DN-290,Tanzania,PMO - US,From RDC,N/A - From RDC,Air,2006-09-10,2007-03-10,2007-09-10,2007-09-10,2007-09-10,ARV,Adult,SCMS from RDC,"Lopinavir/Ritonavir 200/50mg [Aluvia], tablets, 120 Tabs",Lopinavir/Ritonavir,Aluvia,200/50mg,Tablet,120,4155,170770.5,41.1,0.34,ABBVIE Ludwigshafen Germany,False,668.5,8925.0,273.23
2516,12684,109-TZ-T01,Pre-PQ Process,SO-455,DN-290,Tanzania,PMO - US,From RDC,N/A - From RDC,Air,2006-09-10,2007-03-10,2007-09-10,2007-09-10,2007-09-10,ARV,Pediatric,SCMS from RDC,"Lopinavir/Ritonavir 80/20mg/ml [Kaletra], oral solution, cool, Bottle 5 x 60 ml",Lopinavir/Ritonavir,Kaletra,80/20mg/ml,Oral solution,300,147,6041.7,41.1,0.14,ABBVIE (Abbott) Logis. UK,False,668.5,8925.0,9.67
2517,12685,111-MZ-T01,Pre-PQ Process,SO-298,DN-304,Mozambique,PMO - US,From RDC,N/A - From RDC,Air,2006-09-21,2007-03-21,2007-09-21,2007-09-21,2007-09-21,ARV,Adult,SCMS from RDC,"Efavirenz 600mg, tablets, 30 Tabs",Efavirenz,Generic,600mg,Tablet,30,2933,49127.75,16.75,0.56,"Aurobindo Unit III, India",False,668.5,3247.5699999999997,78.6
2518,12686,111-MZ-T01,Pre-PQ Process,SO-298,DN-304,Mozambique,PMO - US,From RDC,N/A - From RDC,Air,2006-09-21,2007-03-21,2007-09-21,2007-09-21,2007-09-21,ARV,Pediatric,SCMS from RDC,"Abacavir 20mg/ml, oral solution, Bottle, 240 ml",Abacavir,Generic,20mg/ml,Oral solution,240,59,1241.95,21.05,0.09,"Aurobindo Unit III, India",False,17.5,3247.5699999999997,1.99
2519,12688,104-CI-T01,Pre-PQ Process,SO-959,DN-320,Côte d'Ivoire,PMO - US,From RDC,N/A - From RDC,Air,2006-08-28,2007-02-28,2007-08-30,2007-08-30,2007-08-30,ARV,Adult,SCMS from RDC,"Abacavir 300mg, tablets, 60 Tabs",Abacavir,Generic,300mg,Tablet,60,6000,165180.0,27.53,0.46,"Cipla, Patalganga, India",False,581.0,4063.81,264.29
2520,12690,100-ZW-T01,Pre-PQ Process,SO-898,DN-357,Zimbabwe,PMO - US,From RDC,N/A - From RDC,Truck,2006-09-18,2007-03-18,2007-09-18,2007-09-18,2007-09-18,ARV,Adult,SCMS from RDC,"Lamivudine/Zidovudine 150/300mg, tablets, 60 Tabs",Lamivudine/Zidovudine,Generic,150/300mg,Tablet - FDC,60,1560,14820.0,9.5,0.16,"Aurobindo Unit III, India",True,90.0,1106.0,23.71
2521,12691,100-ZW-T01,Pre-PQ Process,SO-1074,DN-354,Zimbabwe,PMO - US,From RDC,N/A - From RDC,Truck,2006-09-18,2007-03-18,2007-09-18,2007-09-18,2007-09-18,ARV,Adult,SCMS from RDC,"Lamivudine/Stavudine 150/30mg, tablets, 30 Tabs",Lamivudine/Stavudine,Generic,150/30mg,Tablet - FDC,30,1600,3200.0,2.0,0.07,"Cipla, Goa, India",False,289.5,6721.705,5.12
2522,12694,114-UG-T01,Pre-PQ Process,SO-1081,DN-363,Uganda,PMO - US,From RDC,N/A - From RDC,Air,2006-10-16,2007-04-16,2007-10-16,2007-10-16,2007-10-16,ARV,Adult,SCMS from RDC,"Lamivudine/Zidovudine 150/300mg, tablets, 60 Tabs",Lamivudine/Zidovudine,Generic,150/300mg,Tablet - FDC,60,1350,12825.0,9.5,0.16,"Aurobindo Unit III, India",True,80.0,739.0,20.52
2523,12710,104-CI-T01,Pre-PQ Process,SO-963,DN-323,Côte d'Ivoire,PMO - US,From RDC,N/A - From RDC,Air,2006-09-14,2007-03-14,2007-09-14,2007-09-14,2007-09-14,ARV,Pediatric,SCMS from RDC,"Abacavir 20mg/ml, oral solution, Bottle, 240 ml",Abacavir,Generic,20mg/ml,Oral solution,240,1500,24750.0,16.5,0.07,"Aurobindo Unit III, India",False,575.0,4063.81,39.6
2524,12711,117-ET-T01,Pre-PQ Process,SO-914,DN-332,Ethiopia,PMO - US,From RDC,N/A - From RDC,Air,2006-09-04,2007-03-04,2007-09-04,2007-09-04,2007-09-04,ARV,Pediatric,SCMS from RDC,"Nevirapine 10mg/ml, oral suspension, Bottle, 240 ml",Nevirapine,Generic,10mg/ml,Oral suspension,240,10336,64083.2,6.2,0.03,"Aurobindo Unit III, India",False,668.5,4672.77,102.53
2525,12712,117-ET-T01,Pre-PQ Process,SO-914,DN-332,Ethiopia,PMO - US,From RDC,N/A - From RDC,Air,2006-09-04,2007-03-04,2007-09-04,2007-09-04,2007-09-04,ARV,Pediatric,SCMS from RDC,"Nevirapine 10mg/ml, oral suspension, Bottle, 240 ml",Nevirapine,Generic,10mg/ml,Oral suspension,240,12512,77574.4,6.2,0.03,"Aurobindo Unit III, India",False,668.5,4672.77,124.12
2526,12714,110-ZM-T01,Pre-PQ Process,SO-626,DN-329,Zambia,PMO - US,From RDC,N/A - From RDC,Truck,2006-08-28,2007-02-28,2007-08-31,2007-08-31,2007-08-31,ARV,Adult,SCMS from RDC,"Lopinavir/Ritonavir 200/50mg [Aluvia], tablets, 120 Tabs",Lopinavir/Ritonavir,Aluvia,200/50mg,Tablet,120,4078,167605.8,41.1,0.34,ABBVIE Ludwigshafen Germany,True,885.0,4119.6,268.17
2527,12715,104-CI-T01,Pre-PQ Process,SO-999,DN-349,Côte d'Ivoire,PMO - US,From RDC,N/A - From RDC,Air,2006-09-12,2007-03-12,2007-09-12,2007-09-12,2007-09-12,ARV,Adult,SCMS from RDC,"Saquinavir 200mg [Invirase], capsules, 270 Caps",Saquinavir,Invirase,200mg,Capsule,270,7,550.48,78.64,0.29,Roche Basel,False,668.5,4063.81,0.88
2528,12716,110-ZM-T01,Pre-PQ Process,SO-977,DN-396,Zambia,PMO - US,From RDC,N/A - From RDC,Truck,2006-11-12,2007-05-12,2007-11-12,2007-11-12,2007-11-12,ARV,Pediatric,SCMS from RDC,"Nevirapine 10mg/ml, oral suspension, Bottle, 240 ml",Nevirapine,Generic,10mg/ml,Oral suspension,240,10996,68175.2,6.2,0.03,"Aurobindo Unit III, India",True,3967.0,13094.92,109.08
2529,12718,106-HT-T01,Pre-PQ Process,SO-1099,DN-372,Haiti,PMO - US,From RDC,N/A - From RDC,Air,2006-10-06,2007-04-06,2007-10-06,2007-10-06,2007-10-06,HRDT,HIV test,SCMS from RDC,"HIV 1/2, Determine Complete HIV Kit, 100 Tests","HIV 1/2, Determine Complete HIV Kit",Determine,no_dosage,Test kit,100,600,43200.0,72.0,0.72,ABBVIE GmbH & Co.KG Wiesbaden,True,137.0,1732.74,69.12
2530,12723,110-ZM-T01,Pre-PQ Process,SO-535,DN-380,Zambia,PMO - US,From RDC,N/A - From RDC,Truck,2006-10-17,2007-04-17,2007-10-17,2007-10-17,2007-10-17,HRDT,HIV test - Ancillary,SCMS from RDC,"HIV, Lancet, Safety, for HIV Test kits, 100 Pcs","HIV, Lancet, Safety, for HIV Test kits, 100 Pcs",Generic,no_dosage,Test kit - Ancillary,100,872,8.72,0.01,0.0,Inverness Japan,False,394.0,6476.695,0.01
2531,12724,112-NG-T01,Pre-PQ Process,SO-565,DN-373,Nigeria,PMO - US,From RDC,N/A - From RDC,Air,2006-09-20,2007-03-20,2007-09-20,2007-09-20,2007-09-20,ARV,Pediatric,SCMS from RDC,"Nevirapine 10mg/ml, oral suspension, Bottle, 240 ml",Nevirapine,Generic,10mg/ml,Oral suspension,240,1622,10056.4,6.2,0.03,"Aurobindo Unit III, India",False,668.5,10144.765,16.09
2532,12729,111-MZ-T01,Pre-PQ Process,SO-1038,DN-426,Mozambique,PMO - US,From RDC,N/A - From RDC,Air,2006-11-29,2007-05-29,2007-11-29,2007-11-29,2007-11-29,ARV,Adult,SCMS from RDC,"Efavirenz 600mg, tablets, 30 Tabs",Efavirenz,Generic,600mg,Tablet,30,37300,463266.0,12.42,0.41,"Cipla, Goa, India",False,668.5,3247.5699999999997,741.23
2533,12734,104-CI-T01,Pre-PQ Process,SO-1245,DN-423,Côte d'Ivoire,PMO - US,From RDC,N/A - From RDC,Air,2006-11-13,2007-05-13,2007-11-13,2007-11-13,2007-11-13,ARV,Adult,SCMS from RDC,"Zidovudine 300mg, tablets, 60 Tabs",Zidovudine,Generic,300mg,Tablet,60,6,48.9,8.15,0.14,"Aurobindo Unit III, India",False,9.0,4063.81,0.08
2534,12735,100-ZW-T01,Pre-PQ Process,SO-1150,DN-425,Zimbabwe,PMO - US,From RDC,N/A - From RDC,Air,2006-11-16,2007-05-16,2007-11-16,2007-11-16,2007-11-16,ARV,Adult,SCMS from RDC,"Lamivudine/Nevirapine/Stavudine 150/200/30mg, tablets, 60 Tabs",Lamivudine/Nevirapine/Stavudine,Generic,150/200/30mg,Tablet - FDC,60,22,162.8,7.4,0.12,"Cipla, Goa, India",False,668.5,12894.85,0.26
2535,12736,104-CI-T01,Pre-PQ Process,SO-1546,DN-609,Côte d'Ivoire,PMO - US,From RDC,N/A - From RDC,Air,2007-02-19,2007-08-19,2008-02-19,2008-02-19,2008-02-19,ARV,Adult,SCMS from RDC,"Lamivudine/Stavudine 150/30mg, tablets, 30 Tabs",Lamivudine/Stavudine,Generic,150/30mg,Tablet - FDC,30,44000,88000.0,2.0,0.07,"Cipla, Goa, India",False,668.5,4063.81,140.8
2536,12737,104-CI-T01,Pre-PQ Process,SO-1663,DN-611,Côte d'Ivoire,PMO - US,From RDC,N/A - From RDC,Air,2007-03-06,2007-09-06,2008-03-06,2008-02-19,2008-02-19,ARV,Adult,SCMS from RDC,"Lamivudine/Nevirapine/Stavudine 150/200/30mg, tablets, 60 Tabs",Lamivudine/Nevirapine/Stavudine,Generic,150/200/30mg,Tablet - FDC,60,44400,328560.0,7.4,0.12,"Cipla, Goa, India",False,668.5,4063.81,525.7
2537,12738,105-GY-T01,Pre-PQ Process,SO-1233,DN-416,Guyana,PMO - US,From RDC,N/A - From RDC,Air,2006-11-07,2007-05-07,2007-11-07,2007-11-07,2007-11-07,ARV,Adult,SCMS from RDC,"Lopinavir/Ritonavir 200/50mg [Aluvia], tablets, 120 Tabs",Lopinavir/Ritonavir,Aluvia,200/50mg,Tablet,120,986,81049.2,82.2,0.68,ABBVIE Ludwigshafen Germany,False,668.5,1924.4650000000001,129.68
2538,12739,104-CI-T01,Pre-PQ Process,SO-1101,DN-434,Côte d'Ivoire,PMO - US,From RDC,N/A - From RDC,Air,2006-11-22,2007-05-22,2007-11-22,2007-11-22,2007-11-22,ARV,Pediatric,SCMS from RDC,"Abacavir 20mg/ml, oral solution, Bottle, 240 ml",Abacavir,Generic,20mg/ml,Oral solution,240,96,2400.0,25.0,0.1,"Aurobindo Unit III, India",False,29.5,4063.81,3.84
2539,12740,110-ZM-T01,Pre-PQ Process,SO-1078,DN-438,Zambia,PMO - US,From RDC,N/A - From RDC,Truck,2006-11-21,2007-05-21,2007-11-21,2007-11-21,2007-11-21,ARV,Adult,SCMS from RDC,"Lamivudine/Nevirapine/Stavudine 150/200/30mg, tablets, 60 Tabs",Lamivudine/Nevirapine/Stavudine,Generic,150/200/30mg,Tablet - FDC,60,18974,140407.6,7.4,0.12,"Cipla, Goa, India",True,1928.0,7194.3,224.65
2540,12741,106-HT-T01,Pre-PQ Process,SO-1286,DN-458,Haiti,PMO - US,From RDC,N/A - From RDC,Air,2006-12-05,2007-06-05,2007-12-05,2007-12-05,2007-12-05,ARV,Pediatric,SCMS from RDC,"Efavirenz 200mg, capsule, 90 Caps",Efavirenz,Generic,200mg,Capsule,90,500,8000.0,16.0,0.18,"Aurobindo Unit III, India",False,83.0,2946.7200000000003,12.8
2541,12742,106-HT-T01,Pre-PQ Process,SO-1286,DN-458,Haiti,PMO - US,From RDC,N/A - From RDC,Air,2006-12-05,2007-06-05,2007-12-05,2007-12-05,2007-12-05,ARV,Pediatric,SCMS from RDC,"Zidovudine 100mg, capsules, 100 Caps",Zidovudine,Generic,100mg,Capsule,100,480,2635.2,5.49,0.05,"Aurobindo Unit III, India",False,173.0,2946.7200000000003,4.22
2542,12748,104-CI-T01,Pre-PQ Process,SO-604,DN-446,Côte d'Ivoire,PMO - US,From RDC,N/A - From RDC,Air,2006-11-30,2007-05-30,2007-11-30,2007-11-30,2007-11-30,ARV,Adult,SCMS from RDC,"Abacavir/Lamivudine/Zidovudine 300/150/300mg [Trizivir], tablets, 60 Tabs",Abacavir/Lamivudine/Zidovudine,Trizivir,300/150/300mg,Tablet - FDC,60,488,34160.0,70.0,1.17,GSK Ware (UK),False,33.5,4063.81,54.66
2543,12749,104-CI-T01,Pre-PQ Process,SO-1297,DN-449,Côte d'Ivoire,PMO - US,From RDC,N/A - From RDC,Air,2006-12-18,2007-06-18,2007-12-18,2007-12-18,2007-12-18,ARV,Adult,SCMS from RDC,"Lopinavir/Ritonavir 200/50mg [Aluvia], tablets, 120 Tabs",Lopinavir/Ritonavir,Aluvia,200/50mg,Tablet,120,403,16563.3,41.1,0.34,ABBVIE Ludwigshafen Germany,True,88.0,1603.44,26.5
2544,12751,112-NG-T01,Pre-PQ Process,SO-567,DN-475,Nigeria,PMO - US,From RDC,N/A - From RDC,Air,2006-12-03,2007-06-03,2007-12-03,2007-12-03,2007-12-03,ARV,Adult,SCMS from RDC,"Lamivudine 150mg, tablets, 60 Tabs",Lamivudine,Generic,150mg,Tablet,60,645,2134.95,3.31,0.06,"Aurobindo Unit III, India",False,1210.0,10144.765,3.42
2545,12752,112-NG-T01,Pre-PQ Process,SO-567,DN-475,Nigeria,PMO - US,From RDC,N/A - From RDC,Air,2006-12-03,2007-06-03,2007-12-03,2007-12-03,2007-12-03,ARV,Adult,SCMS from RDC,"Lamivudine/Nevirapine/Stavudine 150/200/30mg, tablets, 60 Tabs",Lamivudine/Nevirapine/Stavudine,Generic,150/200/30mg,Tablet - FDC,60,1542,11565.0,7.5,0.12,"Cipla, Goa, India",False,9400.0,10144.765,18.5
2546,12753,111-MZ-T01,Pre-PQ Process,SO-1040,DN-487,Mozambique,PMO - US,From RDC,N/A - From RDC,Air,2007-02-08,2007-08-08,2008-02-08,2008-02-08,2008-02-08,ARV,Adult,SCMS from RDC,"Ritonavir 100mg [Norvir], capsules, cool, 84 Caps",Ritonavir,Norvir,100mg,Capsule,84,210,8055.6,38.36,0.46,ABBVIE (Abbott) Logis. UK,True,63.0,740.16,12.89
2547,12754,104-CI-T01,Pre-PQ Process,SO-1483,DN-501,Côte d'Ivoire,PMO - US,From RDC,N/A - From RDC,Air,2006-12-14,2007-06-14,2007-12-14,2007-12-14,2007-12-14,ARV,Adult,SCMS from RDC,"Lamivudine/Nevirapine/Stavudine 150/200/30mg, tablets, 60 Tabs",Lamivudine/Nevirapine/Stavudine,Generic,150/200/30mg,Tablet - FDC,60,40000,296000.0,7.4,0.12,"Cipla, Goa, India",True,4026.0,13325.0,473.6
2548,12755,102-NG-T01,Pre-PQ Process,SO-1504,DN-515,Nigeria,PMO - US,From RDC,N/A - From RDC,Air,2007-01-09,2007-07-09,2008-01-09,2008-01-09,2008-01-09,HRDT,HIV test,SCMS from RDC,"#108853** HIV, Genie II HIV-1/HIV-2 Kit, 40 Tests","HIV, Genie II HIV-1/HIV-2 Kit",Genie,no_dosage,Test kit,40,375,28500.0,76.0,1.9,Bio-Rad Laboratories,True,411.0,3147.0,45.6
2549,12756,112-NG-T01,Pre-PQ Process,SO-1570,DN-535,Nigeria,PMO - US,From RDC,N/A - From RDC,Air,2007-01-09,2007-07-09,2008-01-09,2008-01-09,2008-01-09,ARV,Adult,SCMS from RDC,"Zidovudine 300mg, tablets, 60 Tabs",Zidovudine,Generic,300mg,Tablet,60,125,1018.75,8.15,0.14,"Aurobindo Unit III, India",False,668.5,10144.765,1.63
2550,12759,117-ET-T01,Pre-PQ Process,SO-1523,DN-520,Ethiopia,PMO - US,From RDC,N/A - From RDC,Air,2006-12-20,2007-06-20,2007-12-20,2007-12-20,2007-12-20,ARV,Adult,SCMS from RDC,"Lamivudine/Zidovudine 150/300mg, tablets, 60 Tabs",Lamivudine/Zidovudine,Generic,150/300mg,Tablet - FDC,60,9691,92064.5,9.5,0.16,"Aurobindo Unit III, India",True,899.0,6483.0,147.3
2551,12760,111-MZ-T01,Pre-PQ Process,SO-1039,DN-601,Mozambique,PMO - US,From RDC,N/A - From RDC,Air,2007-04-08,2007-10-08,2008-04-08,2008-04-05,2008-04-05,ARV,Adult,SCMS from RDC,"Abacavir/Lamivudine/Zidovudine 300/150/300mg [Trizivir], tablets, 60 Tabs",Abacavir/Lamivudine/Zidovudine,Trizivir,300/150/300mg,Tablet - FDC,60,2067,144690.0,70.0,1.17,GSK Ware (UK),False,235.0,3247.5699999999997,231.5
2552,12761,114-UG-T01,Pre-PQ Process,SO-1820,DN-622,Uganda,PMO - US,From RDC,N/A - From RDC,Air,2007-03-11,2007-09-11,2008-03-11,2008-03-11,2008-03-11,ARV,Adult,SCMS from RDC,"Lamivudine/Nevirapine/Stavudine 150/200/30mg, tablets, 60 Tabs",Lamivudine/Nevirapine/Stavudine,Generic,150/200/30mg,Tablet - FDC,60,1860,13764.0,7.4,0.12,"Cipla, Goa, India",True,192.0,1617.52,22.02
2553,12762,100-ZW-T01,Pre-PQ Process,SO-710,DN-488,Zimbabwe,PMO - US,From RDC,N/A - From RDC,Air,2007-01-14,2007-07-14,2008-01-14,2008-01-14,2008-01-14,ARV,Adult,SCMS from RDC,"Lamivudine/Stavudine 150/30mg, tablets, 30 Tabs",Lamivudine/Stavudine,Generic,150/30mg,Tablet - FDC,30,1600,3200.0,2.0,0.07,"Cipla, Goa, India",False,289.5,12894.85,5.12
2554,12763,106-HT-T01,Pre-PQ Process,SO-1285,DN-627,Haiti,PMO - US,From RDC,N/A - From RDC,Air,2007-03-08,2007-09-08,2008-03-08,2008-03-08,2008-03-08,ARV,Adult,SCMS from RDC,"Zidovudine 300mg, tablets, 60 Tabs",Zidovudine,Generic,300mg,Tablet,60,3000,24450.0,8.15,0.14,"Aurobindo Unit III, India",False,342.0,2946.7200000000003,39.12
2555,12764,111-MZ-T01,Pre-PQ Process,SO-1039,DN-628,Mozambique,PMO - US,From RDC,N/A - From RDC,Air,2007-04-08,2007-10-08,2008-04-08,2008-04-05,2008-04-05,ARV,Adult,SCMS from RDC,"Efavirenz 600mg, tablets, 30 Tabs",Efavirenz,Generic,600mg,Tablet,30,12663,157274.46,12.42,0.41,"Aurobindo Unit III, India",False,668.5,3247.5699999999997,251.64
2556,12766,106-HT-T01,Pre-PQ Process,SO-1287,DN-614,Haiti,PMO - US,From RDC,N/A - From RDC,Air,2007-03-04,2007-09-04,2008-03-04,2008-02-21,2008-02-21,ARV,Adult,SCMS from RDC,"Lamivudine 150mg, tablets, 60 Tabs",Lamivudine,Generic,150mg,Tablet,60,32129,97672.16,3.04,0.05,"Ranbaxy, Paonta Shahib, India",False,668.5,2946.7200000000003,156.28
2557,12770,117-ET-T01,Pre-PQ Process,SO-1542,DN-541,Ethiopia,PMO - US,From RDC,N/A - From RDC,Air,2006-12-20,2007-06-20,2007-12-20,2008-01-09,2008-01-09,ARV,Adult,SCMS from RDC,"Lamivudine 150mg, tablets, 60 Tabs",Lamivudine,Generic,150mg,Tablet,60,29500,89680.0,3.04,0.05,"Ranbaxy, Paonta Shahib, India",True,1640.0,11273.0,143.49
2558,12771,114-UG-T01,Pre-PQ Process,SO-1299,DN-534,Uganda,PMO - US,From RDC,N/A - From RDC,Air,2007-02-15,2007-08-15,2008-02-15,2008-02-15,2008-02-15,ARV,Adult,SCMS from RDC,"Lamivudine/Nevirapine/Stavudine 150/200/30mg, tablets, 60 Tabs",Lamivudine/Nevirapine/Stavudine,Generic,150/200/30mg,Tablet - FDC,60,6500,48100.0,7.4,0.12,"Cipla, Goa, India",True,667.0,3609.2,76.96
2559,12772,104-CI-T01,Pre-PQ Process,SO-1679,DN-581,Côte d'Ivoire,PMO - US,From RDC,N/A - From RDC,Air,2007-02-05,2007-08-05,2008-02-05,2008-02-05,2008-02-05,ARV,Adult,SCMS from RDC,"Abacavir 300mg, tablets, 60 Tabs",Abacavir,Generic,300mg,Tablet,60,5836,160665.08,27.53,0.46,"Aurobindo Unit III, India",False,668.5,4063.81,257.06
2560,12773,104-CI-T01,Pre-PQ Process,SO-1112,DN-582,Côte d'Ivoire,PMO - US,From RDC,N/A - From RDC,Air,2007-02-01,2007-08-01,2008-02-01,2008-02-01,2008-02-01,ARV,Pediatric,SCMS from RDC,"Stavudine 1mg/ml, powder for oral solution, 200 ml",Stavudine,Generic,1mg/ml,Oral solution,200,2326,3535.52,1.52,0.01,"Aurobindo Unit III, India",True,232.0,1704.79,5.66
2561,12774,114-UG-T01,Pre-PQ Process,SO-1082,DN-589,Uganda,PMO - US,From RDC,N/A - From RDC,Air,2007-02-28,2007-08-28,2008-02-28,2008-02-28,2008-02-28,ARV,Adult,SCMS from RDC,"Nevirapine 200mg, tablets, 60 Tabs",Nevirapine,Generic,200mg,Tablet,60,328,1115.2,3.4,0.06,"Ranbaxy, Paonta Shahib, India",False,668.5,2485.92,1.78
2562,12776,100-ZW-T01,Pre-PQ Process,SO-714,DN-709,Zimbabwe,PMO - US,From RDC,N/A - From RDC,Air,2007-04-21,2007-10-21,2008-04-21,2008-04-21,2008-04-21,ARV,Adult,SCMS from RDC,"Efavirenz 600mg, tablets, 30 Tabs",Efavirenz,Generic,600mg,Tablet,30,1860,23101.2,12.42,0.41,Mylan (formerly Matrix) Nashik,False,3951.0,12894.85,36.96
2563,12777,106-HT-T01,Pre-PQ Process,SO-2594,DN-802,Haiti,PMO - US,From RDC,N/A - From RDC,Air,2007-07-04,2008-01-04,2008-07-04,2008-07-04,2008-07-04,ARV,Adult,SCMS from RDC,"Lamivudine/Zidovudine 150/300mg, tablets, 60 Tabs",Lamivudine/Zidovudine,Generic,150/300mg,Tablet - FDC,60,14995,141702.75,9.45,0.16,"Cipla, Goa, India",True,1586.0,17289.0,226.72
2564,12778,112-NG-T01,Pre-PQ Process,SO-2351,DN-717,Nigeria,PMO - US,From RDC,N/A - From RDC,Air,2007-04-18,2007-10-18,2008-04-18,2008-04-18,2008-04-18,ARV,Adult,SCMS from RDC,"Emtricitabine/Tenofovir Disoproxil Fumarate 200/300mg [Truvada], tablets, 30 Tabs",Emtricitabine/Tenofovir Disoproxil Fumarate,Truvada,300/200mg,Tablet - FDC,30,16,420.0,26.25,0.88,"Aspen-OSD, Port Elizabeth, SA",False,168.5,10144.765,0.67
2565,12779,104-CI-T01,Pre-PQ Process,SO-1901,DN-735,Côte d'Ivoire,PMO - US,From RDC,N/A - From RDC,Air,2007-05-14,2007-11-14,2008-05-14,2008-05-14,2008-05-14,ARV,Adult,SCMS from RDC,"Lamivudine/Nevirapine/Stavudine 150/200/30mg, tablets, 60 Tabs",Lamivudine/Nevirapine/Stavudine,Generic,150/200/30mg,Tablet - FDC,60,3847,28467.8,7.4,0.12,"Cipla, Goa, India",True,408.0,1514.68,45.55
2566,12780,131-NG-T01,Pre-PQ Process,SO-2575,DN-737,Nigeria,PMO - US,From RDC,N/A - From RDC,Air,2007-05-14,2007-11-14,2008-05-14,2008-05-14,2008-05-14,ARV,Adult,SCMS from RDC,"Lamivudine/Nevirapine/Zidovudine 150/200/300mg, tablets, 60 Tabs",Lamivudine/Nevirapine/Zidovudine,Generic,150/300/200mg,Tablet - FDC,60,16610,220580.8,13.28,0.22,"Cipla, Goa, India",False,2065.0,10144.765,352.93
2567,12781,109-TZ-T01,Pre-PQ Process,SO-2556,DN-748,Tanzania,PMO - US,From RDC,N/A - From RDC,Truck,2007-06-30,2007-12-30,2008-06-30,2008-06-30,2008-06-30,ARV,Adult,SCMS from RDC,"Lamivudine 150mg, tablets, 60 Tabs",Lamivudine,Generic,150mg,Tablet,60,8805,25622.55,2.91,0.05,"Ranbaxy, Paonta Shahib, India",False,668.5,3623.2,41.0
2568,12782,109-TZ-T01,Pre-PQ Process,SO-2556,DN-748,Tanzania,PMO - US,From RDC,N/A - From RDC,Truck,2007-06-30,2007-12-30,2008-06-30,2008-06-30,2008-06-30,ARV,Adult,SCMS from RDC,"Nevirapine 200mg, tablets, 60 Tabs",Nevirapine,Generic,200mg,Tablet,60,87768,298411.2,3.4,0.06,"Ranbaxy, Paonta Shahib, India",False,668.5,3623.2,477.46
2569,12783,104-CI-T01,Pre-PQ Process,SO-2045,DN-761,Côte d'Ivoire,PMO - US,From RDC,N/A - From RDC,Air,2007-06-02,2007-12-02,2008-06-02,2008-06-02,2008-06-02,ARV,Pediatric,SCMS from RDC,"Nevirapine 10mg/ml, oral suspension, Bottle, 240 ml",Nevirapine,Generic,10mg/ml,Oral suspension,240,5536,10629.12,1.92,0.01,"Aurobindo Unit III, India",False,668.5,4063.81,17.01
2570,12784,111-MZ-T01,Pre-PQ Process,SO-2670,DN-768,Mozambique,PMO - US,From RDC,N/A - From RDC,Truck,2007-07-18,2008-01-18,2008-07-18,2008-07-18,2008-07-18,ARV,Adult,SCMS from RDC,"Ritonavir 100mg [Norvir], capsules, cool, 84 Caps",Ritonavir,Norvir,100mg,Capsule,84,1358,13023.22,9.59,0.11,ABBVIE (Abbott) Logis. UK,True,387.0,2107.14,20.84
2571,12785,110-ZM-T01,Pre-PQ Process,SO-2485,DN-828,Zambia,PMO - US,From RDC,N/A - From RDC,Truck,2007-07-29,2008-01-29,2008-07-29,2008-07-29,2008-07-29,ARV,Adult,SCMS from RDC,"Lamivudine/Zidovudine 150/300mg, tablets, 60 Tabs",Lamivudine/Zidovudine,Generic,150/300mg,Tablet - FDC,60,9474,89529.3,9.45,0.16,"Aurobindo Unit III, India",False,668.5,6476.695,143.25
2572,12786,109-TZ-T01,Pre-PQ Process,SO-10970,DN-831,Tanzania,PMO - US,From RDC,N/A - From RDC,Air,2007-08-21,2008-02-21,2008-08-21,2008-08-21,2008-08-21,ARV,Adult,SCMS from RDC,"Lamivudine/Nevirapine/Stavudine 150/200/30mg, tablets, 60 Tabs",Lamivudine/Nevirapine/Stavudine,Generic,150/200/30mg,Tablet - FDC,60,40000,296000.0,7.4,0.12,"Cipla, Goa, India",True,4289.0,24594.29,473.6
2573,12788,106-HT-T01,Pre-PQ Process,SO-2053,DN-744,Haiti,PMO - US,From RDC,N/A - From RDC,Air,2007-06-02,2007-12-02,2008-06-02,2008-06-02,2008-06-02,ARV,Pediatric,SCMS from RDC,"Abacavir 20mg/ml, oral solution, Bottle, 240 ml",Abacavir,Generic,20mg/ml,Oral solution,240,224,3696.0,16.5,0.07,"Aurobindo Unit III, India",False,746.0,2946.7200000000003,5.91
2574,12789,117-ET-T01,Pre-PQ Process,SO-1950,DN-669,Ethiopia,PMO - US,From RDC,N/A - From RDC,Air,2007-03-27,2007-09-27,2008-03-27,2008-03-27,2008-03-27,ARV,Adult,SCMS from RDC,"Stavudine 30mg, capsules, 60 Caps",Stavudine,Generic,30mg,Capsule,60,78460,119259.2,1.52,0.03,"Aurobindo Unit III, India",True,5184.0,17910.0,190.81
2575,12790,106-HT-T01,Pre-PQ Process,SO-2050,DN-736,Haiti,PMO - US,From RDC,N/A - From RDC,Air,2007-05-29,2007-11-29,2008-05-29,2008-05-29,2008-05-29,ARV,Adult,SCMS from RDC,"Abacavir 300mg, tablets, 60 Tabs",Abacavir,Generic,300mg,Tablet,60,270,7433.1,27.53,0.46,Mylan (formerly Matrix) Nashik,True,862.0,9711.2,11.89
2576,12791,106-HT-T01,Pre-PQ Process,SO-2050,DN-736,Haiti,PMO - US,From RDC,N/A - From RDC,Air,2007-05-29,2007-11-29,2008-05-29,2008-05-29,2008-05-29,ARV,Pediatric,SCMS from RDC,"Lamivudine 10mg/ml, oral solution, Bottle, 240 ml",Lamivudine,Generic,10mg/ml,Oral solution,240,2415,4757.55,1.97,0.01,"Aurobindo Unit III, India",False,668.5,2946.7200000000003,7.61
2577,12792,100-ZW-T01,Pre-PQ Process,SO-716,DN-770,Zimbabwe,PMO - US,From RDC,N/A - From RDC,Air,2007-06-09,2007-12-09,2008-06-09,2008-06-09,2008-06-09,ARV,Adult,SCMS from RDC,"Efavirenz 600mg, tablets, 30 Tabs",Efavirenz,Generic,600mg,Tablet,30,1860,23101.2,12.42,0.41,"Aurobindo Unit III, India",False,3951.0,12894.85,36.96
2578,12793,136-RW-T01,Pre-PQ Process,SO-11520,DN-842,Cameroon,PMO - US,From RDC,N/A - From RDC,Air,2007-08-20,2008-02-20,2008-08-20,2008-08-20,2008-08-20,HRDT,HIV test,SCMS from RDC,"HIV 1/2, Uni-Gold HIV Kit, 20 Tests","HIV 1/2, Uni-Gold HIV Kit",Uni-Gold,no_dosage,Test kit,20,2000,64000.0,32.0,1.6,"Trinity Biotech, Plc",True,643.0,7805.33,102.4
2579,12794,113-ZW-T01,Pre-PQ Process,SO-1052,DN-838,Zimbabwe,PMO - US,From RDC,N/A - From RDC,Truck,2007-07-26,2008-01-26,2008-07-26,2008-07-26,2008-07-26,HRDT,HIV test,SCMS from RDC,"HIV 1/2, Bioline 3.0 Kit, Lancets, Capillary pipets, Alcohol swabs included, 25 Tests","HIV 1/2, Bioline 3.0 Kit, Lancets, Capillary pipets, Alcohol swabs included",Bioline,no_dosage,Test kit,25,4342,86840.0,20.0,0.8,"Standard Diagnostics, Korea",False,394.0,6721.705,138.94
2580,12795,125-HT-T01,Pre-PQ Process,SO-1291,DN-686,Haiti,PMO - US,From RDC,N/A - From RDC,Air,2007-04-03,2007-10-03,2008-04-03,2008-04-03,2008-04-03,HRDT,HIV test,SCMS from RDC,"HIV 1/2, Determine HIV Kit, without Lancets, 100 Tests","HIV 1/2, Determine HIV Kit, without Lancets",Determine,no_dosage,Test kit,100,15,1080.0,72.0,0.72,Inverness Japan,False,5.0,2946.7200000000003,1.73
2581,12796,110-ZM-T01,Pre-PQ Process,SO-2545,DN-779,Zambia,PMO - US,From RDC,N/A - From RDC,Air,2007-06-19,2007-12-19,2008-06-19,2008-06-19,2008-06-19,ARV,Adult,SCMS from RDC,"Lamivudine/Stavudine 150/30mg, tablets, 30 Tabs",Lamivudine/Stavudine,Generic,150/30mg,Tablet - FDC,30,81198,162396.0,2.0,0.07,"Cipla, Goa, India",True,4678.0,30610.2,259.83
2582,12797,106-HT-T01,Pre-PQ Process,SO-2042,DN-682,Haiti,PMO - US,From RDC,N/A - From RDC,Air,2007-03-21,2007-09-21,2008-03-21,2008-03-21,2008-03-21,ARV,Pediatric,SCMS from RDC,"Abacavir 20mg/ml, oral solution, Bottle, 240 ml",Abacavir,Generic,20mg/ml,Oral solution,240,128,2112.0,16.5,0.07,"Aurobindo Unit III, India",False,1232.0,2946.7200000000003,3.38
2583,12798,112-NG-T01,Pre-PQ Process,SO-2356,DN-801,Nigeria,PMO - US,From RDC,N/A - From RDC,Air,2007-06-30,2007-12-30,2008-06-30,2008-06-30,2008-06-30,ARV,Adult,SCMS from RDC,"Tenofovir Disoproxil Fumarate 300mg [Viread], tablets, 30 Tabs",Tenofovir Disoproxil Fumarate,Viread,300mg,Tablet,30,48,816.0,17.0,0.57,"Aspen-OSD, Port Elizabeth, SA",True,4.0,213.75,1.31
2584,12800,111-MZ-T01,Pre-PQ Process,SO-1615,DN-698,Mozambique,PMO - US,From RDC,N/A - From RDC,Air,2007-06-23,2007-12-23,2008-06-23,2008-06-23,2008-06-23,ARV,Adult,SCMS from RDC,"Efavirenz 600mg, tablets, 30 Tabs",Efavirenz,Generic,600mg,Tablet,30,2500,31050.0,12.42,0.41,"Aurobindo Unit III, India",False,284.0,3247.5699999999997,49.68
2585,12801,111-MZ-T01,Pre-PQ Process,SO-1615,DN-698,Mozambique,PMO - US,From RDC,N/A - From RDC,Air,2007-06-23,2007-12-23,2008-06-23,2008-06-23,2008-06-23,ARV,Adult,SCMS from RDC,"Lamivudine/Zidovudine 150/300mg, tablets, 60 Tabs",Lamivudine/Zidovudine,Generic,150/300mg,Tablet - FDC,60,1728,16416.0,9.5,0.16,"Cipla, Goa, India",False,668.5,3247.5699999999997,26.27
2586,12803,113-ZW-T01,Pre-PQ Process,SO-1921,DN-645,Zimbabwe,PMO - US,From RDC,N/A - From RDC,Truck,2007-03-07,2007-09-07,2008-03-07,2008-03-07,2008-03-07,ARV,Adult,SCMS from RDC,"Zidovudine 300mg, tablets, 60 Tabs",Zidovudine,Generic,300mg,Tablet,60,3180,25917.0,8.15,0.14,"Aurobindo Unit III, India",True,182.0,1593.48,41.47
2587,12805,102-KE-T01,Pre-PQ Process,SO-1973,DN-697,Kenya,PMO - US,From RDC,N/A - From RDC,Truck,2007-03-30,2007-09-30,2008-03-31,2008-03-31,2008-03-31,HRDT,HIV test - Ancillary,SCMS from RDC,"HIV, Lancet, Safety, for HIV Test kits, 100 Pcs","HIV, Lancet, Safety, for HIV Test kits, 100 Pcs",Generic,no_dosage,Test kit - Ancillary,100,2000,20.0,0.01,0.0,Inverness Japan,False,662.5,225.96,0.03
2588,12806,111-MZ-T01,Pre-PQ Process,SO-2217,DN-699,Mozambique,PMO - US,From RDC,N/A - From RDC,Air,2007-04-21,2007-10-21,2008-04-21,2008-04-21,2008-04-21,ARV,Adult,SCMS from RDC,"Nevirapine 200mg, tablets, 60 Tabs",Nevirapine,Generic,200mg,Tablet,60,3000,10200.0,3.4,0.06,Hetero Unit III Hyderabad IN,True,168.0,1074.95,16.32
2589,12808,114-UG-T01,Pre-PQ Process,SO-1995,DN-683,Uganda,PMO - US,From RDC,N/A - From RDC,Air,2007-04-17,2007-10-17,2008-04-17,2008-04-17,2008-04-17,ARV,Pediatric,SCMS from RDC,"Nevirapine 10mg/ml, oral suspension, Bottle, 240 ml",Nevirapine,Generic,10mg/ml,Oral suspension,240,127,243.84,1.92,0.01,"Aurobindo Unit III, India",True,46.0,740.34,0.39
2590,12809,117-ET-T01,Pre-PQ Process,SO-1536,DN-630,Ethiopia,PMO - US,From RDC,N/A - From RDC,Air,2007-02-01,2007-08-01,2008-02-01,2008-03-06,2008-03-06,ARV,Adult,SCMS from RDC,"Lamivudine 150mg, tablets, 60 Tabs",Lamivudine,Generic,150mg,Tablet,60,30874,93856.96,3.04,0.05,"Ranbaxy, Paonta Shahib, India",True,1822.0,9742.0,150.17
2591,12810,113-ZW-T01,Pre-PQ Process,SO-1873,DN-773,Zimbabwe,PMO - US,From RDC,N/A - From RDC,Air,2007-06-17,2007-12-17,2008-06-17,2008-06-17,2008-06-17,HRDT,HIV test - Ancillary,SCMS from RDC,"HIV, Lancet, Safety, for HIV Test kits, 100 Pcs","HIV, Lancet, Safety, for HIV Test kits, 100 Pcs",Generic,no_dosage,Test kit - Ancillary,100,550,5.5,0.01,0.0,Inverness Japan,False,161.0,12894.85,0.01
2592,12811,113-ZW-T01,Pre-PQ Process,SO-1053,DN-774,Zimbabwe,PMO - US,From RDC,N/A - From RDC,Truck,2007-06-17,2007-12-17,2008-06-17,2008-06-17,2008-06-17,HRDT,HIV test,SCMS from RDC,"HIV 1/2, Determine HIV Kit, without Lancets, 100 Tests","HIV 1/2, Determine HIV Kit, without Lancets",Determine,no_dosage,Test kit,100,1800,129582.0,71.99,0.72,Inverness Japan,False,730.0,6721.705,207.33
2593,12812,114-UG-T01,Pre-PQ Process,SO-2621,DN-812,Uganda,PMO - US,From RDC,N/A - From RDC,Air,2007-08-21,2008-02-21,2008-08-21,2008-08-21,2008-08-21,ARV,Adult,SCMS from RDC,"Lamivudine/Nevirapine/Zidovudine 150/200/300mg, tablets, 60 Tabs",Lamivudine/Nevirapine/Zidovudine,Generic,150/300/200mg,Tablet - FDC,60,1400,18900.0,13.5,0.22,"Aurobindo Unit III, India",True,156.0,1282.6,30.24
2594,12813,110-ZM-T01,Pre-PQ Process,SO-2484,DN-976,Zambia,PMO - US,From RDC,N/A - From RDC,Truck,2007-11-07,2008-05-07,2008-11-07,2008-11-07,2008-11-07,ARV,Adult,SCMS from RDC,"Efavirenz 600mg, tablets, 30 Tabs",Efavirenz,Generic,600mg,Tablet,30,35000,420350.0,12.01,0.4,Mylan (formerly Matrix) Nashik,True,2641.0,2938.92,823.89
2595,12814,110-ZM-T01,Pre-PQ Process,SO-2487,DN-977,Zambia,PMO - US,From RDC,N/A - From RDC,Truck,2007-11-07,2008-05-07,2008-11-07,2008-11-07,2008-11-07,ARV,Adult,SCMS from RDC,"Lamivudine/Zidovudine 150/300mg, tablets, 60 Tabs",Lamivudine/Zidovudine,Generic,150/300mg,Tablet - FDC,60,50000,472500.0,9.45,0.16,"Aurobindo Unit III, India",True,4585.0,2938.92,926.1
2596,12817,104-CI-T01,Pre-PQ Process,SO-16210,DN-1047,Côte d'Ivoire,PMO - US,From RDC,N/A - From RDC,Air,2008-01-19,2008-07-19,2009-01-19,2009-01-19,2009-01-19,ARV,Adult,SCMS from RDC,"Nevirapine 200mg, tablets, 60 Tabs",Nevirapine,Generic,200mg,Tablet,60,4100,13120.0,3.2,0.05,"Aurobindo Unit III, India",False,668.5,4063.81,25.72
2597,12818,102-KE-T01,Pre-PQ Process,SO-11460,DN-963,Kenya,PMO - US,From RDC,N/A - From RDC,Truck,2007-10-16,2008-04-16,2008-10-16,2008-10-16,2008-10-16,HRDT,HIV test,SCMS from RDC,"HIV 1/2, Bioline 3.0 Kit, Lancets, Capillary pipets, Alcohol swabs included, 25 Tests","HIV 1/2, Bioline 3.0 Kit, Lancets, Capillary pipets, Alcohol swabs included",Bioline,no_dosage,Test kit,25,19999,399980.0,20.0,0.8,"Standard Diagnostics, Korea",True,6074.0,1250.0,783.96
2598,12819,109-TZ-T01,Pre-PQ Process,SO-2561,DN-845,Tanzania,PMO - US,From RDC,N/A - From RDC,Truck,2007-08-22,2008-02-22,2008-08-22,2008-08-22,2008-08-22,ARV,Adult,SCMS from RDC,"Lamivudine 150mg, tablets, 60 Tabs",Lamivudine,Generic,150mg,Tablet,60,32544,94703.04,2.91,0.05,"Aurobindo Unit III, India",True,1608.0,1700.32,151.52
2599,12820,106-HT-T01,Pre-PQ Process,SO-12140,DN-860,Haiti,PMO - US,From RDC,N/A - From RDC,Air,2007-08-11,2008-02-11,2008-08-11,2008-08-11,2008-08-11,ARV,Pediatric,SCMS from RDC,"Stavudine 1mg/ml, powder for oral solution, 200 ml",Stavudine,Generic,1mg/ml,Oral solution,200,1500,2100.0,1.4,0.01,"Aurobindo Unit III, India",True,235.0,3022.74,3.36
2600,12821,106-HT-T01,Pre-PQ Process,SO-12140,DN-860,Haiti,PMO - US,From RDC,N/A - From RDC,Air,2007-08-11,2008-02-11,2008-08-11,2008-08-11,2008-08-11,ARV,Pediatric,SCMS from RDC,"Efavirenz 50mg, capsule, 30 Caps",Efavirenz,Generic,50mg,Capsule,30,1500,3360.0,2.24,0.07,"Aurobindo Unit III, India",False,575.0,2946.7200000000003,5.38
2601,12822,112-NG-T01,Pre-PQ Process,SO-2729,DN-1008,Nigeria,PMO - US,From RDC,N/A - From RDC,Air,2007-11-17,2008-05-17,2008-11-17,2008-11-17,2008-11-17,ARV,Adult,SCMS from RDC,"Ritonavir 100mg [Norvir], capsules, cool, 4 x 84 Caps",Ritonavir,Norvir,100mg,Capsule,336,2,76.72,38.36,0.11,ABBVIE (Abbott) France,False,1.0,10144.765,0.15
2602,12823,130-NG-T01,Pre-PQ Process,SO-10660,DN-1011,Nigeria,PMO - US,From RDC,N/A - From RDC,Air,2007-11-20,2008-05-20,2008-11-20,2008-11-20,2008-11-20,ARV,Adult,SCMS from RDC,"Lamivudine/Stavudine 150/30mg, tablets, 60 Tabs",Lamivudine/Stavudine,Generic,150/30mg,Tablet - FDC,60,1152,4492.8,3.9,0.06,Mylan (formerly Matrix) Nashik,True,85.0,1266.05,8.81
2603,12824,112-NG-T01,Pre-PQ Process,SO-2727,DN-888,Nigeria,PMO - US,From RDC,N/A - From RDC,Air,2007-08-29,2008-02-29,2008-08-31,2008-08-31,2008-08-31,ARV,Adult,SCMS from RDC,"Emtricitabine/Tenofovir Disoproxil Fumarate 200/300mg [Truvada], tablets, 30 Tabs",Emtricitabine/Tenofovir Disoproxil Fumarate,Truvada,300/200mg,Tablet - FDC,30,4,105.0,26.25,0.88,"Aspen-OSD, Port Elizabeth, SA",False,78.0,10144.765,0.17
2604,12825,130-NG-T01,Pre-PQ Process,SO-10550,DN-889,Nigeria,PMO - US,From RDC,N/A - From RDC,Air,2007-09-16,2008-03-16,2008-09-16,2008-09-16,2008-09-16,ARV,Adult,SCMS from RDC,"Lamivudine/Stavudine 150/30mg, tablets, 60 Tabs",Lamivudine/Stavudine,Generic,150/30mg,Tablet - FDC,60,784,3057.6,3.9,0.06,Mylan (formerly Matrix) Nashik,True,58.0,1102.98,4.89
2605,12826,100-PK-T01,Pre-PQ Process,SO-14930,DN-1004,Pakistan,PMO - US,From RDC,N/A - From RDC,Air,2007-11-17,2008-05-17,2008-11-17,2008-11-17,2008-11-17,HRDT,HIV test - Ancillary,SCMS from RDC,"HIV, Lancet, Safety, for HIV Test kits, 100 Pcs","HIV, Lancet, Safety, for HIV Test kits, 100 Pcs",Generic,no_dosage,Test kit - Ancillary,100,12,0.12,0.01,0.0,Inverness Japan,False,42.5,14959.835,0.0
2606,12827,112-NG-T01,Pre-PQ Process,SO-11032,DN-920,Nigeria,PMO - US,From RDC,N/A - From RDC,Air,2007-09-26,2008-03-26,2008-09-26,2008-09-26,2008-09-26,ARV,Adult,SCMS from RDC,"Lopinavir/Ritonavir 200/50mg [Aluvia], tablets, 120 Tabs",Lopinavir/Ritonavir,Aluvia,200/50mg,Tablet,120,94,3863.4,41.1,0.34,ABBVIE Ludwigshafen Germany,True,27.0,1058.0,6.18
2607,12828,102-KE-T01,Pre-PQ Process,SO-11450,DN-937,Kenya,PMO - US,From RDC,N/A - From RDC,Truck,2007-09-25,2008-03-25,2008-09-25,2008-09-25,2008-09-25,HRDT,HIV test,SCMS from RDC,"HIV 1/2, Bioline 3.0 Kit, Lancets, Capillary pipets, Alcohol swabs included, 25 Tests","HIV 1/2, Bioline 3.0 Kit, Lancets, Capillary pipets, Alcohol swabs included",Bioline,no_dosage,Test kit,25,20000,400000.0,20.0,0.8,"Standard Diagnostics, Korea",True,6067.0,1250.0,640.0
2608,12829,110-ZM-T01,Pre-PQ Process,SO-2486,DN-912,Zambia,PMO - US,From RDC,N/A - From RDC,Truck,2007-09-23,2008-03-23,2008-09-23,2008-09-23,2008-09-23,ARV,Adult,SCMS from RDC,"Lamivudine/Zidovudine 150/300mg, tablets, 60 Tabs",Lamivudine/Zidovudine,Generic,150/300mg,Tablet - FDC,60,50000,472500.0,9.45,0.16,"Aurobindo Unit III, India",False,4502.0,6476.695,756.0
2609,12830,127-KE-T01,Pre-PQ Process,SO-21980,DN-1049,Kenya,PMO - US,From RDC,N/A - From RDC,Air,2008-01-15,2008-07-15,2009-01-15,2009-01-15,2009-01-15,ARV,Adult,SCMS from RDC,"Efavirenz 600mg, tablets, 30 Tabs",Efavirenz,Generic,600mg,Tablet,30,3770,37.7,0.01,0.0,"Aurobindo Unit III, India",True,668.5,13058.07,0.07
2610,12835,109-TZ-T01,Pre-PQ Process,SO-1697,DN-893,Tanzania,PMO - US,From RDC,N/A - From RDC,Air,2007-09-15,2008-03-15,2008-09-15,2008-09-15,2008-09-15,ARV,Adult,SCMS from RDC,"Abacavir 300mg, tablets, 60 Tabs",Abacavir,Generic,300mg,Tablet,60,5730,157746.9,27.53,0.46,"Aurobindo Unit III, India",False,1411.5,8925.0,252.4
2611,12836,111-MZ-T01,Pre-PQ Process,SO-15080,DN-1034,Mozambique,PMO - US,From RDC,N/A - From RDC,Air,2008-02-21,2008-08-21,2009-02-21,2009-02-21,2009-02-21,ARV,Adult,SCMS from RDC,"Indinavir 400mg [Crixivan], capsules, 180 Caps",Indinavir,Crixivan,400mg,Capsule,180,252,12600.0,50.0,0.28,"MSD, Haarlem, NL",False,17.0,3247.5699999999997,24.7
2612,12837,113-ZW-T01,Pre-PQ Process,SO-14000,DN-1044,Zimbabwe,PMO - US,From RDC,N/A - From RDC,Truck,2008-02-16,2008-08-16,2009-02-16,2009-02-16,2009-02-16,ARV,Adult,SCMS from RDC,"Efavirenz 600mg, tablets, 30 Tabs",Efavirenz,Generic,600mg,Tablet,30,4000,48040.0,12.01,0.4,"Aurobindo Unit III, India",False,810.0,6721.705,94.16
2613,12838,111-MZ-T01,Pre-PQ Process,SO-2424,DN-850,Mozambique,PMO - US,From RDC,N/A - From RDC,Air,2007-09-05,2008-03-05,2008-09-05,2008-09-05,2008-09-05,ARV,Adult,SCMS from RDC,"Lamivudine/Stavudine 150/30mg, tablets, 60 Tabs",Lamivudine/Stavudine,Generic,150/30mg,Tablet - FDC,60,11980,46722.0,3.9,0.06,Mylan (formerly Matrix) Nashik,False,4621.0,3247.5699999999997,74.76
2614,12839,117-ET-T01,Pre-PQ Process,SO-14230,DN-907,Ethiopia,PMO - US,From RDC,N/A - From RDC,Truck,2007-09-16,2008-03-16,2008-09-16,2008-09-16,2008-09-16,ARV,Adult,SCMS from RDC,"Ritonavir 100mg [Norvir], capsules, cool, 4 x 84 Caps",Ritonavir,Norvir,100mg,Capsule,336,14,537.04,38.36,0.11,ABBVIE (Abbott) Logis. UK,True,25.0,505.0,0.86
2615,12840,117-ET-T01,Pre-PQ Process,SO-14230,DN-907,Ethiopia,PMO - US,From RDC,N/A - From RDC,Truck,2007-09-16,2008-03-16,2008-09-16,2008-09-16,2008-09-16,ARV,Adult,SCMS from RDC,"Indinavir 400mg [Crixivan], capsules, 180 Caps",Indinavir,Crixivan,400mg,Capsule,180,50,2500.0,50.0,0.28,"MSD, Haarlem, NL",False,35.0,252.5,4.0
2616,12841,117-ET-T01,Pre-PQ Process,SO-21350,DN-1037,Ethiopia,PMO - US,From RDC,N/A - From RDC,Air,2007-12-19,2008-06-19,2008-12-19,2008-12-19,2008-12-19,ARV,Pediatric,SCMS from RDC,"Lamivudine 10mg/ml, oral solution, Bottle, 240 ml",Lamivudine,Generic,10mg/ml,Oral solution,240,2005,3809.5,1.9,0.01,"Aurobindo Unit III, India",True,692.0,4983.22,7.47
2617,12842,114-UG-T01,Pre-PQ Process,SO-17751,DN-1077,Uganda,PMO - US,From RDC,N/A - From RDC,Air,2008-02-19,2008-08-19,2009-02-19,2009-02-19,2009-02-19,ARV,Adult,SCMS from RDC,"Lamivudine/Nevirapine/Zidovudine 150/200/300mg, tablets, 60 Tabs",Lamivudine/Nevirapine/Zidovudine,Generic,150/300/200mg,Tablet - FDC,60,14600,172280.0,11.8,0.2,"Aurobindo Unit III, India",True,1657.0,9995.55,337.67
2618,12843,104-CI-T01,Pre-PQ Process,SO-21841,DN-1098,Côte d'Ivoire,PMO - US,From RDC,N/A - From RDC,Air,2008-02-27,2008-08-27,2009-02-27,2009-02-27,2009-02-27,ARV,Pediatric,SCMS from RDC,"Zidovudine 10mg/ml, oral solution, Bottle, 240 ml",Zidovudine,Generic,10mg/ml,Oral solution,240,2800,5880.0,2.1,0.01,"Aurobindo Unit III, India",False,555.0,4063.81,11.52
2619,12844,113-ZW-T01,Pre-PQ Process,SO-18100,DN-1115,Zimbabwe,PMO - US,From RDC,N/A - From RDC,Truck,2008-04-06,2008-10-06,2009-04-06,2009-04-06,2009-04-06,ARV,Adult,SCMS from RDC,"Efavirenz 600mg, tablets, 30 Tabs",Efavirenz,Generic,600mg,Tablet,30,4000,48040.0,12.01,0.4,"Aurobindo Unit III, India",False,810.0,6721.705,94.16
2620,12845,100-PK-T01,Pre-PQ Process,SO-22440,DN-1147,Pakistan,PMO - US,From RDC,N/A - From RDC,Air,2008-04-01,2008-10-01,2009-04-01,2009-04-01,2009-04-01,HRDT,HIV test,SCMS from RDC,"HIV 1/2, Determine Complete HIV Kit, 100 Tests","HIV 1/2, Determine Complete HIV Kit",Determine,no_dosage,Test kit,100,28,2800.0,100.0,1.0,Inverness Japan,False,109.0,14959.835,5.49
2621,12846,100-PK-T01,Pre-PQ Process,SO-22440,DN-1147,Pakistan,PMO - US,From RDC,N/A - From RDC,Air,2008-04-01,2008-10-01,2009-04-01,2009-04-01,2009-04-01,HRDT,HIV test,SCMS from RDC,"HIV 1/2, Bioline 3.0 Kit, Lancets, Capillary pipets, Alcohol swabs included, 25 Tests","HIV 1/2, Bioline 3.0 Kit, Lancets, Capillary pipets, Alcohol swabs included",Bioline,no_dosage,Test kit,25,12,240.0,20.0,0.8,"Standard Diagnostics, Korea",False,42.5,14959.835,0.47
2622,12929,102-KE-T30,FPQ-4587,SCMS-58380,ASN-5901,Kenya,PMO - US,Direct Drop,EXW,Air,2009-11-18,2009-12-02,2010-02-16,2010-02-19,2010-02-19,HRDT,HIV test,"Orgenics, Ltd","HIV 1/2, Determine Complete HIV Kit, 100 Tests","HIV 1/2, Determine Complete HIV Kit",Determine,no_dosage,Test kit,100,1,80.0,80.0,0.8,Inverness Japan,True,1028.0,10083.69,0.17
2623,12849,113-ZW-T01,Pre-PQ Process,SO-18100,DN-1115,Zimbabwe,PMO - US,From RDC,N/A - From RDC,Truck,2008-04-06,2008-10-06,2009-04-06,2009-04-06,2009-04-06,ARV,Adult,SCMS from RDC,"Lamivudine/Stavudine 150/30mg, tablets, 30 Tabs",Lamivudine/Stavudine,Generic,150/30mg,Tablet - FDC,30,8000,16000.0,2.0,0.07,"Cipla, Goa, India",False,1023.0,6721.705,31.36
2624,12850,104-CI-T01,Pre-PQ Process,SO-21880,DN-1152,Côte d'Ivoire,PMO - US,From RDC,N/A - From RDC,Air,2008-04-30,2008-10-30,2009-04-30,2009-04-30,2009-04-30,ARV,Adult,SCMS from RDC,"Nevirapine 200mg, tablets, 60 Tabs",Nevirapine,Generic,200mg,Tablet,60,9599,28797.0,3.0,0.05,"Aurobindo Unit III, India",False,668.5,4063.81,56.44
2625,12851,104-CI-T01,Pre-PQ Process,SO-21880,DN-1152,Côte d'Ivoire,PMO - US,From RDC,N/A - From RDC,Air,2008-04-30,2008-10-30,2009-04-30,2009-04-30,2009-04-30,ARV,Adult,SCMS from RDC,"Tenofovir Disoproxil Fumarate 300mg, tablets, 30 Tabs",Tenofovir Disoproxil Fumarate,Generic,300mg,Tablet,30,2200,29216.0,13.28,0.44,Mylan (formerly Matrix) Nashik,False,192.0,4063.81,57.26
2626,12852,110-ZM-T01,Pre-PQ Process,SO-14040,DN-905,Zambia,PMO - US,From RDC,N/A - From RDC,Air,2007-09-23,2008-03-23,2008-09-23,2008-09-23,2008-09-23,ARV,Adult,SCMS from RDC,"Nevirapine 200mg, tablets, 60 Tabs",Nevirapine,Generic,200mg,Tablet,60,9408,31987.2,3.4,0.06,"Aurobindo Unit III, India",True,893.0,6269.7,51.18
2627,12853,123-NG-T01,Pre-PQ Process,SO-11230,DN-883,Nigeria,PMO - US,From RDC,N/A - From RDC,Air,2007-08-24,2008-02-24,2008-08-24,2008-08-24,2008-08-24,ARV,Adult,SCMS from RDC,"Emtricitabine/Tenofovir Disoproxil Fumarate 200/300mg [Truvada], tablets, 30 Tabs",Emtricitabine/Tenofovir Disoproxil Fumarate,Truvada,300/200mg,Tablet - FDC,30,12696,333270.0,26.25,0.88,"Aspen-OSD, Port Elizabeth, SA",True,1114.0,7641.1,533.23
2628,12854,110-ZM-T01,Pre-PQ Process,SO-2479,DN-861,Zambia,PMO - US,From RDC,N/A - From RDC,Truck,2007-08-20,2008-02-20,2008-08-20,2008-08-20,2008-08-20,ARV,Adult,SCMS from RDC,"Efavirenz 600mg, tablets, 30 Tabs",Efavirenz,Generic,600mg,Tablet,30,50000,600500.0,12.01,0.4,Mylan (formerly Matrix) Nashik,False,4502.0,6476.695,960.8
2629,12857,109-TZ-T01,Pre-PQ Process,SO-11860,DN-852,Tanzania,PMO - US,From RDC,N/A - From RDC,Air,2007-08-22,2008-02-22,2008-08-22,2008-08-22,2008-08-22,ARV,Adult,SCMS from RDC,"Lamivudine/Zidovudine 150/300mg, tablets, 60 Tabs",Lamivudine/Zidovudine,Generic,150/300mg,Tablet - FDC,60,76427,722235.15,9.45,0.16,"Aurobindo Unit III, India",True,7017.0,5367.09,1155.58
2630,12858,117-ET-T01,Pre-PQ Process,SO-22000,DN-1060,Ethiopia,PMO - US,From RDC,N/A - From RDC,Air,2008-02-18,2008-08-18,2009-02-18,2009-02-18,2009-02-18,ARV,Adult,SCMS from RDC,"Efavirenz 600mg, tablets, 30 Tabs",Efavirenz,Generic,600mg,Tablet,30,27590,293005.8,10.62,0.35,Mylan (formerly Matrix) Nashik,False,668.5,4672.77,574.29
2631,12859,117-ET-T01,Pre-PQ Process,SO-22010,DN-1061,Ethiopia,PMO - US,From RDC,N/A - From RDC,Air,2008-01-29,2008-07-29,2009-01-29,2009-01-29,2009-01-29,ARV,Adult,SCMS from RDC,"Efavirenz 600mg, tablets, 30 Tabs",Efavirenz,Generic,600mg,Tablet,30,11549,122650.38,10.62,0.35,"Aurobindo Unit III, India",False,668.5,4672.77,240.39
2632,12860,117-ET-T01,Pre-PQ Process,SO-22030,DN-1062,Ethiopia,PMO - US,From RDC,N/A - From RDC,Air,2008-03-04,2008-09-04,2009-03-04,2009-03-04,2009-03-04,ARV,Adult,SCMS from RDC,"Efavirenz 600mg, tablets, 30 Tabs",Efavirenz,Generic,600mg,Tablet,30,35299,374875.38,10.62,0.35,"Aurobindo Unit III, India",False,668.5,4672.77,734.76
2633,12862,123-NG-T01,Pre-PQ Process,SO-2554,DN-960,Nigeria,PMO - US,From RDC,N/A - From RDC,Air,2007-10-30,2008-04-30,2008-10-30,2008-10-30,2008-10-30,ARV,Adult,SCMS from RDC,"Nevirapine 200mg, tablets, 60 Tabs",Nevirapine,Generic,200mg,Tablet,60,6002,20406.8,3.4,0.06,"Aurobindo Unit III, India",False,668.5,10144.765,40.0
2634,12863,123-NG-T01,Pre-PQ Process,SO-13000,DN-1026,Nigeria,PMO - US,From RDC,N/A - From RDC,Air,2007-12-17,2008-06-17,2008-12-17,2008-12-17,2008-12-17,ARV,Adult,SCMS from RDC,"Stavudine 30mg, capsules, 60 Caps",Stavudine,Generic,30mg,Capsule,60,7876,12207.8,1.55,0.03,"Aurobindo Unit III, India",True,521.0,4608.92,23.93
2635,12864,131-NG-T01,Pre-PQ Process,SO-22800,DN-1123,Nigeria,PMO - US,From RDC,N/A - From RDC,Air Charter,2008-03-19,2008-09-19,2009-03-19,2009-03-19,2009-03-19,ARV,Adult,SCMS from RDC,"Efavirenz 600mg, tablets, 30 Tabs",Efavirenz,Generic,600mg,Tablet,30,16000,155520.0,9.72,0.32,"Aurobindo Unit III, India",True,1364.0,0.0,304.82
2636,12865,112-NG-T01,Pre-PQ Process,SO-20960,DN-1124,Nigeria,PMO - US,From RDC,N/A - From RDC,Air Charter,2008-03-19,2008-09-19,2009-03-19,2009-03-19,2009-03-19,ARV,Adult,SCMS from RDC,"Lamivudine/Zidovudine 150/300mg, tablets, 60 Tabs",Lamivudine/Zidovudine,Generic,150/300mg,Tablet - FDC,60,3231,28303.56,8.76,0.15,"Aurobindo Unit III, India",False,668.5,12601.07,55.47
2637,12866,151-NG-T01,Pre-PQ Process,SO-21806,DN-1140,Nigeria,PMO - US,From RDC,N/A - From RDC,Air Charter,2008-03-19,2008-09-19,2009-03-19,2009-03-19,2009-03-19,ARV,Adult,SCMS from RDC,"Lamivudine/Nevirapine/Zidovudine 150/200/300mg, tablets, 60 Tabs",Lamivudine/Nevirapine/Zidovudine,Generic,150/300/200mg,Tablet - FDC,60,67842,773398.8,11.4,0.19,"Aurobindo Unit III, India",True,7627.0,11492.86,1515.86
2638,12868,104-CI-T01,Pre-PQ Process,SO-19340,DN-1122,Côte d'Ivoire,PMO - US,From RDC,N/A - From RDC,Air,2008-04-29,2008-10-29,2009-04-29,2009-04-29,2009-04-29,ARV,Adult,SCMS from RDC,"Lamivudine/Zidovudine 150/300mg, tablets, 60 Tabs",Lamivudine/Zidovudine,Generic,150/300mg,Tablet - FDC,60,28624,267634.4,9.35,0.16,"Aurobindo Unit III, India",True,2583.0,7608.7,524.56
2639,12869,113-ZW-T01,Pre-PQ Process,SO-13980,DN-972,Zimbabwe,PMO - US,From RDC,N/A - From RDC,Truck,2007-10-30,2008-04-30,2008-10-31,2008-10-31,2008-10-31,ARV,Adult,SCMS from RDC,"Lamivudine/Stavudine 150/30mg, tablets, 30 Tabs",Lamivudine/Stavudine,Generic,150/30mg,Tablet - FDC,30,8000,16000.0,2.0,0.07,"Cipla, Goa, India",True,483.0,2947.59,31.36
2640,12870,510-KE-T01,Pre-PQ Process,SO-12710,DN-879,Kenya,PMO - US,From RDC,N/A - From RDC,Truck,2007-08-20,2008-02-20,2008-08-20,2008-08-20,2008-08-20,HRDT,HIV test,SCMS from RDC,"HIV 1/2, Uni-Gold HIV Kit, 20 Tests","HIV 1/2, Uni-Gold HIV Kit",Uni-Gold,no_dosage,Test kit,20,1067,34144.0,32.0,1.6,"Trinity Biotech, Plc",True,297.0,3616.67,54.63
2641,12871,104-CI-T01,Pre-PQ Process,SO-27020,DN-1160,Côte d'Ivoire,PMO - US,From RDC,N/A - From RDC,Air,2008-03-20,2008-09-20,2009-03-20,2009-03-20,2009-03-20,ARV,Adult,SCMS from RDC,"Lamivudine 150mg, tablets, 60 Tabs",Lamivudine,Generic,150mg,Tablet,60,10000,30400.0,3.04,0.05,"Ranbaxy, Paonta Shahib, India",True,1097.5,4063.81,59.58
2642,12873,123-NG-T01,Pre-PQ Process,SO-22830,DN-1166,Nigeria,PMO - US,From RDC,N/A - From RDC,Air Charter,2008-05-08,2008-11-08,2009-05-08,2009-05-08,2009-05-08,ARV,Pediatric,SCMS from RDC,"Efavirenz 200mg, capsule, 90 Caps",Efavirenz,Generic,200mg,Capsule,90,1132,17274.32,15.26,0.17,"Aurobindo Unit III, India",False,668.5,12601.07,33.86
2643,12874,113-ZW-T01,Pre-PQ Process,SO-18110,DN-1168,Zimbabwe,PMO - US,From RDC,N/A - From RDC,Truck,2008-04-27,2008-10-27,2009-04-27,2009-04-27,2009-04-27,ARV,Adult,SCMS from RDC,"Lamivudine/Nevirapine/Stavudine 150/200/30mg, tablets, 60 Tabs",Lamivudine/Nevirapine/Stavudine,Generic,150/200/30mg,Tablet - FDC,60,76000,562400.0,7.4,0.12,"Cipla, Goa, India",False,8774.5,6721.705,1102.3
2644,12875,111-MZ-T01,Pre-PQ Process,SO-17531,DN-1181,Mozambique,PMO - US,From RDC,N/A - From RDC,Truck,2008-06-03,2008-12-03,2009-06-03,2009-06-03,2009-06-03,ARV,Adult,SCMS from RDC,"Lamivudine/Nevirapine/Stavudine 150/200/30mg, tablets, 60 Tabs",Lamivudine/Nevirapine/Stavudine,Generic,150/200/30mg,Tablet - FDC,60,135000,972000.0,7.2,0.12,"Strides, Bangalore, India.",True,10053.0,10211.52,1905.12
2645,12876,109-TZ-T01,Pre-PQ Process,SO-18740,DN-1180,Tanzania,PMO - US,From RDC,N/A - From RDC,Truck,2008-05-11,2008-11-11,2009-05-11,2009-05-11,2009-05-11,ARV,Pediatric,SCMS from RDC,"Abacavir 20mg/ml, oral solution, Bottle, 240 ml",Abacavir,Generic,20mg/ml,Oral solution,240,1977,31928.55,16.15,0.07,"Aurobindo Unit III, India",False,668.5,3623.2,62.58
2646,12877,123-NG-T01,Pre-PQ Process,SO-22831,DN-1172,Nigeria,PMO - US,From RDC,N/A - From RDC,Air,2008-04-30,2008-10-30,2009-04-30,2009-04-30,2009-04-30,ARV,Adult,SCMS from RDC,"Nevirapine 200mg, tablets, 60 Tabs",Nevirapine,Generic,200mg,Tablet,60,248,793.6,3.2,0.05,"Aurobindo Unit III, India",True,24.0,1547.94,1.56
2647,12878,112-NG-T01,Pre-PQ Process,SO-20962,DN-1182,Nigeria,PMO - US,From RDC,N/A - From RDC,Air,2008-04-30,2008-10-30,2009-04-30,2009-04-30,2009-04-30,ARV,Adult,SCMS from RDC,"Nevirapine 200mg, tablets, 60 Tabs",Nevirapine,Generic,200mg,Tablet,60,1067,3414.4,3.2,0.05,Hetero Unit III Hyderabad IN,True,60.0,1981.1,6.69
2648,12879,123-NG-T01,Pre-PQ Process,SO-23430,DN-1183,Nigeria,PMO - US,From RDC,N/A - From RDC,Air Charter,2008-05-08,2008-11-08,2009-05-08,2009-05-08,2009-05-08,ARV,Adult,SCMS from RDC,"Lamivudine/Zidovudine 150/300mg, tablets, 60 Tabs",Lamivudine/Zidovudine,Generic,150/300mg,Tablet - FDC,60,35000,327250.0,9.35,0.16,"Aurobindo Unit III, India",True,3162.0,15128.37,641.41
2649,12883,100-GH-T01,Pre-PQ Process,SO-30700,DN-1235,Ghana,PMO - US,From RDC,N/A - From RDC,Truck,2008-08-12,2009-02-12,2009-08-12,2009-08-12,2009-08-12,ARV,Adult,SCMS from RDC,"Zidovudine 300mg, tablets, 60 Tabs",Zidovudine,Generic,300mg,Tablet,60,8346,83.46,0.01,0.0,"Aurobindo Unit III, India",False,668.5,3975.7,0.16
2650,12885,112-NG-T01,Pre-PQ Process,SO-21050,DN-1244,Nigeria,PMO - US,From RDC,N/A - From RDC,Air Charter,2008-06-16,2008-12-16,2009-06-16,2009-06-16,2009-06-16,ARV,Adult,SCMS from RDC,"Efavirenz 600mg, tablets, 30 Tabs",Efavirenz,Generic,600mg,Tablet,30,2178,23522.4,10.8,0.36,"Aurobindo Unit III, India",False,2304.0,12601.07,46.1
2651,12886,112-NG-T01,Pre-PQ Process,SO-21050,DN-1244,Nigeria,PMO - US,From RDC,N/A - From RDC,Air Charter,2008-06-16,2008-12-16,2009-06-16,2009-06-16,2009-06-16,ARV,Pediatric,SCMS from RDC,"Lamivudine 10mg/ml, oral solution, Bottle, 240 ml",Lamivudine,Generic,10mg/ml,Oral solution,240,806,1531.4,1.9,0.01,"Aurobindo Unit III, India",False,668.5,12601.07,3.0
2652,12887,114-UG-T01,Pre-PQ Process,SO-30070,DN-1254,Uganda,PMO - US,From RDC,N/A - From RDC,Air,2008-06-01,2008-12-01,2009-06-01,2009-06-01,2009-06-01,ARV,Adult,SCMS from RDC,"Lamivudine/Nevirapine/Stavudine 150/200/30mg, tablets, 60 Tabs",Lamivudine/Nevirapine/Stavudine,Generic,150/200/30mg,Tablet - FDC,60,3895,27732.4,7.12,0.12,"Strides, Bangalore, India.",True,289.0,2798.7,54.36
2653,12892,123-NG-T01,Pre-PQ Process,SO-24480,DN-1276,Nigeria,PMO - US,From RDC,N/A - From RDC,Air Charter,2008-06-16,2008-12-16,2009-06-16,2009-06-16,2009-06-16,ARV,Adult,SCMS from RDC,"Indinavir 400mg [Crixivan], capsules, 180 Caps",Indinavir,Crixivan,400mg,Capsule,180,400,20000.0,50.0,0.28,"MSD, Haarlem, NL",True,89.0,7329.83,39.2
2654,12893,151-NG-T01,Pre-PQ Process,SO-30024,DN-1291,Nigeria,PMO - US,From RDC,N/A - From RDC,Air Charter,2008-06-16,2008-12-16,2009-06-16,2009-06-16,2009-06-16,ARV,Adult,SCMS from RDC,"Lamivudine/Nevirapine/Zidovudine 150/200/300mg, tablets, 60 Tabs",Lamivudine/Nevirapine/Zidovudine,Generic,150/300/200mg,Tablet - FDC,60,3190,36366.0,11.4,0.19,"Aurobindo Unit III, India",True,361.0,7329.83,71.28
2655,12894,123-NG-T01,Pre-PQ Process,SO-24481,DN-1296,Nigeria,PMO - US,From RDC,N/A - From RDC,Air Charter,2008-06-16,2008-12-16,2009-06-16,2009-06-16,2009-06-16,ARV,Adult,SCMS from RDC,"Indinavir 400mg [Crixivan], capsules, 180 Caps",Indinavir,Crixivan,400mg,Capsule,180,400,20000.0,50.0,0.28,"MSD, Haarlem, NL",False,81.0,12601.07,39.2
2656,12896,111-MZ-T01,Pre-PQ Process,SO-32110,DN-1305,Mozambique,PMO - US,From RDC,N/A - From RDC,Air,2008-08-20,2009-02-20,2009-08-20,2009-08-20,2009-08-20,ARV,Adult,SCMS from RDC,"Nevirapine 200mg, tablets, 60 Tabs",Nevirapine,Generic,200mg,Tablet,60,9310,29792.0,3.2,0.05,Hetero Unit III Hyderabad IN,True,376.0,2342.92,58.39
2657,12897,110-ZM-T01,Pre-PQ Process,SO-17640,DN-1324,Zambia,PMO - US,From RDC,N/A - From RDC,Air,2008-09-04,2009-03-04,2009-09-04,2009-09-04,2009-09-04,ARV,Adult,SCMS from RDC,"Efavirenz 600mg, tablets, 30 Tabs",Efavirenz,Generic,600mg,Tablet,30,22260,244860.0,11.0,0.37,"Aurobindo Unit III, India",True,1921.0,2448.71,479.93
2658,12898,111-MZ-T01,Pre-PQ Process,SO-26423,DN-1332,Mozambique,PMO - US,From RDC,N/A - From RDC,Truck,2008-08-27,2009-02-27,2009-08-27,2009-08-27,2009-08-27,ARV,Adult,SCMS from RDC,"Lamivudine 150mg, tablets, 60 Tabs",Lamivudine,Generic,150mg,Tablet,60,1894,4621.36,2.44,0.04,"Aurobindo Unit III, India",False,668.5,5192.68,9.06
2659,12899,151-NG-T01,Pre-PQ Process,SO-32647,DN-1341,Nigeria,PMO - US,From RDC,N/A - From RDC,Air Charter,2008-08-04,2009-02-04,2009-08-04,2009-08-04,2009-08-04,ARV,Adult,SCMS from RDC,"Lamivudine/Nevirapine/Zidovudine 150/200/300mg, tablets, 60 Tabs",Lamivudine/Nevirapine/Zidovudine,Generic,150/300/200mg,Tablet - FDC,60,1268,14455.2,11.4,0.19,"Aurobindo Unit III, India",True,143.0,7445.8,28.33
2660,12900,110-ZM-T01,Pre-PQ Process,SO-30310,DN-1363,Zambia,PMO - US,From RDC,N/A - From RDC,Truck,2008-09-29,2009-03-29,2009-09-29,2009-09-29,2009-09-29,ARV,Adult,SCMS from RDC,"Efavirenz 600mg, tablets, 30 Tabs",Efavirenz,Generic,600mg,Tablet,30,27941,307351.0,11.0,0.37,"Emcure Plot No.P-2, I.T-B.T. Park, Phase II, MIDC, Hinjwadi, Pune, India",True,1970.0,6759.28,602.41
2661,12902,106-HT-T01,Pre-PQ Process,SO-32750,DN-1372,Haiti,PMO - US,From RDC,N/A - From RDC,Air,2008-08-27,2009-02-27,2009-08-27,2009-08-27,2009-08-27,ARV,Pediatric,SCMS from RDC,"Zidovudine 10mg/ml, oral solution, Bottle, 240 ml",Zidovudine,Generic,10mg/ml,Oral solution,240,2757,5789.7,2.1,0.01,"Aurobindo Unit III, India",True,1038.0,11774.5,11.35
2662,12903,106-HT-T01,Pre-PQ Process,SO-32760,DN-1373,Haiti,PMO - US,From RDC,N/A - From RDC,Air,2008-07-31,2009-01-31,2009-07-31,2009-07-31,2009-07-31,ARV,Pediatric,SCMS from RDC,"Zidovudine 100mg, capsules, 100 Caps",Zidovudine,Generic,100mg,Capsule,100,1260,6300.0,5.0,0.05,"Aurobindo Unit III, India",False,194.0,2946.7200000000003,12.35
2663,12904,106-HT-T01,Pre-PQ Process,SO-32730,DN-1374,Haiti,PMO - US,From RDC,N/A - From RDC,Air,2008-07-31,2009-01-31,2009-07-31,2009-07-31,2009-07-31,ARV,Adult,SCMS from RDC,"Stavudine 20mg, capsules, 60 Caps",Stavudine,Generic,20mg,Capsule,60,108,189.0,1.75,0.03,"Aurobindo Unit III, India",False,78.0,2946.7200000000003,0.37
2664,12905,104-CI-T01,Pre-PQ Process,SO-32220,DN-1390,Côte d'Ivoire,PMO - US,From RDC,N/A - From RDC,Air,2008-08-21,2009-02-21,2009-08-21,2009-08-21,2009-08-21,ARV,Adult,SCMS from RDC,"Lamivudine/Nevirapine/Zidovudine 150/200/300mg, tablets, 60 Tabs",Lamivudine/Nevirapine/Zidovudine,Generic,150/300/200mg,Tablet - FDC,60,18180,206343.0,11.35,0.19,"Aurobindo Unit III, India",True,2047.0,6739.08,404.43
2665,12908,114-UG-T01,Pre-PQ Process,SO-32920,DN-1397,Uganda,PMO - US,From RDC,N/A - From RDC,Air,2008-08-24,2009-02-24,2009-08-24,2009-08-24,2009-08-24,ARV,Adult,SCMS from RDC,"Lamivudine 150mg, tablets, 60 Tabs",Lamivudine,Generic,150mg,Tablet,60,2237,5458.28,2.44,0.04,"Aurobindo Unit III, India",False,668.5,2485.92,10.7
2666,12909,114-UG-T01,Pre-PQ Process,SO-31440,DN-1408,Uganda,PMO - US,From RDC,N/A - From RDC,Ocean,2008-09-15,2009-03-15,2009-09-15,2009-09-15,2009-09-15,ARV,Adult,SCMS from RDC,"Lamivudine/Nevirapine/Zidovudine 150/200/300mg, tablets, 60 Tabs",Lamivudine/Nevirapine/Zidovudine,Generic,150/300/200mg,Tablet - FDC,60,8784,99698.4,11.35,0.19,Mylan (formerly Matrix) Nashik,True,1118.0,7338.54,195.41
2667,12910,110-ZM-T01,Pre-PQ Process,SO-29030,DN-1407,Zambia,PMO - US,From RDC,N/A - From RDC,Truck,2008-10-19,2009-04-19,2009-10-19,2009-10-19,2009-10-19,ARV,Adult,SCMS from RDC,"Efavirenz 600mg, tablets, 30 Tabs",Efavirenz,Generic,600mg,Tablet,30,45964,367712.0,8.0,0.27,"Aurobindo Unit III, India",False,668.5,6476.695,720.72
2668,12911,104-CI-T01,Pre-PQ Process,SO-33220,DN-1422,Côte d'Ivoire,PMO - US,From RDC,N/A - From RDC,Air,2008-09-16,2009-03-16,2009-09-16,2009-09-16,2009-09-16,ARV,Pediatric,SCMS from RDC,"Lamivudine 10mg/ml, oral solution, Bottle, 240 ml",Lamivudine,Generic,10mg/ml,Oral solution,240,3181,6043.9,1.9,0.01,"Aurobindo Unit III, India",False,668.5,4063.81,11.85
2669,12912,114-UG-T01,Pre-PQ Process,SO-32940,DN-1425,Uganda,PMO - US,From RDC,N/A - From RDC,Air,2008-10-07,2009-04-07,2009-10-07,2009-10-07,2009-10-07,ARV,Adult,SCMS from RDC,"Efavirenz 600mg, tablets, 30 Tabs",Efavirenz,Generic,600mg,Tablet,30,29426,201568.1,6.85,0.23,"Aurobindo Unit III, India",True,2529.0,4031.3,395.07
2670,12913,104-CI-T01,Pre-PQ Process,SO-33230,DN-1427,Côte d'Ivoire,PMO - US,From RDC,N/A - From RDC,Air,2008-09-25,2009-03-25,2009-09-25,2009-09-25,2009-09-25,ARV,Adult,SCMS from RDC,"Lamivudine 150mg, tablets, 60 Tabs",Lamivudine,Generic,150mg,Tablet,60,5830,14225.2,2.44,0.04,"Aurobindo Unit III, India",False,668.5,4063.81,27.88
2671,12914,151-NG-T01,Pre-PQ Process,SO-33332,DN-1435,Nigeria,PMO - US,From RDC,N/A - From RDC,Air Charter,2008-10-20,2009-04-20,2009-10-20,2009-10-20,2009-10-20,ARV,Adult,SCMS from RDC,"Lamivudine/Nevirapine/Zidovudine 150/200/300mg, tablets, 60 Tabs",Lamivudine/Nevirapine/Zidovudine,Generic,150/300/200mg,Tablet - FDC,60,17000,193800.0,11.4,0.19,"Aurobindo Unit III, India",True,1914.0,9341.49,379.85
2672,12915,151-NG-T01,Pre-PQ Process,SO-33336,DN-1437,Nigeria,PMO - US,From RDC,N/A - From RDC,Air Charter,2008-10-20,2009-04-20,2009-10-20,2009-10-20,2009-10-20,ARV,Adult,SCMS from RDC,"Lamivudine/Nevirapine/Zidovudine 150/200/300mg, tablets, 60 Tabs",Lamivudine/Nevirapine/Zidovudine,Generic,150/300/200mg,Tablet - FDC,60,3001,34211.4,11.4,0.19,"Aurobindo Unit III, India",True,338.0,9341.49,67.05
2673,12916,151-NG-T01,Pre-PQ Process,SO-27823,DN-1442,Nigeria,PMO - US,From RDC,N/A - From RDC,Air Charter,2008-10-20,2009-04-20,2009-10-20,2009-10-20,2009-10-20,ARV,Adult,SCMS from RDC,"Emtricitabine/Tenofovir Disoproxil Fumarate 200/300mg, tablets, 30 Tabs",Emtricitabine/Tenofovir Disoproxil Fumarate,Generic,200/300mg,Tablet - FDC,30,240,2820.0,11.75,0.39,Mylan (formerly Matrix) Nashik,True,22.0,9341.49,5.53
2674,12917,151-NG-T01,Pre-PQ Process,SO-33338,DN-1445,Nigeria,PMO - US,From RDC,N/A - From RDC,Air Charter,2008-10-20,2009-04-20,2009-10-20,2009-10-20,2009-10-20,ARV,Adult,SCMS from RDC,"Lamivudine/Nevirapine/Zidovudine 150/200/300mg, tablets, 60 Tabs",Lamivudine/Nevirapine/Zidovudine,Generic,150/300/200mg,Tablet - FDC,60,25281,288203.4,11.4,0.19,"Aurobindo Unit III, India",True,2847.0,9341.49,564.88
2675,12918,151-NG-T01,Pre-PQ Process,SO-33339,DN-1446,Nigeria,PMO - US,From RDC,N/A - From RDC,Air Charter,2008-10-20,2009-04-20,2009-10-20,2009-10-20,2009-10-20,ARV,Adult,SCMS from RDC,"Lamivudine/Nevirapine/Zidovudine 150/200/300mg, tablets, 60 Tabs",Lamivudine/Nevirapine/Zidovudine,Generic,150/300/200mg,Tablet - FDC,60,16912,192796.8,11.4,0.19,"Aurobindo Unit III, India",True,1905.0,9341.49,377.88
2676,12919,110-ZM-T01,Pre-PQ Process,SO-33021,DN-1448,Zambia,PMO - US,From RDC,N/A - From RDC,Truck,2008-10-13,2009-04-13,2009-10-13,2009-10-13,2009-10-13,ARV,Adult,SCMS from RDC,"Efavirenz 600mg, tablets, 30 Tabs",Efavirenz,Generic,600mg,Tablet,30,22059,137206.98,6.22,0.21,"Emcure Plot No.P-2, I.T-B.T. Park, Phase II, MIDC, Hinjwadi, Pune, India",False,668.5,6476.695,268.93
2677,12920,111-MZ-T01,Pre-PQ Process,SO-26425,DN-1455,Mozambique,PMO - US,From RDC,N/A - From RDC,Truck,2008-09-17,2009-03-17,2009-09-17,2009-09-17,2009-09-17,ARV,Adult,SCMS from RDC,"Lamivudine/Nevirapine/Stavudine 150/200/30mg, tablets, 60 Tabs",Lamivudine/Nevirapine/Stavudine,Generic,150/200/30mg,Tablet - FDC,60,1604,11420.48,7.12,0.12,"Strides, Bangalore, India.",True,120.0,1799.88,22.38
2678,12922,100-GH-T01,Pre-PQ Process,SO-33650,DN-1473,Ghana,PMO - US,From RDC,N/A - From RDC,Truck,2008-09-30,2009-03-30,2009-09-30,2009-08-12,2009-08-12,ARV,Pediatric,SCMS from RDC,"Lopinavir/Ritonavir 80/20mg/ml [Kaletra], oral solution, cool, Bottle 5 x 60 ml",Lopinavir/Ritonavir,Kaletra,80/20mg/ml,Oral solution,300,276,2.76,0.01,0.0,ABBVIE (Abbott) Logis. UK,False,26.0,3975.7,0.01
2679,12923,100-GH-T01,Pre-PQ Process,SO-33650,DN-1473,Ghana,PMO - US,From RDC,N/A - From RDC,Truck,2008-09-30,2009-03-30,2009-09-30,2009-08-12,2009-08-12,ARV,Pediatric,SCMS from RDC,"Lopinavir/Ritonavir 80/20mg/ml [Kaletra], oral solution, cool, Bottle 5 x 60 ml",Lopinavir/Ritonavir,Kaletra,80/20mg/ml,Oral solution,300,896,8.96,0.01,0.0,ABBVIE (Abbott) Logis. UK,False,668.5,3975.7,0.02
2680,12925,106-HT-T01,Pre-PQ Process,SO-34250,DN-1497,Haiti,PMO - US,From RDC,N/A - From RDC,Air,2008-10-22,2009-04-22,2009-10-22,2009-10-22,2009-10-22,ARV,Adult,SCMS from RDC,"Stavudine 30mg, capsules, 60 Caps",Stavudine,Generic,30mg,Capsule,60,4410,6438.6,1.46,0.02,"Aurobindo Unit III, India",True,286.0,3842.22,13.88
2681,12926,117-ET-T01,Pre-PQ Process,SO-34350,DN-1502,Ethiopia,PMO - US,From RDC,N/A - From RDC,Air,2008-10-27,2009-04-27,2009-10-27,2009-10-27,2009-10-27,ARV,Adult,SCMS from RDC,"Nevirapine 200mg, tablets, 60 Tabs",Nevirapine,Generic,200mg,Tablet,60,12873,37331.7,2.9,0.05,"Aurobindo Unit III, India",True,1258.0,6027.68,80.49
2682,12935,108-VN-T30,FPQ-12051,SCMS-188650,ASN-23215,Vietnam,PMO - US,Direct Drop,EXW,Air,2013-05-03,2013-05-15,2014-01-09,2014-01-09,2014-01-09,ARV,Adult,MYLAN LABORATORIES LTD (FORMERLY MATRIX LABORATORIES),"Lamivudine/Zidovudine 150/300mg, tablets, 60 Tabs",Lamivudine/Zidovudine,Generic,150/300mg,Tablet - FDC,60,11092,74871.0,6.75,0.11,Mylan (formerly Matrix) Nashik,True,957.0,1869.41,92.62
2683,12959,110-ZM-T30,FPQ-14827,SCMS-256500,ASN-31164,Zambia,PMO - US,Direct Drop,EXW,Air,2014-08-19,2014-09-19,2015-05-12,2015-05-12,2015-05-14,HRDT,HIV test,"Orgenics, Ltd","HIV 1/2, Determine Complete HIV Kit, 100 Tests","HIV 1/2, Determine Complete HIV Kit",Determine,no_dosage,Test kit,100,6280,502400.0,80.0,0.8,"Alere Medical Co., Ltd.",True,2548.0,28709.52,516.47
2684,12973,106-HT-T30,FPQ-9066,SCMS-138620,ASN-14950,Haiti,PMO - US,Direct Drop,EXW,Air,2012-01-06,2012-02-24,2012-06-12,2012-06-12,2012-06-12,ARV,Pediatric,CIPLA LIMITED,"Lamivudine/Nevirapine/Stavudine 30/50/6mg, dispersible tablets, 60 Tabs",Lamivudine/Nevirapine/Stavudine,Generic,30/50/6mg,Chewable/dispersible tablet - FDC,60,298,685.4,2.3,0.04,"Cipla, Goa, India",True,21.0,304.62,0.96
2685,12981,105-SS-T30,FPQ-11754,SCMS-181400,ASN-19428,South Sudan,PMO - US,Direct Drop,EXW,Air,2013-02-22,2013-04-01,2013-08-16,2013-08-16,2013-08-16,HRDT,HIV test,"Orgenics, Ltd","HIV 1/2, Determine Complete HIV Kit, 100 Tests","HIV 1/2, Determine Complete HIV Kit",Determine,no_dosage,Test kit,100,90,8010.0,89.0,0.89,"Alere Medical Co., Ltd.",True,39.0,1434.98,9.91
2686,13004,111-MZ-T30,FPQ-15276,SCMS-263040,ASN-31553,Mozambique,PMO - US,Direct Drop,FCA,Air,2014-10-28,2014-11-07,2015-04-15,2015-04-15,2015-04-15,ARV,Adult,ABBVIE LOGISTICS (FORMERLY ABBOTT LOGISTICS BV),"Ritonavir 100mg [Norvir], film coated tablets, 60 Tabs",Ritonavir,Norvir,100mg,Tablet,60,400,2740.0,6.85,0.11,ABBVIE Ludwigshafen Germany,True,62.0,642.99,3.22
2687,13007,102-BI-T30,FPQ-11670,SCMS-179360,ASN-19161,Burundi,PMO - US,Direct Drop,EXW,Air,2013-02-20,2013-03-14,2013-06-10,2013-06-10,2013-06-10,HRDT,HIV test,"Orgenics, Ltd","HIV 1/2, Determine Complete HIV Kit, 100 Tests","HIV 1/2, Determine Complete HIV Kit",Determine,no_dosage,Test kit,100,1468,117440.0,80.0,0.8,"Alere Medical Co., Ltd.",True,638.0,12922.07,145.27
2688,13016,102-BI-T30,FPQ-9231,SCMS-141760,ASN-14830,Burundi,PMO - US,Direct Drop,EXW,Air,2012-02-17,2012-04-09,2012-06-01,2012-06-01,2012-06-01,HRDT,HIV test,"CHEMBIO DIAGNOSTIC SYSTEMS, INC.","HIV 1/2, Stat-Pak Dipstick Assay Kit, 30 Tests","HIV 1/2, Stat-Pak Dipstick Assay Kit",Stat-Pak,no_dosage,Test kit,30,305,7777.5,25.5,0.85,Chembio Diagnostics Sys. Inc.,True,34.0,836.8,10.9
2689,13020,122-HT-T30,FPQ-8671,SCMS-131040,ASN-13448,Haiti,PMO - US,Direct Drop,EXW,Air,2011-11-09,2011-12-29,2012-01-30,2012-01-30,2012-01-30,MRDT,Malaria,Premier Medical Corporation Ltd.,"Malaria Antigen P.f Kit, 30 x 1 Test","Malaria Antigen P.f Kit, 30 x 1 Test",Generic,no_dosage,Test kit,30,3,49.5,16.5,0.55,Premier Medical Corporation,True,1.0,969.55,0.07
2690,13027,108-VN-T30,FPQ-13524,SCMS-226220,ASN-26923,Vietnam,PMO - US,Direct Drop,EXW,Air,2014-02-06,2014-03-10,2014-07-29,2014-07-29,2014-08-06,ARV,Adult,HETERO LABS LIMITED,"Efavirenz 600mg, tablets, 30 Tabs",Efavirenz,Generic,600mg,Tablet,30,5300,18550.0,3.5,0.12,Hetero Unit III Hyderabad IN,True,2922.0,5616.02,19.07
2691,13038,161-ZA-T30,FPQ-7175,SCMS-103410,ASN-12172,South Africa,PMO - US,Direct Drop,DDP,Ocean,2011-03-10,2011-03-24,2011-09-14,2011-10-27,2011-10-27,ARV,Pediatric,Aurobindo Pharma Limited,"Efavirenz 50mg, capsule, 30 Caps",Efavirenz,Generic,50mg,Capsule,30,54768,133633.92,2.44,0.08,"Aurobindo Unit III, India",True,3237.0,10923.46,220.5
2692,13064,116-ZA-T30,FPQ-14942,SCMS-259075,ASN-32122,South Africa,PMO - US,Direct Drop,DDP,Truck,2014-09-11,2015-05-11,2015-05-12,2015-05-12,2015-05-12,ARV,Adult,PHARMACY DIRECT,"Abacavir 300mg, tablets, 60 Tabs",Abacavir,Generic,300mg,Tablet,60,25,1246.3,49.85,0.83,"Aurobindo Unit III, India",True,3.0,0.0,1.28
2693,13091,116-ZA-T30,FPQ-13973,SCMS-238550,ASN-30792,South Africa,PMO - US,Direct Drop,DDP,Truck,2014-04-30,2014-05-08,2015-02-19,2015-02-19,2015-02-19,ARV,Adult,PHARMACY DIRECT,"Abacavir 300mg, tablets, 60 Tabs",Abacavir,Generic,300mg,Tablet,60,3,206.97,68.99,1.15,"Aurobindo Unit III, India",True,1.0,0.0,0.21
2694,13093,108-VN-T30,FPQ-12187,SCMS-188540,ASN-21695,Vietnam,PMO - US,Direct Drop,EXW,Air,2013-05-03,2013-05-10,2013-10-11,2013-10-09,2013-10-09,ARV,Adult,MYLAN LABORATORIES LTD (FORMERLY MATRIX LABORATORIES),"Efavirenz/Lamivudine/Tenofovir Disoproxil Fumarate 600/300/300mg, tablets, 30 Tabs",Efavirenz/Lamivudine/Tenofovir Disoproxil Fumarate,Generic,600/300/300mg,Tablet - FDC,30,11500,132135.0,11.49,0.38,Mylan (formerly Matrix) Nashik,True,1295.0,2021.05,163.45
2695,13106,108-VN-T30,FPQ-13976,SCMS-236120,ASN-27809,Vietnam,PMO - US,Direct Drop,EXW,Air,2014-04-08,2014-04-30,2014-09-16,2014-09-16,2014-10-01,ARV,Adult,HETERO LABS LIMITED,"Tenofovir Disoproxil Fumarate 300mg, tablets, 30 Tabs",Tenofovir Disoproxil Fumarate,Generic,300mg,Tablet,30,16000,56800.0,3.55,0.12,Hetero Unit III Hyderabad IN,True,1948.0,3138.25,58.39
2696,13115,116-ZA-T30,FPQ-12522,SCMS-199283,ASN-27979,South Africa,PMO - US,Direct Drop,DDP,Truck,2013-07-11,2014-08-27,2014-08-27,2014-08-27,2014-08-27,ARV,Adult,S. BUYS WHOLESALER,"Emtricitabine/Tenofovir Disoproxil Fumarate 200/300mg, tablets, 30 Tabs",Emtricitabine/Tenofovir Disoproxil Fumarate,Generic,200/300mg,Tablet - FDC,30,13,438.41,33.72,1.12,"Aurobindo Unit III, India",True,668.5,0.0,0.54
2697,13138,133-NG-T30,FPQ-10765,SCMS-162440,ASN-17530,Nigeria,PMO - US,Direct Drop,EXW,Air,2012-10-05,2012-10-16,2013-01-09,2013-01-10,2013-01-10,HRDT,HIV test,"Orgenics, Ltd","HIV 1/2, Determine Complete HIV Kit, 100 Tests","HIV 1/2, Determine Complete HIV Kit",Determine,no_dosage,Test kit,100,2744,244216.0,89.0,0.89,"Alere Medical Co., Ltd.",True,1186.0,25193.28,342.39
2698,13148,103-DO-T30,FPQ-14469,SCMS-244720,ASN-26962,Dominican Republic,PMO - US,Direct Drop,DDP,Air,2014-06-13,2014-06-23,2014-01-14,2014-01-14,2014-02-07,ARV,Pediatric,"ABBVIE, SRL (FORMALLY ABBOTT LABORATORIES INTERNATIONAL CO.)","Lopinavir/Ritonavir 80/20mg/ml [Kaletra], oral solution, cool, Bottle, 160 ml",Lopinavir/Ritonavir,Kaletra,80/20mg/ml,Oral solution,160,4570,148250.8,32.44,0.2,ABBVIE Labs North Chicago US,True,668.5,0.0,152.4
2699,13151,111-MZ-T30,FPQ-8116,SCMS-118360,ASN-13217,Mozambique,PMO - US,Direct Drop,EXW,Air,2011-08-04,2011-08-24,2011-12-12,2011-11-30,2011-11-30,HRDT,HIV test,"Orgenics, Ltd","HIV 1/2, Determine HIV Kit, without Lancets, 100 Tests","HIV 1/2, Determine HIV Kit, without Lancets",Determine,no_dosage,Test kit,100,1,77.7,77.7,0.78,Inverness Japan,True,822.0,3247.5699999999997,0.13
2700,13161,161-ZA-T30,FPQ-5303,SCMS-68910,ASN-7440,South Africa,PMO - US,Direct Drop,DDP,Air,2010-03-18,2010-03-19,2010-08-24,2010-08-24,2010-08-24,ARV,Adult,Aurobindo Pharma Limited,"Efavirenz 600mg, tablets, 30 Tabs",Efavirenz,Generic,600mg,Tablet,30,56877,265615.59,4.67,0.16,"Aurobindo Unit III, India",True,4815.0,5886.9,572.67
2701,13205,104-CI-T30,FPQ-3885,SCMS-48630,ASN-4783,Côte d'Ivoire,PMO - US,Direct Drop,EXW,Air,2009-06-19,2009-07-09,2009-09-15,2009-09-15,2009-09-15,HRDT,HIV test,"Orgenics, Ltd","HIV 1/2, Determine HIV Kit, without Lancets, 100 Tests","HIV 1/2, Determine HIV Kit, without Lancets",Determine,no_dosage,Test kit,100,3500,245000.0,70.0,0.7,Inverness Japan,True,893.0,12858.12,480.2
2702,13231,116-ZA-T30,FPQ-12522,SCMS-199283,ASN-27978,South Africa,PMO - US,Direct Drop,DDP,Truck,2013-07-11,2014-08-27,2014-08-27,2014-08-27,2014-08-27,ARV,Adult,S. BUYS WHOLESALER,"Zidovudine 300mg, tablets, 60 Tabs",Zidovudine,Generic,300mg,Tablet,60,14,389.56,27.83,0.46,"Aurobindo Unit III, India",True,38.5,0.0,0.48
2703,13275,108-VN-T30,FPQ-15692,SCMS-274370,ASN-32259,Vietnam,PMO - US,Direct Drop,EXW,Air,2015-01-28,2015-02-17,2015-07-13,2015-07-13,2015-07-14,ARV,Adult,HETERO LABS LIMITED,"Efavirenz/Lamivudine/Tenofovir Disoproxil Fumarate 600/300/300mg, tablets, 30 Tabs",Efavirenz/Lamivudine/Tenofovir Disoproxil Fumarate,Generic,600/300/300mg,Tablet - FDC,30,17760,177600.0,10.0,0.33,Hetero Unit III Hyderabad IN,True,2516.0,3816.3,209.04
2704,13277,108-VN-T30,FPQ-4098,SCMS-51780,ASN-5008,Vietnam,PMO - US,Direct Drop,EXW,Air,2009-08-12,2009-08-14,2009-10-26,2009-10-26,2009-10-26,ARV,Adult,MYLAN LABORATORIES LTD (FORMERLY MATRIX LABORATORIES),"Tenofovir Disoproxil Fumarate 300mg, tablets, 30 Tabs",Tenofovir Disoproxil Fumarate,Generic,300mg,Tablet,30,1680,13860.0,8.25,0.28,Mylan (formerly Matrix) Nashik,True,110.0,791.43,27.17
2705,13302,107-RW-T30,FPQ-6185,SCMS-84420,ASN-8578,Rwanda,PMO - US,Direct Drop,CIP,Air,2010-09-03,2010-09-29,2010-11-02,2010-11-02,2010-11-02,ARV,Adult,MYLAN LABORATORIES LTD (FORMERLY MATRIX LABORATORIES),"Lamivudine/Tenofovir Disoproxil Fumarate 300/300mg, tablets, 30 Tabs",Lamivudine/Tenofovir Disoproxil Fumarate,Generic,300/300mg,Tablet - FDC,30,138422,1211192.5,8.75,0.29,Mylan (formerly Matrix) Nashik,True,13147.0,4781.8,2611.33
2706,13311,104-CI-T30,FPQ-8929,SCMS-131880,ASN-14110,Côte d'Ivoire,PMO - US,Direct Drop,EXW,Air,2011-12-08,2012-01-17,2012-03-29,2012-03-29,2012-03-29,HRDT,HIV test,"Orgenics, Ltd","HIV 1/2, Determine Complete HIV Kit, 100 Tests","HIV 1/2, Determine Complete HIV Kit",Determine,no_dosage,Test kit,100,2000,160000.0,80.0,0.8,"Alere Medical Co., Ltd.",True,957.0,18919.56,224.32
2707,13379,103-MW-T30,FPQ-10790,SCMS-163880,ASN-17939,Malawi,PMO - US,Direct Drop,EXW,Ocean,2012-10-17,2012-10-31,2013-06-21,2013-06-21,2013-06-21,ARV,Adult,MYLAN LABORATORIES LTD (FORMERLY MATRIX LABORATORIES),"Efavirenz/Lamivudine/Tenofovir Disoproxil Fumarate 600/300/300mg, tablets, 30 Tabs",Efavirenz/Lamivudine/Tenofovir Disoproxil Fumarate,Generic,600/300/300mg,Tablet - FDC,30,243800,2801262.0,11.49,0.38,Mylan (formerly Matrix) Nashik,True,27549.0,24875.46,3465.16
2708,13476,111-MZ-T30,FPQ-4107,SCMS-53520,ASN-6395,Mozambique,PMO - US,Direct Drop,CIP,Air,2009-09-02,2009-09-24,2010-03-19,2010-03-19,2010-03-19,ARV,Adult,INTERNATIONAL HEALTHCARE DISTRIBUTORS,"Ritonavir 100mg [Norvir], capsules, cool, 84 Caps",Ritonavir,Norvir,100mg,Capsule,84,520,5366.4,10.32,0.12,ABBVIE (Abbott) France,True,149.0,0.0,10.52
2709,13481,116-ZA-T30,FPQ-14942,SCMS-259072,ASN-30377,South Africa,PMO - US,Direct Drop,DDP,Truck,2014-09-11,2015-01-26,2015-01-26,2015-01-26,2015-01-26,ARV,Adult,PHARMACY DIRECT,"Tenofovir Disoproxil Fumarate 300mg, tablets, 30 Tabs",Tenofovir Disoproxil Fumarate,Generic,300mg,Tablet,30,132,1823.8,13.82,0.46,Mylan (formerly Matrix) Nashik,True,17.5,0.0,1.87
2710,13487,106-HT-T30,FPQ-14895,SCMS-261510,ASN-30067,Haiti,PMO - US,Direct Drop,EXW,Ocean,2014-09-24,2014-11-14,2015-03-13,2015-03-13,2015-03-18,ARV,Adult,MYLAN LABORATORIES LTD (FORMERLY MATRIX LABORATORIES),"Efavirenz/Lamivudine/Tenofovir Disoproxil Fumarate 600/300/300mg, tablets, 30 Tabs",Efavirenz/Lamivudine/Tenofovir Disoproxil Fumarate,Generic,600/300/300mg,Tablet - FDC,30,25000,256000.0,10.24,0.34,Mylan (formerly Matrix) Nashik,True,3034.0,7658.27,263.17
2711,13544,104-CI-T30,FPQ-14372,SCMS-246550,ASN-29074,Côte d'Ivoire,PMO - US,Direct Drop,FCA,Air,2014-06-03,2014-07-31,2014-11-03,2014-11-03,2014-11-07,ARV,Pediatric,ABBVIE LOGISTICS (FORMERLY ABBOTT LOGISTICS BV),"Lopinavir/Ritonavir 80/20mg/ml [Kaletra], oral solution, cool, Bottle 5 x 60 ml",Lopinavir/Ritonavir,Kaletra,80/20mg/ml,Oral solution,300,500,15410.0,30.82,0.1,ABBVIE (Abbott) Logis. UK,True,505.0,6523.85,15.84
2712,13547,101-CD-T30,FPQ-14654,SCMS-253260,ASN-28279,"Congo, DRC",PMO - US,Direct Drop,EXW,Air,2014-08-11,2014-08-27,2014-11-04,2014-11-04,2014-11-20,HRDT,HIV test,"Trinity Biotech, Plc","HIV 1/2, Uni-Gold HIV Kit, 20 Tests","HIV 1/2, Uni-Gold HIV Kit",Uni-Gold,no_dosage,Test kit,20,77,2464.0,32.0,1.6,"Trinity Biotech, Plc",True,509.0,8021.11,2.53
2713,13555,108-VN-T30,FPQ-14516,SCMS-249040,ASN-29768,Vietnam,PMO - US,Direct Drop,EXW,Air,2014-07-09,2014-08-08,2015-02-05,2015-02-05,2015-02-05,ARV,Adult,MYLAN LABORATORIES LTD (FORMERLY MATRIX LABORATORIES),"Lamivudine/Nevirapine/Zidovudine 150/200/300mg, tablets, 60 Tabs",Lamivudine/Nevirapine/Zidovudine,Generic,150/300/200mg,Tablet - FDC,60,13000,105300.0,8.1,0.13,Mylan (formerly Matrix) Nashik,True,2672.0,2504.64,108.25
2714,13568,116-ZA-T30,FPQ-14942,SCMS-259074,ASN-31070,South Africa,PMO - US,Direct Drop,DDP,Truck,2014-09-11,2015-03-09,2015-03-09,2015-03-09,2015-03-09,ARV,Adult,PHARMACY DIRECT,"Efavirenz 600mg, tablets, 30 Tabs",Efavirenz,Generic,600mg,Tablet,30,139,1566.38,11.27,0.38,"Aurobindo Unit III, India",True,192.0,0.0,1.61
2715,13571,105-SS-T30,FPQ-14470,SCMS-245240,ASN-29503,South Sudan,PMO - US,Direct Drop,EXW,Air,2014-06-17,2014-07-01,2015-01-09,2015-01-09,2015-01-19,HRDT,HIV test,"Trinity Biotech, Plc","HIV 1/2, Uni-Gold HIV Kit, 20 Tests","HIV 1/2, Uni-Gold HIV Kit",Uni-Gold,no_dosage,Test kit,20,18,576.0,32.0,1.6,"Trinity Biotech, Plc",True,177.0,1692.35,0.59
2716,13581,102-SZ-T30,FPQ-7936,SCMS-113480,ASN-11824,Swaziland,PMO - US,Direct Drop,EXW,Air,2011-06-21,2011-07-13,2011-09-28,2011-09-28,2011-09-28,HRDT,HIV test,"Orgenics, Ltd","HIV 1/2, Determine Complete HIV Kit, 100 Tests","HIV 1/2, Determine Complete HIV Kit",Determine,no_dosage,Test kit,100,377,30160.0,80.0,0.8,Inverness Japan,True,172.0,4504.46,49.76
2717,13608,114-UG-T30,FPQ-9365,SCMS-143480,ASN-14973,Uganda,PMO - US,Direct Drop,DDP,Air,2012-03-15,2012-04-17,2012-05-21,2012-05-21,2012-05-21,ARV,Adult,ASPEN PHARMACARE,"Etravirine 100mg [Intelence], tablets, 120 Tabs",Etravirine,Intelence,100mg,Tablet,120,121,9075.0,75.0,0.62,"Janssen-Cilag, Latina, IT",True,43.0,199.0,12.72
2718,13648,101-CD-T30,FPQ-16001,SCMS-280220,ASN-32231,"Congo, DRC",PMO - US,Direct Drop,EXW,Air,2015-03-10,2015-03-17,2015-07-23,2015-07-23,2015-07-29,HRDT,HIV test,"Orgenics, Ltd","HIV 1/2, Determine Complete HIV Kit, 100 Tests","HIV 1/2, Determine Complete HIV Kit",Determine,no_dosage,Test kit,100,143,11440.0,80.0,0.8,"Alere Medical Co., Ltd.",True,394.0,2346.5699999999997,13.46
2719,13652,108-VN-T30,FPQ-3896,SCMS-48290,ASN-4872,Vietnam,PMO - US,Direct Drop,EXW,Air,2009-06-25,2009-06-29,2009-09-30,2009-09-30,2009-09-30,ARV,Adult,MYLAN LABORATORIES LTD (FORMERLY MATRIX LABORATORIES),"Efavirenz 600mg, tablets, 30 Tabs",Efavirenz,Generic,600mg,Tablet,30,21504,139776.0,6.5,0.22,Mylan (formerly Matrix) Nashik,True,1849.0,4191.83,273.96
2720,13696,105-DO-T30,FPQ-7858,SCMS-117380,ASN-12145,Dominican Republic,PMO - US,Direct Drop,EXW,Air,2011-06-21,2011-08-03,2011-09-27,2011-09-27,2011-09-27,HRDT,HIV test - Ancillary,"Standard Diagnostics, Inc.","HIV 1/2, Bioline 3.0 Diluent, 25 Tests, Bottle x 5 ml","HIV 1/2, Bioline 3.0 Diluent, 25 Tests",Bioline,no_dosage,Test kit - Ancillary,1,448,403.2,0.9,0.9,"Standard Diagnostics, Korea",True,71.0,844.36,0.67
2721,13700,111-MZ-T30,FPQ-13395,SCMS-219220,ASN-25451,Mozambique,PMO - US,Direct Drop,EXW,Air,2013-12-11,2013-12-17,2014-05-02,2014-05-02,2014-05-07,ARV,Adult,HETERO LABS LIMITED,"Lamivudine/Nevirapine/Zidovudine 150/200/300mg, tablets, 60 Tabs",Lamivudine/Nevirapine/Zidovudine,Generic,150/300/200mg,Tablet - FDC,60,35136,284952.96,8.11,0.14,Hetero Unit III Hyderabad IN,True,4784.0,19286.53,292.93
2722,13708,101-CD-T30,FPQ-13548,SCMS-224840,ASN-24721,"Congo, DRC",PMO - US,Direct Drop,EXW,Air,2014-01-22,2014-01-28,2014-04-04,2014-04-04,2014-04-28,HRDT,HIV test,"Trinity Biotech, Plc","HIV 1/2, Uni-Gold HIV Kit, 20 Tests","HIV 1/2, Uni-Gold HIV Kit",Uni-Gold,no_dosage,Test kit,20,32,1024.0,32.0,1.6,"Trinity Biotech, Plc",True,54.0,2734.02,1.05
2723,13739,106-HT-T30,FPQ-11443,SCMS-180940,ASN-19819,Haiti,PMO - US,Direct Drop,EXW,Ocean,2013-02-07,2013-03-22,2013-09-02,2013-09-02,2013-09-02,ARV,Pediatric,Aurobindo Pharma Limited,"Zidovudine 10mg/ml, oral solution w/syringe, Bottle, 240 ml",Zidovudine,Generic,10mg/ml,Oral solution,240,1832,3847.2,2.1,0.01,"Aurobindo Unit III, India",True,3504.0,7117.39,4.76
2724,13748,104-CI-T30,FPQ-3885,SCMS-48620,ASN-4720,Côte d'Ivoire,PMO - US,Direct Drop,EXW,Air,2009-06-19,2009-07-07,2009-09-11,2009-09-11,2009-09-11,HRDT,HIV test,"CHEMBIO DIAGNOSTIC SYSTEMS, INC.","HIV 1/2, Stat-Pak HIV, Kit, 20 Tests","HIV 1/2, Stat-Pak HIV, Kit",Stat-Pak,no_dosage,Test kit,20,350,9450.0,27.0,1.35,Chembio Diagnostics Sys. Inc.,True,205.0,1437.4,18.52
2725,13761,108-VN-T30,FPQ-9576,SCMS-145320,ASN-16055,Vietnam,PMO - US,Direct Drop,FCA,Air,2012-04-11,2012-06-15,2012-10-03,2012-10-03,2012-10-03,ARV,Adult,ABBVIE LOGISTICS (FORMERLY ABBOTT LOGISTICS BV),"Ritonavir 100mg [Norvir], film coated tablets, 30 Tabs",Ritonavir,Norvir,100mg,Tablet,30,174,4047.24,23.26,0.78,ABBVIE Ludwigshafen Germany,True,21.0,583.66,5.67
2726,13766,108-VN-T30,FPQ-14516,SCMS-249050,ASN-29376,Vietnam,PMO - US,Direct Drop,EXW,Air,2014-07-09,2014-08-11,2014-12-17,2014-12-17,2014-12-17,ARV,Adult,HETERO LABS LIMITED,"Tenofovir Disoproxil Fumarate 300mg, tablets, 30 Tabs",Tenofovir Disoproxil Fumarate,Generic,300mg,Tablet,30,4000,14200.0,3.55,0.12,Hetero Unit III Hyderabad IN,True,810.0,4400.805,14.6
2727,13809,151-NG-T30,FPQ-14780,SCMS-254170,ASN-32902,Nigeria,PMO - US,Direct Drop,EXW,Air,2014-08-13,2014-08-29,2015-08-05,2015-08-05,2015-08-10,ARV,Adult,EMCURE PHARMACEUTICALS LTD,"Atazanavir/Ritonavir 300/100mg, tablets, 30 Tabs",Atazanavir/Ritonavir,Generic,300/100mg,Tablet,30,4560,82080.0,18.0,0.6,"Emcure Plot No.P-2, I.T-B.T. Park, Phase II, MIDC, Hinjwadi, Pune, India",True,395.5,10144.765,84.38
2728,13817,113-ZW-T30,FPQ-13939,SCMS-234720,ASN-26119,Zimbabwe,PMO - US,Direct Drop,EXW,Air,2014-04-01,2014-05-08,2014-06-14,2014-06-14,2014-06-16,ARV,Adult,Aurobindo Pharma Limited,"Lamivudine/Tenofovir Disoproxil Fumarate 300/300mg, tablets, 30 Tabs",Lamivudine/Tenofovir Disoproxil Fumarate,Generic,300/300mg,Tablet - FDC,30,32670,151915.5,4.65,0.16,"Aurobindo Unit VII, IN",True,3076.0,25730.13,156.17
2729,13841,107-RW-T30,FPQ-4011,SCMS-50290,ASN-6267,Rwanda,PMO - US,Direct Drop,CIP,Air,2009-07-16,2009-08-31,2010-04-16,2010-04-16,2010-04-16,ARV,Adult,MYLAN LABORATORIES LTD (FORMERLY MATRIX LABORATORIES),"Lamivudine/Tenofovir Disoproxil Fumarate 300/300mg, tablets, 30 Tabs",Lamivudine/Tenofovir Disoproxil Fumarate,Generic,300/300mg,Tablet - FDC,30,62209,681188.55,10.95,0.36,Mylan (formerly Matrix) Nashik,True,5795.0,63600.4,1335.13
2730,13842,101-CD-T30,FPQ-14255,SCMS-239810,ASN-27324,"Congo, DRC",PMO - US,Direct Drop,EXW,Air,2014-05-15,2014-05-19,2014-09-30,2014-09-30,2014-10-21,ARV,Pediatric,Aurobindo Pharma Limited,"Nevirapine 50mg, dispersible tablets (tablets for oral suspension), 30 Tabs",Nevirapine,Generic,50mg,Chewable/dispersible tablet,30,940,1175.0,1.25,0.04,"Aurobindo Unit III, India",True,132.0,2516.57,1.21
2731,13845,116-ZA-T30,FPQ-14942,SCMS-259078,ASN-33473,South Africa,PMO - US,Direct Drop,DDP,Truck,2014-09-11,2014-10-09,2015-07-24,2015-07-24,2015-07-24,ARV,Adult,PHARMACY DIRECT,"Darunavir 600mg [Prezista], tablets, 60 Tabs",Darunavir,Prezista,600mg,Tablet,60,33,1671.87,50.66,0.84,"Janssen-Cilag, Latina, IT",True,668.5,0.0,1.72
2732,13862,102-BI-T30,FPQ-15186,SCMS-260800,ASN-30384,Burundi,PMO - US,Direct Drop,EXW,Air,2014-10-17,2014-11-12,2015-02-18,2015-02-18,2015-02-18,HRDT,HIV test,"CHEMBIO DIAGNOSTIC SYSTEMS, INC.","HIV 1/2, Stat-Pak Dipstick Assay Kit, 30 Tests","HIV 1/2, Stat-Pak Dipstick Assay Kit",Stat-Pak,no_dosage,Test kit,30,595,16422.0,27.6,0.92,Chembio Diagnostics Sys. Inc.,True,63.0,865.67,19.33
2733,13874,106-HT-T30,FPQ-11443,SCMS-180960,ASN-20434,Haiti,PMO - US,Direct Drop,EXW,Air,2013-02-07,2013-03-22,2013-08-14,2013-08-14,2013-08-14,ARV,Adult,MICRO LABS LIMITED,"Efavirenz 600mg, tablets, 30 Tabs",Efavirenz,Generic,600mg,Tablet,30,14448,46667.04,3.23,0.11,"Micro labs, Verna, Goa, India",True,2284.0,13257.25,57.73
2734,13886,114-UG-T30,FPQ-12290,SCMS-192080,ASN-22594,Uganda,PMO - US,Direct Drop,CIP,Air,2013-05-17,2013-07-03,2013-11-20,2013-11-20,2013-11-21,ARV,Adult,ASPEN PHARMACARE,"Etravirine 100mg [Intelence], tablets, 120 Tabs",Etravirine,Intelence,100mg,Tablet,120,108,3888.0,36.0,0.3,"Janssen-Cilag, Latina, IT",True,22.0,265.0,4.81
2735,13897,102-KE-T30,FPQ-8446,SCMS-124900,ASN-13149,Kenya,PMO - US,Direct Drop,EXW,Air,2011-10-05,2011-10-26,2012-01-17,2012-01-17,2012-01-17,HRDT,HIV test,"Orgenics, Ltd","HIV 1/2, Determine Complete HIV Kit, 100 Tests","HIV 1/2, Determine Complete HIV Kit",Determine,no_dosage,Test kit,100,8298,738522.0,89.0,0.89,"Alere Medical Co., Ltd.",True,1427.0,16090.59,1218.56
2736,13899,116-ZA-T30,FPQ-14942,SCMS-259071,ASN-29597,South Africa,PMO - US,Direct Drop,DDP,Truck,2014-09-11,2014-11-28,2014-11-28,2014-11-28,2014-11-28,ARV,Pediatric,PHARMACY DIRECT,"Efavirenz 200mg, capsule, 90 Caps",Efavirenz,Generic,200mg,Capsule,90,16,272.7,17.04,0.19,"Aurobindo Unit III, India",True,168.5,0.0,0.28
2737,13900,103-CM-T30,FPQ-12659,SCMS-201930,ASN-21679,Cameroon,PMO - US,Direct Drop,EXW,Air,2013-07-26,2013-08-06,2013-10-10,2013-10-10,2013-10-18,HRDT,HIV test,"Orgenics, Ltd","HIV 1/2, Determine Kit without Lancets, Buffer or Caplillary Tubes, 100 Tests","HIV 1/2, Determine Kit without Lancets, Buffer or Capillary Tubes, 100 Tests",Determine,no_dosage,Test kit,100,120,8658.0,72.15,0.72,"Alere Medical Co., Ltd.",True,40.5,1090.87,10.71
2738,13903,109-TZ-T30,FPQ-12588,SCMS-200851,ASN-24301,Tanzania,PMO - US,Direct Drop,EXW,Air,2013-07-15,2013-10-08,2014-03-22,2014-03-22,2014-03-22,ARV,Pediatric,Aurobindo Pharma Limited,"Efavirenz 50mg, capsule, 30 Caps",Efavirenz,Generic,50mg,Capsule,30,5925,9243.0,1.56,0.05,"Aurobindo Unit III, India",True,394.0,3245.39,11.43
2739,13904,108-VN-T30,FPQ-13976,SCMS-236050,ASN-27943,Vietnam,PMO - US,Direct Drop,EXW,Air,2014-04-08,2014-04-30,2014-10-30,2014-10-30,2014-11-04,ARV,Adult,MYLAN LABORATORIES LTD (FORMERLY MATRIX LABORATORIES),"Lamivudine/Zidovudine 150/300mg, tablets, 60 Tabs",Lamivudine/Zidovudine,Generic,150/300mg,Tablet - FDC,60,9800,63602.0,6.49,0.11,Mylan (formerly Matrix) Nashik,True,2235.0,3708.72,65.38
2740,13915,800-CM-T30,FPQ-12570,SCMS-200891,ASN-25755,Cameroon,PMO - US,Direct Drop,EXW,Air,2013-07-10,2013-08-06,2014-05-15,2014-05-15,2014-05-15,HRDT,HIV test,Orasure Technologies Inc.,"HIV 1/2, OraQuick Rapid Antibody Kit, 100 Tests","HIV 1/2, OraQuick Rapid Antibody Kit",OraQuick,no_dosage,Test kit,100,1000,350000.0,350.0,3.5,"Orasure Technologies, Inc",True,2090.0,51331.09,432.95
2741,13926,161-ZA-T30,FPQ-5303,SCMS-68750,ASN-8885,South Africa,PMO - US,Direct Drop,DDP,Air,2010-03-18,2010-03-19,2010-10-13,2011-01-25,2011-01-25,ARV,Adult,CIPLA LIMITED,"Tenofovir Disoproxil Fumarate 300mg, tablets, 30 Tabs",Tenofovir Disoproxil Fumarate,Generic,300mg,Tablet,30,19992,156337.44,7.82,0.26,"Cipla, Goa, India",True,1378.0,3646.1,337.06
2742,14278,117-ET-T30,FPQ-4851,SCMS-62830,ASN-6210,Ethiopia,PMO - US,Direct Drop,EXW,Air,2010-01-05,2010-01-13,2010-03-04,2010-03-04,2010-03-04,ARV,Adult,Aurobindo Pharma Limited,"Lamivudine 150mg, tablets, 60 Tabs",Lamivudine,Generic,150mg,Tablet,60,56000,133280.0,2.38,0.04,"Aurobindo Unit III, India",True,2996.0,10612.93,287.35
2743,13959,110-ZM-T30,FPQ-14291,SCMS-242720,ASN-28530,Zambia,PMO - US,Direct Drop,EXW,Air,2014-05-21,2014-06-04,2014-12-01,2014-12-01,2014-12-10,ARV,Pediatric,MYLAN LABORATORIES LTD (FORMERLY MATRIX LABORATORIES),"Lamivudine/Zidovudine 30/60mg, dispersible tablets, 60 Tabs",Lamivudine/Zidovudine,Generic,30/60mg,Chewable/dispersible tablet - FDC,60,10000,19900.0,1.99,0.03,"Mylan,  H-12 & H-13, India",True,849.0,4316.34,20.46
2744,13968,105-SS-T30,FPQ-12623,SCMS-200920,ASN-21751,South Sudan,PMO - US,Direct Drop,EXW,Air,2013-07-18,2013-08-06,2013-10-18,2013-10-18,2013-10-18,HRDT,HIV test,"Trinity Biotech, Plc","HIV 1/2, Uni-Gold HIV Kit, 20 Tests","HIV 1/2, Uni-Gold HIV Kit",Uni-Gold,no_dosage,Test kit,20,35,1120.0,32.0,1.6,"Trinity Biotech, Plc",True,176.0,4124.74,1.39
2745,13978,108-VN-T30,FPQ-11418,SCMS-176300,ASN-19787,Vietnam,PMO - US,Direct Drop,EXW,Air,2013-01-29,2013-02-06,2013-07-01,2013-07-01,2013-07-01,ARV,Adult,HETERO LABS LIMITED,"Lamivudine/Zidovudine 150/300mg, tablets, 60 Tabs",Lamivudine/Zidovudine,Generic,150/300mg,Tablet - FDC,60,9095,62300.75,6.85,0.11,Hetero Unit III Hyderabad IN,True,1736.0,8163.83,77.07
2746,13988,106-HT-T30,FPQ-12041,SCMS-189220,ASN-20209,Haiti,PMO - US,Direct Drop,EXW,Air,2013-04-26,2013-05-21,2013-07-09,2013-07-09,2013-07-09,HRDT,HIV test,"SHANGHAI KEHUA BIOENGINEERING CO.,LTD.  (KHB)","HIV 1/2, SKB Colloidal Gold, Diagnostic Kit, Antibody, 50 Tests","HIV 1/2, Colloidal Gold, Diagnostic Kit, Antibody",Colloidal Gold,no_dosage,Test kit,1,300,7350.0,24.5,24.5,"KHB Test Kit Facility, Shanghai China",True,182.0,2581.83,9.09
2747,14016,108-VN-T30,FPQ-13976,SCMS-236070,ASN-28062,Vietnam,PMO - US,Direct Drop,EXW,Air,2014-04-08,2014-04-30,2014-11-07,2014-11-07,2014-11-08,ARV,Adult,MICRO LABS LIMITED,"Nevirapine 200mg, tablets, 60 Tabs",Nevirapine,Generic,200mg,Tablet,60,7600,15808.0,2.08,0.03,"Micro labs, Verna, Goa, India",True,1292.0,2800.95,16.25
2748,14018,106-HT-T30,FPQ-14895,SCMS-261060,ASN-30093,Haiti,PMO - US,Direct Drop,EXW,Air,2014-09-24,2014-11-14,2015-02-12,2015-02-12,2015-02-13,ARV,Adult,HETERO LABS LIMITED,"Lamivudine/Zidovudine 150/300mg, tablets, 60 Tabs",Lamivudine/Zidovudine,Generic,150/300mg,Tablet - FDC,60,50544,334095.84,6.61,0.11,"Hetero, Jadcherla, unit 5, IN",True,4669.0,34778.32,343.45
2749,14023,116-ZA-T30,FPQ-4359,SCMS-54980,ASN-5373,South Africa,PMO - US,Direct Drop,DDP,Truck,2009-10-08,2009-10-15,2009-10-19,2009-10-19,2009-10-19,ARV,Pediatric,S. BUYS WHOLESALER,"Efavirenz 200mg, capsule, 90 Caps",Efavirenz,Generic,200mg,Capsule,90,100,3297.8,32.98,0.37,"Aurobindo Unit III, India",True,36.0,0.0,6.46
2750,14043,108-VN-T30,FPQ-5019,SCMS-64580,ASN-6269,Vietnam,PMO - US,Direct Drop,EXW,Air,2010-02-02,2010-02-03,2010-03-30,2010-03-30,2010-03-30,ARV,Adult,Aurobindo Pharma Limited,"Tenofovir Disoproxil Fumarate 300mg, tablets, 30 Tabs",Tenofovir Disoproxil Fumarate,Generic,300mg,Tablet,30,3528,27342.0,7.75,0.26,"Aurobindo Unit III, India",True,395.0,3538.57,58.95
2751,14079,109-TZ-T30,FPQ-12197,SCMS-189360,ASN-21229,Tanzania,PMO - US,Direct Drop,EXW,Air,2013-04-30,2013-05-29,2013-09-17,2013-09-17,2013-09-17,HRDT,HIV test,"Standard Diagnostics, Inc.","HIV 1/2, Determine Complete HIV Kit, 100 Tests","HIV 1/2, Determine Complete HIV Kit",Determine,no_dosage,Test kit,100,2915,0.0,0.0,0.0,"Alere Medical Co., Ltd.",True,1208.0,20583.37,0.0
2752,14097,102-BI-T30,FPQ-14594,SCMS-250110,ASN-28194,Burundi,PMO - US,Direct Drop,EXW,Air,2014-07-17,2014-08-06,2014-10-06,2014-10-06,2014-10-06,HRDT,HIV test,"Orgenics, Ltd","HIV 1/2, Determine Complete HIV Kit, 100 Tests","HIV 1/2, Determine Complete HIV Kit",Determine,no_dosage,Test kit,100,3484,278720.0,80.0,0.8,"Alere Medical Co., Ltd.",True,1415.0,33228.68,286.52
2753,14178,109-TZ-T30,FPQ-7909,SCMS-114990,ASN-12248,Tanzania,PMO - US,Direct Drop,EXW,Air,2011-06-24,2011-07-18,2011-09-29,2011-10-29,2011-10-29,HRDT,HIV test,"Standard Diagnostics, Inc.","HIV 1/2, Bioline 3.0 Kit, Lancets, Capillary pipets, Alcohol swabs included, 25 Tests","HIV 1/2, Bioline 3.0 Kit, Lancets, Capillary pipets, Alcohol swabs included",Bioline,no_dosage,Test kit,25,10000,200000.0,20.0,0.8,"Standard Diagnostics, Korea",True,3334.0,21952.35,330.0
2754,14180,110-ZM-T30,FPQ-14081,SCMS-238950,ASN-26391,Zambia,PMO - US,Direct Drop,EXW,Air,2014-04-15,2014-05-16,2014-07-28,2014-07-28,2014-08-15,HRDT,HIV test,"Trinity Biotech, Plc","HIV 1/2, Uni-Gold HIV Kit, 20 Tests","HIV 1/2, Uni-Gold HIV Kit",Uni-Gold,no_dosage,Test kit,20,9500,304000.0,32.0,1.6,"Trinity Biotech, Plc",True,2783.0,20621.1,312.51
2755,14195,100-BJ-T30,FPQ-7660,SCMS-109830,ASN-11115,Benin,PMO - US,Direct Drop,EXW,Air,2011-05-16,2011-05-27,2011-07-12,2011-07-12,2011-07-12,ARV,Adult,MYLAN LABORATORIES LTD (FORMERLY MATRIX LABORATORIES),"Efavirenz/Lamivudine/Tenofovir Disoproxil Fumarate 600/300/300mg, tablets, 30 Tabs",Efavirenz/Lamivudine/Tenofovir Disoproxil Fumarate,Generic,600/300/300mg,Tablet - FDC,30,1244,17540.4,14.1,0.47,Mylan (formerly Matrix) Nashik,True,175.0,5864.56,28.94
2756,14200,116-ZA-T30,FPQ-13214,SCMS-215410,ASN-23875,South Africa,PMO - US,Direct Drop,DDP,Truck,2013-11-14,2013-12-02,2014-01-13,2014-01-13,2014-01-13,ARV,Adult,S. BUYS WHOLESALER,"Lamivudine/Zidovudine 150/300mg, tablets, 60 Tabs",Lamivudine/Zidovudine,Generic,150/300mg,Tablet - FDC,60,59,1653.14,28.02,0.47,"Cipla, Goa, India",True,17.5,0.0,1.7
2757,14210,104-CI-T30,FPQ-8302,SCMS-123870,ASN-12934,Côte d'Ivoire,PMO - US,Direct Drop,EXW,Air,2011-08-29,2011-09-30,2011-12-01,2011-12-01,2011-12-01,ARV,Adult,MYLAN LABORATORIES LTD (FORMERLY MATRIX LABORATORIES),"Abacavir/Lamivudine/Zidovudine 300/150/300mg, tablets, 60 Tabs",Abacavir/Lamivudine/Zidovudine,Generic,300/150/300mg,Tablet - FDC,60,4000,112000.0,28.0,0.47,Mylan (formerly Matrix) Nashik,True,655.0,5300.24,184.8
2758,14230,107-RW-T30,FPQ-11585,SCMS-176980,ASN-18319,Rwanda,PMO - US,Direct Drop,FCA,Air,2013-02-03,2013-02-06,2013-05-17,2013-05-17,2013-05-17,ARV,Pediatric,ABBVIE LOGISTICS (FORMERLY ABBOTT LOGISTICS BV),"Lopinavir/Ritonavir 80/20mg/ml [Kaletra], oral solution, cool, Bottle 5 x 60 ml",Lopinavir/Ritonavir,Kaletra,80/20mg/ml,Oral solution,300,400,12328.0,30.82,0.1,ABBVIE (Abbott) Logis. UK,True,454.0,7152.99,15.25
2759,14240,105-SS-T30,FPQ-15569,SCMS-272160,ASN-31323,South Sudan,PMO - US,Direct Drop,EXW,Air,2014-12-29,2015-02-20,2015-06-03,2015-06-03,2015-06-05,HRDT,HIV test,"Orgenics, Ltd","HIV 1/2, Determine Complete HIV Kit, 100 Tests","HIV 1/2, Determine Complete HIV Kit",Determine,no_dosage,Test kit,100,70,6230.0,89.0,0.89,"Alere Medical Co., Ltd.",True,33.0,2575.925,7.33
2760,14241,111-MZ-T30,FPQ-13134,SCMS-215600,ASN-24703,Mozambique,PMO - US,Direct Drop,EXW,Air,2013-11-12,2013-11-26,2014-04-09,2014-04-09,2014-07-08,ARV,Adult,Aurobindo Pharma Limited,"Didanosine 250mg, delayed-release capsules, 30 Caps",Didanosine,Generic,250mg,Delayed-release capsules,30,800,6064.0,7.58,0.25,"Aurobindo Unit III, India",True,77.0,979.14,6.23
2761,14252,114-UG-T30,FPQ-13116,SCMS-212350,ASN-24417,Uganda,PMO - US,Direct Drop,EXW,Air,2013-10-23,2013-10-30,2014-03-21,2014-03-21,2014-03-21,ARV,Pediatric,CIPLA LIMITED,"Lamivudine/Zidovudine 30/60mg, dispersible tablets, 60 Tabs",Lamivudine/Zidovudine,Generic,30/60mg,Chewable/dispersible tablet - FDC,60,7445,16676.8,2.24,0.04,"Cipla, Goa, India",True,574.0,3868.24,17.14
2762,14265,108-VN-T30,FPQ-11418,SCMS-176190,ASN-19193,Vietnam,PMO - US,Direct Drop,EXW,Air,2013-01-29,2013-02-05,2013-05-24,2013-05-24,2013-05-24,ARV,Pediatric,Aurobindo Pharma Limited,"Nevirapine 10mg/ml, oral suspension w/syringe, Bottle, 240 ml",Nevirapine,Generic,10mg/ml,Oral suspension,240,263,486.55,1.85,0.01,"Aurobindo Unit III, India",True,182.0,5970.85,0.6
2763,14279,900-TZ-T30,FPQ-10394,SCMS-156530,ASN-16470,Tanzania,PMO - US,Direct Drop,EXW,Air,2012-07-26,2012-08-09,2012-11-01,2012-11-01,2012-11-01,ARV,Adult,HETERO LABS LIMITED,"Efavirenz 600mg, tablets, 30 Tabs",Efavirenz,Generic,600mg,Tablet,30,100986,343352.4,3.4,0.11,Hetero Unit III Hyderabad IN,True,10579.0,41585.93,481.38
2764,14286,104-CI-T30,FPQ-12134,SCMS-190721,ASN-22462,Côte d'Ivoire,PMO - US,Direct Drop,EXW,Air,2013-04-23,2013-05-21,2013-11-27,2013-11-27,2013-12-02,HRDT,HIV test,"CHEMBIO DIAGNOSTIC SYSTEMS, INC.","HIV 1/2, Stat-Pak HIV, Kit, 20 Tests","HIV 1/2, Stat-Pak HIV, Kit",Stat-Pak,no_dosage,Test kit,20,1900,55100.0,29.0,1.45,Chembio Diagnostics Sys. Inc.,True,550.0,8263.16,68.16
2765,14291,109-TZ-T30,FPQ-13945,SCMS-235410,ASN-26077,Tanzania,PMO - US,Direct Drop,EXW,Air,2014-03-27,2014-04-29,2014-07-15,2014-07-15,2014-08-12,HRDT,HIV test,"Orgenics, Ltd","HIV 1/2, Determine Complete HIV Kit, 100 Tests","HIV 1/2, Determine Complete HIV Kit",Determine,no_dosage,Test kit,100,100,8000.0,80.0,0.8,"Alere Medical Co., Ltd.",True,39.0,1176.54,8.22
2766,14309,108-VN-T30,FPQ-10286,SCMS-155700,ASN-17018,Vietnam,PMO - US,Direct Drop,FCA,Air,2012-07-25,2012-08-14,2013-01-15,2013-01-15,2013-01-15,ARV,Adult,ABBVIE LOGISTICS (FORMERLY ABBOTT LOGISTICS BV),"Lopinavir/Ritonavir 200/50mg [Aluvia], tablets, 120 Tabs",Lopinavir/Ritonavir,Aluvia,200/50mg,Tablet,120,3812,231845.84,60.82,0.51,ABBVIE Ludwigshafen Germany,True,824.0,3216.15,325.05
2767,14323,105-DO-T30,FPQ-7858,SCMS-117380,ASN-12145,Dominican Republic,PMO - US,Direct Drop,EXW,Air,2011-06-21,2011-08-03,2011-09-27,2011-09-27,2011-09-27,HRDT,HIV test,"Standard Diagnostics, Inc.","HIV 1/2, Bioline 3.0 Kit, 100 Tests","HIV 1/2, Bioline 3.0 Kit",Bioline,no_dosage,Test kit,100,112,8400.0,75.0,0.75,"Standard Diagnostics, Korea",False,46.0,3026.24,13.86
2768,14331,108-VN-T30,FPQ-3896,SCMS-48280,ASN-4871,Vietnam,PMO - US,Direct Drop,EXW,Air,2009-06-25,2009-06-29,2009-09-28,2009-09-28,2009-09-28,ARV,Adult,MYLAN LABORATORIES LTD (FORMERLY MATRIX LABORATORIES),"Efavirenz 600mg, tablets, 30 Tabs",Efavirenz,Generic,600mg,Tablet,30,3528,22932.0,6.5,0.22,Mylan (formerly Matrix) Nashik,True,383.0,1162.52,44.95
2769,14348,133-NG-T30,FPQ-7553,SCMS-108720,ASN-11270,Nigeria,PMO - US,Direct Drop,EXW,Air,2011-04-28,2011-05-23,2011-07-27,2011-07-27,2011-07-27,HRDT,HIV test,"Orgenics, Ltd","HIV 1/2, Determine Complete HIV Kit, 100 Tests","HIV 1/2, Determine Complete HIV Kit",Determine,no_dosage,Test kit,100,2044,181916.0,89.0,0.89,Inverness Japan,True,976.0,26014.88,300.16
2770,14364,116-ZA-T30,FPQ-13973,SCMS-238554,ASN-28627,South Africa,PMO - US,Direct Drop,DDP,Truck,2014-04-30,2014-10-03,2014-10-03,2014-10-03,2014-10-03,ARV,Adult,PHARMACY DIRECT,"Abacavir 300mg, tablets, 60 Tabs",Abacavir,Generic,300mg,Tablet,60,9,620.91,68.99,1.15,"Aurobindo Unit III, India",True,1.0,0.0,0.64
2771,14384,109-TZ-T30,FPQ-13048,SCMS-210920,ASN-24302,Tanzania,PMO - US,Direct Drop,EXW,Air,2013-10-03,2013-10-28,2014-03-22,2014-03-22,2014-03-22,ARV,Pediatric,Aurobindo Pharma Limited,"Efavirenz 50mg, capsule, 30 Caps",Efavirenz,Generic,50mg,Capsule,30,20867,32552.52,1.56,0.05,"Aurobindo Unit III, India",True,1337.0,8403.67,40.27
2772,14404,161-ZA-T30,FPQ-7175,SCMS-103970,ASN-11255,South Africa,PMO - US,Direct Drop,DDP,Ocean,2011-03-10,2011-03-28,2011-09-02,2011-09-02,2011-09-02,ARV,Adult,STRIDES ARCOLAB LIMITED,"Nevirapine 200mg, tablets, 60 Tabs",Nevirapine,Generic,200mg,Tablet,60,150000,430500.0,2.87,0.05,"Strides, Bangalore, India.",True,9306.0,10511.33,710.32
2773,14409,161-ZA-T30,FPQ-6262,SCMS-84200,ASN-9693,South Africa,PMO - US,Direct Drop,DDP,Ocean,2010-08-31,2010-09-21,2011-03-14,2011-03-14,2011-03-14,ARV,Adult,CIPLA LIMITED,"Nevirapine 200mg, tablets, 60 Tabs",Nevirapine,Generic,200mg,Tablet,60,159000,443610.0,2.79,0.05,"Cipla, Goa, India",True,16729.0,25199.31,956.42
2774,14410,112-NG-T30,FPQ-6124,SCMS-93420,ASN-9751,Nigeria,PMO - US,Direct Drop,EXW,Air,2010-07-29,2010-12-07,2011-02-28,2011-02-28,2011-02-28,ACT,ACT,NOVARTIS PHARMA SERVICES AG,"Artemether/Lumefantrine 20/120mg [Coartem], scored tablets, Blister 30 x 24 Tabs",Artemether/Lumefantrine,Coartem,20/120mg,Tablet - FDC + blister,720,1245,48555.0,39.0,0.05,"Novartis Pharma Suffern, USA",True,859.0,5810.56,104.68
2775,14412,116-ZA-T30,FPQ-13973,SCMS-238555,ASN-29255,South Africa,PMO - US,Direct Drop,DDP,Truck,2014-04-30,2014-11-04,2014-11-05,2014-11-05,2014-11-05,ARV,Adult,PHARMACY DIRECT,"Raltegravir 400mg [Isentress], tablets, 60 Tabs",Raltegravir,Isentress,400mg,Tablet,60,24,2031.3,84.64,1.41,"MSD, Haarlem, NL",True,14.5,0.0,2.09
2776,14431,107-RW-T30,FPQ-8399,SCMS-126230,ASN-15270,Rwanda,PMO - US,Direct Drop,FCA,Air,2011-10-19,2011-11-02,2012-07-05,2012-07-05,2012-07-05,ARV,Adult,Hoffmann-La Roche ltd Basel,"Nelfinavir (as mesilate) 250mg [Viracept], tablets, 270 Tabs",Nelfinavir (as mesilate),Viracept,250mg,Tablet,270,109,17410.04,159.73,0.59,Roche Madrid,True,27.0,2205.25,28.73
2777,14433,116-ZA-T30,FPQ-4770,SCMS-60170,ASN-5933,South Africa,PMO - US,Direct Drop,DDP,Truck,2009-12-17,2009-12-23,2009-12-29,2009-12-29,2009-12-29,ARV,Adult,S. BUYS WHOLESALER,"Emtricitabine/Tenofovir Disoproxil Fumarate 200/300mg [Truvada], tablets, 30 Tabs",Emtricitabine/Tenofovir Disoproxil Fumarate,Truvada,300/200mg,Tablet - FDC,30,100,4669.76,46.7,1.56,"Aspen-OSD, Port Elizabeth, SA",True,36.0,0.0,10.07
2778,14437,116-ZA-T30,FPQ-14942,SCMS-259085,ASN-33333,South Africa,PMO - US,Direct Drop,DDP,Truck,2014-09-11,2015-07-14,2015-07-14,2015-07-14,2015-07-14,ARV,Pediatric,PHARMACY DIRECT,"Lopinavir/Ritonavir 80/20mg/ml [Kaletra], oral solution, cool, Bottle 5 x 60 ml",Lopinavir/Ritonavir,Kaletra,80/20mg/ml,Oral solution,300,3,51.42,17.14,0.06,ABBVIE (Abbott) Logis. UK,True,1.0,0.0,0.05
2779,14440,161-ZA-T30,FPQ-6262,SCMS-91340,ASN-9807,South Africa,PMO - US,Direct Drop,DDP,Air,2010-08-31,2010-11-19,2011-02-09,2011-02-09,2011-02-09,ARV,Pediatric,ASPEN PHARMACARE,"Abacavir 20mg/ml [Ziagen], oral solution, Bottle, 240 ml",Abacavir,Ziagen,20mg/ml,Oral solution,240,28000,280560.0,10.02,0.04,GSK Mississauga (Canada),True,6702.0,0.0,604.89
2780,14447,116-ZA-T30,FPQ-7176,SCMS-104380,ASN-11802,South Africa,PMO - US,Direct Drop,DDP,Ocean,2011-03-10,2011-04-01,2011-11-03,2011-10-10,2011-10-10,ARV,Adult,Aurobindo Pharma Limited,"Efavirenz 600mg, tablets, 30 Tabs",Efavirenz,Generic,600mg,Tablet,30,5745,25909.95,4.51,0.15,"Aurobindo Unit III, India",True,488.0,4232.71,42.75
2781,14508,113-ZW-T30,FPQ-7521,SCMS-108030,ASN-11413,Zimbabwe,PMO - US,Direct Drop,EXW,Air,2011-04-07,2011-05-05,2011-09-08,2011-09-08,2011-09-08,HRDT,HIV test,"Orgenics, Ltd","HIV 1/2, Determine Complete HIV Kit, 100 Tests","HIV 1/2, Determine Complete HIV Kit",Determine,no_dosage,Test kit,100,2730,218400.0,80.0,0.8,Inverness Japan,True,1053.0,27236.25,360.36
2782,14542,161-ZA-T30,FPQ-5303,SCMS-68980,ASN-9647,South Africa,PMO - US,Direct Drop,DDP,Air,2010-03-18,2010-03-19,2010-08-24,2011-03-04,2011-03-04,ARV,Pediatric,Aurobindo Pharma Limited,"Lamivudine 10mg/ml, oral solution w/syringe, Bottle, 240 ml",Lamivudine,Generic,10mg/ml,Oral solution,240,6395,19185.0,3.0,0.01,"Aurobindo Unit III, India",True,668.5,0.0,41.36
2783,14564,116-ZA-T30,FPQ-14942,SCMS-259074,ASN-31070,South Africa,PMO - US,Direct Drop,DDP,Truck,2014-09-11,2015-03-09,2015-03-09,2015-03-09,2015-03-09,ARV,Adult,PHARMACY DIRECT,"Zidovudine 300mg, tablets, 60 Tabs",Zidovudine,Generic,300mg,Tablet,60,7,126.22,18.03,0.3,"Aurobindo Unit III, India",False,668.5,0.0,0.13
2784,14571,133-NG-T30,FPQ-10349,SCMS-155321,ASN-17168,Nigeria,PMO - US,Direct Drop,EXW,Air,2012-07-17,2012-08-13,2012-11-28,2012-11-27,2012-11-27,HRDT,HIV test,"Orgenics, Ltd","HIV 1/2, Determine Complete HIV Kit, 100 Tests","HIV 1/2, Determine Complete HIV Kit",Determine,no_dosage,Test kit,100,2744,244216.0,89.0,0.89,"Alere Medical Co., Ltd.",True,1303.0,28734.43,342.39
2785,14578,106-HT-T30,FPQ-11442,SCMS-177180,ASN-18919,Haiti,PMO - US,Direct Drop,EXW,Ocean,2013-01-30,2013-03-11,2013-08-07,2013-08-07,2013-08-07,ARV,Pediatric,Aurobindo Pharma Limited,"Efavirenz 200mg, capsule, 90 Caps",Efavirenz,Generic,200mg,Capsule,90,3680,20240.0,5.5,0.06,"Aurobindo Unit III, India",True,6385.0,8768.76,25.04
2786,14605,106-HT-T30,FPQ-11442,SCMS-177160,ASN-18905,Haiti,PMO - US,Direct Drop,EXW,Ocean,2013-01-30,2013-03-07,2013-08-07,2013-08-07,2013-08-07,ARV,Adult,HETERO LABS LIMITED,"Efavirenz 600mg, tablets, 30 Tabs",Efavirenz,Generic,600mg,Tablet,30,71376,231258.24,3.24,0.11,"Hetero, Jadcherla, unit 5, IN",True,5864.0,7558.01,286.07
2787,14628,116-ZA-T30,FPQ-12522,SCMS-199283,ASN-27978,South Africa,PMO - US,Direct Drop,DDP,Truck,2013-07-11,2014-08-27,2014-08-27,2014-08-27,2014-08-27,ARV,Adult,S. BUYS WHOLESALER,"Lopinavir/Ritonavir 200/50mg [Aluvia], tablets, 120 Tabs",Lopinavir/Ritonavir,Aluvia,200/50mg,Tablet,120,48,1236.47,25.76,0.21,ABBVIE Ludwigshafen Germany,False,5.0,0.0,1.53
2788,14658,110-ZM-T30,FPQ-14790,SCMS-253020,ASN-31638,Zambia,PMO - US,Direct Drop,FCA,Air,2014-08-13,2014-08-20,2015-04-25,2015-04-25,2015-04-30,ARV,Pediatric,ABBVIE LOGISTICS (FORMERLY ABBOTT LOGISTICS BV),"Lopinavir/Ritonavir 80/20mg/ml [Kaletra], oral solution, cool, Bottle 5 x 60 ml",Lopinavir/Ritonavir,Kaletra,80/20mg/ml,Oral solution,300,2265,69807.3,30.82,0.1,ABBVIE (Abbott) Logis. UK,True,2272.0,14603.71,71.76
2789,14665,106-HT-T30,FPQ-5725,SCMS-74750,ASN-7454,Haiti,PMO - US,Direct Drop,EXW,Air,2010-05-26,2010-06-02,2010-09-13,2010-09-13,2010-09-13,HRDT,HIV test,"Orgenics, Ltd","HIV 1/2, Determine HIV Kit, without Lancets, 100 Tests","HIV 1/2, Determine HIV Kit, without Lancets",Determine,no_dosage,Test kit,100,1000,97680.0,97.68,0.98,Inverness Japan,True,227.0,2486.62,210.6
2790,14694,104-CI-T30,FPQ-6024,SCMS-80900,ASN-8019,Côte d'Ivoire,PMO - US,Direct Drop,CIP,Air,2010-07-19,2010-08-02,2010-09-08,2010-09-08,2010-09-08,ARV,Pediatric,BRISTOL-MYERS SQUIBB,"Didanosine 50mg [Videx], chewable tablets, 60 Tabs",Didanosine,Videx,50mg,Chewable/dispersible tablet,60,6000,57000.0,9.5,0.16,"BMS Meymac, France",True,1278.0,1742.12,122.89
2791,14710,106-HT-T30,FPQ-13797,SCMS-233990,ASN-27716,Haiti,PMO - US,Direct Drop,EXW,Air,2014-03-20,2014-04-28,2014-09-12,2014-09-12,2014-09-17,ARV,Adult,MICRO LABS LIMITED,"Efavirenz 600mg, tablets, 30 Tabs",Efavirenz,Generic,600mg,Tablet,30,29908,89125.84,2.98,0.1,"Micro labs, Verna, Goa, India",True,2423.0,14650.41,91.62
2792,14743,161-ZA-T30,FPQ-6262,SCMS-83730,ASN-9481,South Africa,PMO - US,Direct Drop,DDP,Ocean,2010-08-31,2010-09-24,2011-03-04,2011-03-04,2011-03-04,ARV,Adult,Aurobindo Pharma Limited,"Zidovudine 300mg, tablets, 60 Tabs",Zidovudine,Generic,300mg,Tablet,60,87500,641375.0,7.33,0.12,"Aurobindo Unit III, India",True,4416.0,7334.83,1382.8
2793,14785,104-CI-T30,FPQ-12133,SCMS-188290,ASN-20951,Côte d'Ivoire,PMO - US,Direct Drop,EXW,Air,2013-04-18,2013-05-21,2013-08-08,2013-08-08,2013-08-08,HRDT,HIV test,"Orgenics, Ltd","HIV 1/2, Determine Complete HIV Kit, 100 Tests","HIV 1/2, Determine Complete HIV Kit",Determine,no_dosage,Test kit,100,3200,256000.0,80.0,0.8,"Alere Medical Co., Ltd.",True,1394.0,20822.73,316.67
2794,14803,107-RW-T30,FPQ-13651,SCMS-227720,ASN-25269,Rwanda,PMO - US,Direct Drop,EXW,Air,2014-02-05,2014-02-28,2014-05-06,2014-05-06,2014-05-15,ARV,Pediatric,Aurobindo Pharma Limited,"Nevirapine 10mg/ml, oral suspension w/syringe, Bottle, 240 ml",Nevirapine,Generic,10mg/ml,Oral suspension,240,9720,14677.2,1.51,0.01,"Aurobindo Unit III, India",True,4365.0,0.0,15.09
2795,14811,107-RW-T30,FPQ-13874,SCMS-232310,ASN-25543,Rwanda,PMO - US,Direct Drop,EXW,Air,2014-03-12,2014-04-03,2014-04-28,2014-04-28,2014-04-28,HRDT,HIV test,"SHANGHAI KEHUA BIOENGINEERING CO.,LTD.  (KHB)","HIV 1/2, SKB Colloidal Gold, Diagnostic Kit, Antibody, 50 Tests","HIV 1/2, Colloidal Gold, Diagnostic Kit, Antibody",Colloidal Gold,no_dosage,Test kit,1,4068,99666.0,24.5,24.5,"KHB Test Kit Facility, Shanghai China",True,2712.0,37680.04,102.46
2796,14820,110-PK-T30,FPQ-9019,SCMS-132510,ASN-13949,Pakistan,PMO - US,Direct Drop,EXW,Air,2011-12-27,2012-01-17,2012-06-29,2012-06-29,2012-06-29,HRDT,HIV test,"Orgenics, Ltd","HIV 1/2, Determine Complete HIV Kit, 100 Tests","HIV 1/2, Determine Complete HIV Kit",Determine,no_dosage,Test kit,100,2132,170560.0,80.0,0.8,"Alere Medical Co., Ltd.",True,1017.0,14959.84,239.13
2797,14846,101-CD-T30,FPQ-11103,SCMS-170640,ASN-18068,"Congo, DRC",PMO - US,Direct Drop,FCA,Air,2012-12-07,2013-01-03,2013-04-16,2013-04-16,2013-04-16,ARV,Pediatric,ABBVIE LOGISTICS (FORMERLY ABBOTT LOGISTICS BV),"Lopinavir/Ritonavir 80/20mg/ml [Kaletra], oral solution, cool, Bottle 5 x 60 ml",Lopinavir/Ritonavir,Kaletra,80/20mg/ml,Oral solution,300,60,1849.2,30.82,0.1,ABBVIE (Abbott) Logis. UK,True,113.0,2570.86,2.29
2798,14871,108-VN-T30,FPQ-10811,SCMS-164560,ASN-18406,Vietnam,PMO - US,Direct Drop,EXW,Air,2012-10-15,2012-11-07,2013-03-13,2013-03-13,2013-03-13,ARV,Pediatric,MYLAN LABORATORIES LTD (FORMERLY MATRIX LABORATORIES),"Lamivudine/Zidovudine 30/60mg, tablets, 60 Tabs",Lamivudine/Zidovudine,Generic,30/60mg,Tablet - FDC,60,1769,3714.9,2.1,0.04,Mylan (formerly Matrix) Nashik,True,1961.0,7308.37,4.6
2799,14874,161-ZA-T30,FPQ-5648,SCMS-75520,ASN-8545,South Africa,PMO - US,Direct Drop,DDP,Air,2010-06-02,2010-06-16,2010-10-06,2010-10-06,2010-10-06,ARV,Pediatric,ASPEN PHARMACARE,"Abacavir 20mg/ml [Ziagen], oral solution, Bottle, 240 ml",Abacavir,Ziagen,20mg/ml,Oral solution,240,26000,392080.0,15.08,0.06,GSK Mississauga (Canada),True,2646.5,7707.42,845.32
2800,14929,116-ZA-T30,FPQ-15869,SCMS-278621,ASN-33339,South Africa,PMO - US,Direct Drop,DDP,Truck,2015-02-23,2015-05-07,2015-07-15,2015-07-15,2015-07-15,ARV,Adult,PHARMACY DIRECT,"Efavirenz/Emtricitabine/Tenofovir Disoproxil Fumarate 600/200/300mg, tablets, 30 Tabs",Efavirenz/Emtricitabine/Tenofovir Disoproxil Fumarate,Generic,600/200/300mg,Tablet - FDC,30,9,342.83,38.09,1.27,Mylan (formerly Matrix) Nashik,True,1.0,0.0,0.4
2801,14931,107-RW-T30,FPQ-14813,SCMS-268601,ASN-31659,Rwanda,PMO - US,Direct Drop,FCA,Air,2014-10-09,2014-12-12,2015-05-12,2015-05-12,2015-05-12,ARV,Pediatric,SWORDS LABORATORIES,"Atazanavir 200mg [Reyataz], capsules, 60 Caps",Atazanavir,Reyataz,200mg,Capsule,60,1080,43869.6,40.62,0.68,Bristol-Myers Squibb Anagni IT,True,282.0,1028.1,45.1
2802,14941,109-TZ-T30,FPQ-6203,SCMS-82750,ASN-8080,Tanzania,PMO - US,Direct Drop,EXW,Air,2010-08-18,2010-08-25,2010-10-22,2010-10-22,2010-10-22,ARV,Adult,MYLAN LABORATORIES LTD (FORMERLY MATRIX LABORATORIES),"Efavirenz/Emtricitabine/Tenofovir Disoproxil Fumarate 600/200/300mg, tablets, 30 Tabs",Efavirenz/Emtricitabine/Tenofovir Disoproxil Fumarate,Generic,600/200/300mg,Tablet - FDC,30,9000,179100.0,19.9,0.66,Mylan (formerly Matrix) Nashik,True,1081.0,5834.1,386.14
2803,14943,114-UG-T30,FPQ-4373,SCMS-58220,ASN-6150,Uganda,PMO - US,Direct Drop,CIP,Air,2009-11-25,2009-12-02,2010-03-04,2010-03-04,2010-03-04,ARV,Adult,MERCK SHARP & DOHME IDEA GMBH (FORMALLY MERCK SHARP & DOHME B.V.),"Indinavir 400mg [Crixivan], capsules, 180 Caps",Indinavir,Crixivan,400mg,Capsule,180,75,3750.0,50.0,0.28,"MSD, Haarlem, NL",True,19.0,435.0,7.35
2804,14970,106-HT-T30,FPQ-5526,SCMS-74010,ASN-7683,Haiti,PMO - US,Direct Drop,CIP,Air,2010-05-04,2010-05-25,2010-08-05,2010-08-05,2010-08-05,ARV,Pediatric,BRISTOL-MYERS SQUIBB,"Didanosine 2g [Videx], powder for oral solution 10mg/ml, reconstitute to 200 ml",Didanosine,Videx,2g,Powder for oral solution,200,192,2417.28,12.59,0.06,"BMS Meymac, France",True,47.0,0.0,5.21
2805,14988,102-SS-T30,FPQ-9038,SCMS-137200,ASN-14984,South Sudan,PMO - US,Direct Drop,EXW,Air,2012-01-17,2012-04-05,2012-06-15,2012-06-15,2012-06-15,HRDT,HIV test,"Orgenics, Ltd","HIV 1/2, Determine Complete HIV Kit, 100 Tests","HIV 1/2, Determine Complete HIV Kit",Determine,no_dosage,Test kit,100,337,29993.0,89.0,0.89,"Alere Medical Co., Ltd.",True,181.0,4978.09,42.05
2806,15004,116-ZA-T30,FPQ-3560,SCMS-49641,ASN-5136,South Africa,PMO - US,Direct Drop,DDP,Truck,2009-05-07,2009-07-21,2009-08-05,2009-08-05,2009-08-05,ARV,Pediatric,S. BUYS WHOLESALER,"Abacavir 20mg/ml [Ziagen], oral solution, Bottle, 240 ml",Abacavir,Ziagen,20mg/ml,Oral solution,240,599,11964.63,19.97,0.08,GSK Mississauga (Canada),True,41.0,0.0,23.45
2807,15005,133-NG-T30,FPQ-9599,SCMS-144190,ASN-16132,Nigeria,PMO - US,Direct Drop,EXW,Air,2012-03-27,2012-05-03,2012-09-18,2012-09-18,2012-09-18,HRDT,HIV test,"Trinity Biotech, Plc","HIV 1/2, Uni-Gold HIV Kit, 20 Tests","HIV 1/2, Uni-Gold HIV Kit",Uni-Gold,no_dosage,Test kit,20,8018,256576.0,32.0,1.6,"Trinity Biotech, Plc",True,2607.0,28595.45,359.72
2808,15011,107-RW-T30,FPQ-6186,SCMS-83350,ASN-9219,Rwanda,PMO - US,Direct Drop,CIP,Air,2010-08-13,2010-09-28,2010-12-12,2010-12-12,2010-12-12,ARV,Adult,MYLAN LABORATORIES LTD (FORMERLY MATRIX LABORATORIES),"Efavirenz/Lamivudine/Tenofovir Disoproxil Fumarate 600/300/300mg, tablets, 30 Tabs",Efavirenz/Lamivudine/Tenofovir Disoproxil Fumarate,Generic,600/300/300mg,Tablet - FDC,30,9653,168734.44,17.48,0.58,Mylan (formerly Matrix) Nashik,True,668.5,0.0,363.79
2809,15012,116-ZA-T30,FPQ-7176,SCMS-104370,ASN-11046,South Africa,PMO - US,Direct Drop,DDP,Ocean,2011-03-10,2011-04-01,2011-08-15,2011-08-15,2011-08-15,ARV,Adult,Aurobindo Pharma Limited,"Zidovudine 300mg, tablets, 60 Tabs",Zidovudine,Generic,300mg,Tablet,60,2452,17899.6,7.3,0.12,"Aurobindo Unit III, India",True,127.0,47101.63,29.53
2810,15046,116-ZA-T30,FPQ-14942,SCMS-259079,ASN-33852,South Africa,PMO - US,Direct Drop,DDP,Truck,2014-09-11,2014-10-09,2015-08-24,2015-08-24,2015-08-24,ARV,Adult,PHARMACY DIRECT,"Didanosine 250mg, delayed-release capsules, 30 Caps",Didanosine,Generic,250mg,Delayed-release capsules,30,6,71.03,11.84,0.39,"Aurobindo Unit III, India",True,9.0,0.0,0.07
2811,15051,105-GY-T30,FPQ-10249,SCMS-153840,ASN-16410,Guyana,PMO - US,Direct Drop,EXW,Air,2012-07-05,2012-07-26,2012-09-25,2012-09-25,2012-09-25,HRDT,HIV test,"Trinity Biotech, Plc","HIV 1/2, Uni-Gold HIV Kit, 20 Tests","HIV 1/2, Uni-Gold HIV Kit",Uni-Gold,no_dosage,Test kit,20,2769,88608.0,32.0,1.6,"Trinity Biotech, Plc",True,876.0,8969.97,124.23
2812,15115,101-CD-T30,FPQ-14100,SCMS-239410,ASN-26738,"Congo, DRC",PMO - US,Direct Drop,EXW,Air,2014-04-23,2014-05-20,2014-09-05,2014-09-05,2014-09-16,HRDT,HIV test,"Trinity Biotech, Plc","HIV 1/2, Uni-Gold HIV Kit, 20 Tests","HIV 1/2, Uni-Gold HIV Kit",Uni-Gold,no_dosage,Test kit,20,34,1088.0,32.0,1.6,"Trinity Biotech, Plc",True,112.0,3196.31,1.12
2813,15131,110-ZM-T30,FPQ-12251,SCMS-189230,ASN-20474,Zambia,PMO - US,Direct Drop,EXW,Air,2013-05-02,2013-05-22,2013-09-11,2013-09-11,2013-09-11,HRDT,HIV test,"Orgenics, Ltd","HIV 1/2, Determine Complete HIV Kit, 100 Tests","HIV 1/2, Determine Complete HIV Kit",Determine,no_dosage,Test kit,100,6000,480000.0,80.0,0.8,"Alere Medical Co., Ltd.",True,2606.0,38354.26,593.76
2814,15142,161-ZA-T30,FPQ-5303,SCMS-68940,ASN-7597,South Africa,PMO - US,Direct Drop,DDP,Air,2010-03-18,2010-03-19,2010-09-07,2010-09-07,2010-09-07,ARV,Adult,Aurobindo Pharma Limited,"Efavirenz 600mg, tablets, 30 Tabs",Efavirenz,Generic,600mg,Tablet,30,11510,53751.7,4.67,0.16,"Aurobindo Unit III, India",True,993.0,4263.07,115.89
2815,15149,108-VN-T30,FPQ-6818,SCMS-97850,ASN-11024,Vietnam,PMO - US,Direct Drop,EXW,Air,2011-01-17,2011-02-15,2011-06-22,2011-06-22,2011-06-22,ARV,Adult,MYLAN LABORATORIES LTD (FORMERLY MATRIX LABORATORIES),"Lamivudine 150mg, tablets, 60 Tabs",Lamivudine,Generic,150mg,Tablet,60,20000,40000.0,2.0,0.03,Mylan (formerly Matrix) Nashik,True,2806.0,18207.5,66.0
2816,15176,161-ZA-T30,FPQ-5648,SCMS-75660,ASN-8695,South Africa,PMO - US,Direct Drop,DDP,Ocean,2010-06-02,2010-06-17,2010-10-12,2010-12-15,2010-12-15,ARV,Adult,Aurobindo Pharma Limited,"Efavirenz 600mg, tablets, 30 Tabs",Efavirenz,Generic,600mg,Tablet,30,12000,54120.0,4.51,0.15,"Aurobindo Unit III, India",True,1005.0,0.0,116.68
2817,15195,105-GY-T30,FPQ-6329,SCMS-87910,ASN-9578,Guyana,PMO - US,Direct Drop,DDU,Air,2010-09-28,2010-10-01,2011-03-04,2011-03-04,2011-03-04,ARV,Pediatric,IDIS LIMITED,"Didanosine 25mg [Videx], chewable tablets, 60 Tabs",Didanosine,Videx,25mg,Chewable/dispersible tablet,60,270,12501.0,46.3,0.77,"BMS Meymac, France",True,59.0,180.0,26.95
2818,15240,106-HT-T30,FPQ-14083,SCMS-240220,ASN-26559,Haiti,PMO - US,Direct Drop,EXW,Air,2014-05-11,2014-06-02,2014-07-18,2014-07-18,2014-07-31,ARV,Pediatric,Aurobindo Pharma Limited,"Abacavir 20mg/ml, oral solution, Bottle, 240 ml",Abacavir,Generic,20mg/ml,Oral solution,240,375,2561.25,6.83,0.03,"Aurobindo Unit III, India",True,300.0,2949.23,2.63
2819,15241,116-ZA-T30,FPQ-11828,SCMS-183950,ASN-19166,South Africa,South Africa Field Office,Direct Drop,DDP,Truck,2013-03-18,2012-10-16,2013-04-16,2013-04-16,2013-04-16,ARV,Adult,S. BUYS WHOLESALER,"Efavirenz 600mg, tablets, 30 Tabs",Efavirenz,Generic,600mg,Tablet,30,1368,21995.87,16.08,0.54,"Cipla, Goa, India",True,668.5,0.0,27.21
2820,15248,108-VN-T30,FPQ-4265,SCMS-57140,ASN-6265,Vietnam,PMO - US,Direct Drop,EXW,Air,2009-10-20,2009-11-13,2010-03-15,2010-03-15,2010-03-15,ARV,Adult,Aurobindo Pharma Limited,"Lamivudine/Nevirapine/Zidovudine 150/200/300mg, tablets, 60 Tabs",Lamivudine/Nevirapine/Zidovudine,Generic,150/300/200mg,Tablet - FDC,60,16300,181745.0,11.15,0.19,"Aurobindo Unit III, India",True,2011.0,11648.31,356.22
2821,15283,133-NG-T30,FPQ-7314,SCMS-104310,ASN-11148,Nigeria,PMO - US,Direct Drop,EXW,Air,2011-03-11,2011-03-31,2011-07-19,2011-07-19,2011-07-19,HRDT,HIV test,"Trinity Biotech, Plc","HIV 1/2, Uni-Gold HIV Kit, 20 Tests","HIV 1/2, Uni-Gold HIV Kit",Uni-Gold,no_dosage,Test kit,20,3662,117184.0,32.0,1.6,"Trinity Biotech, Plc",True,1255.0,15794.47,193.35
2822,15298,116-ZA-T30,FPQ-14942,SCMS-259075,ASN-32122,South Africa,PMO - US,Direct Drop,DDP,Truck,2014-09-11,2015-05-11,2015-05-12,2015-05-12,2015-05-12,ARV,Adult,PHARMACY DIRECT,"Didanosine 400mg, delayed-release capsules, 30 Caps",Didanosine,Generic,400mg,Delayed-release capsules,30,7,99.53,14.22,0.47,"Aurobindo Unit III, India",False,668.5,0.0,0.1
2823,15352,108-VN-T30,FPQ-10811,SCMS-166120,ASN-17672,Vietnam,PMO - US,Direct Drop,EXW,Air,2012-10-15,2012-11-09,2013-01-29,2013-01-29,2013-01-29,ARV,Pediatric,Aurobindo Pharma Limited,"Lamivudine 10mg/ml, oral solution w/syringe, Bottle, 240 ml",Lamivudine,Generic,10mg/ml,Oral solution,240,464,858.4,1.85,0.01,"Aurobindo Unit III, India",True,437.0,1222.31,1.06
2824,15356,102-SD-T30,FPQ-8261,SCMS-120472,ASN-13347,Sudan,PMO - US,Direct Drop,EXW,Air,2011-08-29,2011-09-07,2012-02-08,2012-02-08,2012-02-08,HRDT,HIV test,"Trinity Biotech, Plc","HIV 1/2, Uni-Gold HIV Kit, 20 Tests","HIV 1/2, Uni-Gold HIV Kit",Uni-Gold,no_dosage,Test kit,20,35,1120.0,32.0,1.6,"Trinity Biotech, Plc",True,12.0,646.81,1.85
2825,15368,108-VN-T30,FPQ-4265,SCMS-57130,ASN-6266,Vietnam,PMO - US,Direct Drop,EXW,Air,2009-10-20,2009-11-13,2010-03-19,2010-03-19,2010-03-19,ARV,Adult,Aurobindo Pharma Limited,"Lamivudine 150mg, tablets, 60 Tabs",Lamivudine,Generic,150mg,Tablet,60,24480,58752.0,2.4,0.04,"Aurobindo Unit III, India",True,3536.0,20910.43,115.15
2826,15382,102-ML-T30,FPQ-11783,SCMS-182800,ASN-19649,Mali,PMO - US,Direct Drop,EXW,Air,2013-03-15,2013-04-11,2013-06-11,2013-06-11,2013-06-11,HRDT,HIV test,"Orgenics, Ltd","HIV 1/2, Determine Complete HIV Kit, 100 Tests","HIV 1/2, Determine Complete HIV Kit",Determine,no_dosage,Test kit,100,81,6480.0,80.0,0.8,"Alere Medical Co., Ltd.",True,37.0,2190.78,8.02
2827,15399,151-NG-T30,FPQ-13102,SCMS-212700,ASN-22771,Nigeria,PMO - US,Direct Drop,EXW,Air,2013-10-17,2013-11-04,2013-12-17,2013-12-17,2013-12-20,ARV,Adult,MYLAN LABORATORIES LTD (FORMERLY MATRIX LABORATORIES),"Zidovudine 300mg, tablets, 60 Tabs",Zidovudine,Generic,300mg,Tablet,60,10000,65000.0,6.5,0.11,Mylan (formerly Matrix) Nashik,True,574.0,4760.43,66.82
2828,15405,107-RW-T30,FPQ-6186,SCMS-83330,ASN-9332,Rwanda,PMO - US,Direct Drop,CIP,Air,2010-08-13,2010-09-27,2011-01-07,2011-01-07,2011-01-07,ARV,Adult,CIPLA LIMITED,"Lopinavir/Ritonavir 200/50mg, tablets, 120 Tabs",Lopinavir/Ritonavir,Generic,200/50mg,Tablet,120,1202,41228.6,34.3,0.29,Cipla Ltd A-42 MIDC Mahar. IN,True,668.5,0.0,88.89
2829,15423,104-CI-T30,FPQ-12713,SCMS-201900,ASN-23392,Côte d'Ivoire,PMO - US,Direct Drop,EXW,Air,2013-07-23,2013-08-06,2014-01-23,2014-01-23,2014-01-27,HRDT,HIV test,"Orgenics, Ltd","HIV 1/2, Determine Complete HIV Kit, 100 Tests","HIV 1/2, Determine Complete HIV Kit",Determine,no_dosage,Test kit,100,1400,112000.0,80.0,0.8,"Alere Medical Co., Ltd.",True,577.0,9275.59,138.54
2830,15460,106-HT-T30,FPQ-15038,SCMS-262980,ASN-30463,Haiti,PMO - US,Direct Drop,EXW,Ocean,2014-10-22,2015-01-07,2015-04-09,2015-04-09,2015-04-13,ARV,Adult,HETERO LABS LIMITED,"Lamivudine/Tenofovir Disoproxil Fumarate 300/300mg, tablets, 30 Tabs",Lamivudine/Tenofovir Disoproxil Fumarate,Generic,300/300mg,Tablet - FDC,30,36831,170159.22,4.62,0.15,Hetero Unit III Hyderabad IN,True,17826.0,20526.23,174.92
2831,15499,109-TZ-T30,FPQ-10994,SCMS-169330,ASN-18422,Tanzania,PMO - US,Direct Drop,EXW,Air,2012-11-13,2012-12-12,2013-04-30,2013-04-30,2013-04-30,HRDT,HIV test,"Trinity Biotech, Plc","HIV 1/2, Uni-Gold HIV Kit, 20 Tests","HIV 1/2, Uni-Gold HIV Kit",Uni-Gold,no_dosage,Test kit,20,8460,270720.0,32.0,1.6,"Trinity Biotech, Plc",True,2753.0,25485.81,334.88
2832,15554,161-ZA-T30,FPQ-5648,SCMS-75480,ASN-8755,South Africa,PMO - US,Direct Drop,DDP,Air,2010-06-02,2010-06-17,2010-12-13,2010-12-11,2010-12-11,ARV,Pediatric,Aurobindo Pharma Limited,"Nevirapine 10mg/ml, oral suspension w/syringe, Bottle, 240 ml",Nevirapine,Generic,10mg/ml,Oral suspension,240,2162,6810.3,3.15,0.01,"Aurobindo Unit III, India",True,838.0,4876.31,14.68
2833,15596,113-ZW-T30,FPQ-7521,SCMS-108020,ASN-13965,Zimbabwe,PMO - US,Direct Drop,EXW,Air,2011-04-07,2011-05-05,2012-03-20,2012-03-20,2012-03-20,HRDT,HIV test,"Orgenics, Ltd","HIV 1/2, Determine Complete HIV Kit, 100 Tests","HIV 1/2, Determine Complete HIV Kit",Determine,no_dosage,Test kit,100,2342,187360.0,80.0,0.8,Inverness Japan,True,1113.0,20082.38,309.14
2834,15619,116-ZA-T30,FPQ-12522,SCMS-199283,ASN-27980,South Africa,PMO - US,Direct Drop,DDP,Truck,2013-07-11,2014-08-27,2014-08-27,2014-08-27,2014-08-27,ARV,Adult,S. BUYS WHOLESALER,"Efavirenz 600mg, tablets, 30 Tabs",Efavirenz,Generic,600mg,Tablet,30,115,1923.5,16.73,0.56,Hetero Unit III Hyderabad IN,True,668.5,0.0,2.38
2835,15625,111-MZ-T30,FPQ-14294,SCMS-247360,ASN-27766,Mozambique,PMO - US,Direct Drop,EXW,Air,2014-05-15,2014-07-30,2014-09-10,2014-09-10,2014-10-01,HRDT,HIV test,"Orgenics, Ltd","HIV 1/2, Determine Complete HIV Kit, 100 Tests","HIV 1/2, Determine Complete HIV Kit",Determine,no_dosage,Test kit,100,4708,376640.0,80.0,0.8,"Alere Medical Co., Ltd.",True,1914.0,13489.96,387.19
2836,15642,107-RW-T30,FPQ-6185,SCMS-84411,ASN-9660,Rwanda,PMO - US,Direct Drop,CIP,Air,2010-09-03,2010-09-27,2011-02-09,2011-02-09,2011-02-09,ARV,Adult,CIPLA LIMITED,"Lopinavir/Ritonavir 200/50mg, tablets, 120 Tabs",Lopinavir/Ritonavir,Generic,200/50mg,Tablet,120,2486,85269.8,34.3,0.29,Cipla Ltd A-42 MIDC Mahar. IN,True,4354.0,0.0,183.84
2837,15643,133-NG-T30,FPQ-8117,SCMS-118170,ASN-12941,Nigeria,PMO - US,Direct Drop,EXW,Air,2011-07-28,2011-08-12,2011-12-13,2011-12-13,2011-12-13,HRDT,HIV test,"Trinity Biotech, Plc","HIV 1/2, Uni-Gold HIV Kit, 20 Tests","HIV 1/2, Uni-Gold HIV Kit",Uni-Gold,no_dosage,Test kit,20,2000,64000.0,32.0,1.6,"Trinity Biotech, Plc",True,793.0,7938.18,105.6
2838,15656,A01-CM-T50,FPQ-15905,SCMS-285060,ASN-33424,Cameroon,PMO - US,Direct Drop,CIP,Air,2015-02-19,2015-05-01,2015-08-26,2015-08-26,2015-08-26,ARV,Adult,MERCK SHARP & DOHME IDEA GMBH (FORMALLY MERCK SHARP & DOHME B.V.),"Raltegravir 400mg [Isentress], tablets, 60 Tabs",Raltegravir,Isentress,400mg,Tablet,60,120,6660.0,55.5,0.92,"MSD, Haarlem, NL",True,22.0,0.0,7.84
2839,15670,901-CM-T30,FPQ-12837,SCMS-204300,ASN-21701,Cameroon,PMO - US,Direct Drop,EXW,Air,2013-08-19,2013-08-23,2013-10-18,2013-10-26,2013-10-29,ARV,Adult,Aurobindo Pharma Limited,"Nevirapine 200mg, tablets, 60 Tabs",Nevirapine,Generic,200mg,Tablet,60,34595,77838.75,2.25,0.04,"Aurobindo Unit III, India",True,3642.0,31434.31,96.29
2840,15687,161-ZA-T30,FPQ-5303,SCMS-68980,ASN-7526,South Africa,PMO - US,Direct Drop,DDP,Air,2010-03-18,2010-03-19,2010-08-24,2010-08-24,2010-08-24,ARV,Pediatric,Aurobindo Pharma Limited,"Lamivudine 10mg/ml, oral solution w/syringe, Bottle, 240 ml",Lamivudine,Generic,10mg/ml,Oral solution,240,8474,25422.0,3.0,0.01,"Aurobindo Unit III, India",True,3206.0,2154.51,54.81
2841,15695,117-ET-T30,FPQ-4752,SCMS-61200,ASN-6004,Ethiopia,PMO - US,Direct Drop,EXW,Air,2009-12-23,2009-12-29,2010-02-09,2010-02-09,2010-02-09,ARV,Adult,STRIDES ARCOLAB LIMITED,"Lamivudine/Stavudine 150/30mg, tablets, 60 Tabs",Lamivudine/Stavudine,Generic,150/30mg,Tablet - FDC,60,71596,241278.52,3.37,0.06,"Strides, Bangalore, India.",True,3652.0,15236.52,520.2
2842,15726,107-RW-T30,FPQ-9168,SCMS-137552,ASN-15729,Rwanda,PMO - US,Direct Drop,EXW,Air,2012-01-13,2012-05-31,2012-08-07,2012-08-07,2012-08-07,ARV,Adult,MYLAN LABORATORIES LTD (FORMERLY MATRIX LABORATORIES),"Abacavir 300mg, tablets, 60 Tabs",Abacavir,Generic,300mg,Tablet,60,46530,581159.7,12.49,0.21,Mylan (formerly Matrix) Nashik,True,4810.0,27894.81,814.79
2843,15727,123-NG-T30,FPQ-7743,SCMS-111240,ASN-12090,Nigeria,PMO - US,Direct Drop,EXW,Air,2011-05-23,2011-06-15,2011-09-23,2011-09-23,2011-09-23,ACT,ACT,NOVARTIS PHARMA SERVICES AG,"Artemether/Lumefantrine 20/120mg [Coartem], scored tablets, Blister 30 x 24 Tabs",Artemether/Lumefantrine,Coartem,20/120mg,Tablet - FDC + blister,720,1000,39000.0,39.0,0.05,"Novartis Pharma Suffern, USA",True,711.0,5433.21,64.35
2844,15738,108-VN-T30,FPQ-15823,SCMS-277340,ASN-32255,Vietnam,PMO - US,Direct Drop,FCA,Air,2015-02-13,2015-03-04,2015-07-15,2015-07-15,2015-07-15,ARV,Adult,ABBVIE LOGISTICS (FORMERLY ABBOTT LOGISTICS BV),"Ritonavir 100mg [Norvir], film coated tablets, 30 Tabs",Ritonavir,Norvir,100mg,Tablet,30,400,9304.0,23.26,0.78,ABBVIE Ludwigshafen Germany,True,40.0,642.45,10.95
2845,15751,101-CD-T30,FPQ-16001,SCMS-280220,ASN-32231,"Congo, DRC",PMO - US,Direct Drop,EXW,Air,2015-03-10,2015-03-17,2015-07-23,2015-07-23,2015-07-29,HRDT,HIV test,"Orgenics, Ltd","HIV 1/2, Determine Complete HIV Kit, 100 Tests","HIV 1/2, Determine Complete HIV Kit",Determine,no_dosage,Test kit,100,228,18240.0,80.0,0.8,"Alere Medical Co., Ltd.",False,394.0,2346.5699999999997,21.47
2846,15772,108-VN-T30,FPQ-8428,SCMS-123520,ASN-13475,Vietnam,PMO - US,Direct Drop,EXW,Air,2011-09-21,2011-10-04,2012-03-01,2012-03-01,2012-03-01,ARV,Adult,Aurobindo Pharma Limited,"Lamivudine/Nevirapine/Zidovudine 150/200/300mg, tablets, 60 Tabs",Lamivudine/Nevirapine/Zidovudine,Generic,150/300/200mg,Tablet - FDC,60,30000,313500.0,10.45,0.17,"Aurobindo Unit III, India",True,10210.0,17392.05,517.28
2847,15778,109-TZ-T30,FPQ-10809,SCMS-162861,ASN-18311,Tanzania,PMO - US,Direct Drop,EXW,Air,2012-10-11,2012-10-18,2013-04-10,2013-04-10,2013-04-10,HRDT,HIV test,"Orgenics, Ltd","HIV 1/2, Determine Complete HIV Kit, 100 Tests","HIV 1/2, Determine Complete HIV Kit",Determine,no_dosage,Test kit,100,218,17440.0,80.0,0.8,"Alere Medical Co., Ltd.",True,91.0,2082.39,21.57
2848,15788,105-SS-T30,FPQ-15569,SCMS-272170,ASN-31958,South Sudan,PMO - US,Direct Drop,EXW,Air,2014-12-29,2015-02-20,2015-07-02,2015-07-02,2015-07-03,HRDT,HIV test - Ancillary,"Orgenics, Ltd","Chase Buffer, Determine, 100 Tests, 2.5ml x 1 Vial","Chase Buffer, Determine, 100 Tests, 2.5ml x 1 Vial",Determine,no_dosage,Test kit - Ancillary,1,45,225.0,5.0,5.0,"Alere Medical Co., Ltd.",True,29.0,2575.925,0.26
2849,15795,116-ZA-T30,FPQ-14942,SCMS-259071,ASN-29597,South Africa,PMO - US,Direct Drop,DDP,Truck,2014-09-11,2014-11-28,2014-11-28,2014-11-28,2014-11-28,ARV,Adult,PHARMACY DIRECT,"Zidovudine 300mg, tablets, 60 Tabs",Zidovudine,Generic,300mg,Tablet,60,12,216.37,18.03,0.3,"Aurobindo Unit III, India",False,48.0,0.0,0.22
2850,15804,102-ML-T30,FPQ-11783,SCMS-182801,ASN-19657,Mali,PMO - US,Direct Drop,EXW,Air,2013-03-15,2013-04-11,2013-07-03,2013-07-03,2013-07-03,HRDT,HIV test,"Orgenics, Ltd","HIV 1/2, Clearview Complete Kit, 25 Tests","HIV 1/2, Clearview Complete Kit",Clearview,no_dosage,Test kit,25,20,1900.0,95.0,3.8,Chembio Diagnostics Sys. Inc.,True,9.0,779.06,2.35
2851,15813,111-MZ-T30,FPQ-13395,SCMS-219220,ASN-25454,Mozambique,PMO - US,Direct Drop,EXW,Air,2013-12-11,2013-12-17,2014-05-02,2014-05-02,2014-05-07,ARV,Adult,HETERO LABS LIMITED,"Lamivudine/Nevirapine/Zidovudine 150/200/300mg, tablets, 60 Tabs",Lamivudine/Nevirapine/Zidovudine,Generic,150/300/200mg,Tablet - FDC,60,23040,186854.4,8.11,0.14,Hetero Unit III Hyderabad IN,True,3138.0,16537.12,192.09
2852,15815,116-ZA-T30,FPQ-4359,SCMS-54980,ASN-5373,South Africa,PMO - US,Direct Drop,DDP,Truck,2009-10-08,2009-10-15,2009-10-19,2009-10-19,2009-10-19,ARV,Pediatric,S. BUYS WHOLESALER,"Stavudine 1mg/ml [Zerit], powder for oral solution, Bottle, 200 ml",Stavudine,Zerit,1mg/ml,Powder for oral solution,200,2200,3914.05,1.78,0.01,"BMS Meymac, France",False,192.0,0.0,7.67
2853,15825,109-TZ-T30,FPQ-16453,SCMS-293540,ASN-33245,Tanzania,PMO - US,Direct Drop,EXW,Air,2015-06-08,2015-06-25,2015-08-24,2015-08-24,2015-08-28,HRDT,HIV test,"Trinity Biotech, Plc","HIV 1/2, Uni-Gold HIV Kit, 20 Tests","HIV 1/2, Uni-Gold HIV Kit",Uni-Gold,no_dosage,Test kit,20,400,12800.0,32.0,1.6,"Trinity Biotech, Plc",True,133.0,8925.0,15.07
2854,15867,107-RW-T30,FPQ-8932,SCMS-129870,ASN-13373,Rwanda,PMO - US,Direct Drop,EXW,Air,2011-12-06,2011-12-13,2012-01-24,2012-01-26,2012-01-26,ARV,Adult,Aurobindo Pharma Limited,"Lamivudine/Tenofovir Disoproxil Fumarate 300/300mg, tablets, 30 Tabs",Lamivudine/Tenofovir Disoproxil Fumarate,Generic,300/300mg,Tablet - FDC,30,41286,220880.1,5.35,0.18,"Aurobindo Unit VII, IN",True,4027.0,28833.91,309.67
2855,15879,107-RW-T30,FPQ-6341,SCMS-84940,ASN-10070,Rwanda,PMO - US,Direct Drop,EXW,Ocean,2010-09-03,2010-09-29,2011-04-27,2011-04-27,2011-04-27,ARV,Adult,MYLAN LABORATORIES LTD (FORMERLY MATRIX LABORATORIES),"Lamivudine/Tenofovir Disoproxil Fumarate 300/300mg, tablets, 30 Tabs",Lamivudine/Tenofovir Disoproxil Fumarate,Generic,300/300mg,Tablet - FDC,30,117359,997551.5,8.5,0.28,Mylan (formerly Matrix) Nashik,True,10329.0,32530.22,2150.72
2856,15894,108-VN-T30,FPQ-4266,SCMS-56540,ASN-7741,Vietnam,PMO - US,Direct Drop,EXW,Air,2009-10-20,2009-11-11,2010-08-23,2010-08-23,2010-08-23,ARV,Adult,Aurobindo Pharma Limited,"Lamivudine/Nevirapine/Zidovudine 150/200/300mg, tablets, 60 Tabs",Lamivudine/Nevirapine/Zidovudine,Generic,150/300/200mg,Tablet - FDC,60,20500,228575.0,11.15,0.19,"Aurobindo Unit III, India",True,2904.0,14223.39,448.01
2857,15909,116-ZA-T30,FPQ-3560,SCMS-49631,ASN-5444,South Africa,PMO - US,Direct Drop,DDP,Truck,2009-05-07,2009-07-21,2009-09-14,2009-10-09,2009-10-09,ARV,Adult,S. BUYS WHOLESALER,"Efavirenz 600mg, tablets, 30 Tabs",Efavirenz,Generic,600mg,Tablet,30,9612,183096.09,19.05,0.64,"Cipla, Goa, India",True,668.5,0.0,358.87
2858,15930,110-ZM-T30,FPQ-4692,SCMS-60720,ASN-6175,Zambia,PMO - US,Direct Drop,EXW,Air,2009-12-16,2009-12-22,2010-03-16,2010-03-16,2010-03-16,HRDT,HIV test,"Trinity Biotech, Plc","HIV 1/2, Uni-Gold HIV Kit, 20 Tests","HIV 1/2, Uni-Gold HIV Kit",Uni-Gold,no_dosage,Test kit,20,5264,168448.0,32.0,1.6,"Trinity Biotech, Plc",True,1826.0,16438.26,363.17
2859,15946,117-ET-T30,FPQ-5582,SCMS-72390,ASN-9567,Ethiopia,PMO - US,Direct Drop,EXW,Air,2010-04-28,2010-04-29,2011-02-14,2011-02-14,2011-02-14,ARV,Adult,Aurobindo Pharma Limited,"Didanosine 250mg, delayed-release capsules, 30 Caps",Didanosine,Generic,250mg,Delayed-release capsules,30,2600,33800.0,13.0,0.43,"Aurobindo Unit III, India",True,236.0,1131.48,72.87
2860,15984,161-ZA-T30,FPQ-6708,SCMS-93580,ASN-9951,South Africa,PMO - US,Direct Drop,DDP,Ocean,2010-11-26,2010-12-14,2011-04-08,2011-04-08,2011-04-08,ARV,Adult,CIPLA LIMITED,"Tenofovir Disoproxil Fumarate 300mg, tablets, 30 Tabs",Tenofovir Disoproxil Fumarate,Generic,300mg,Tablet,30,137654,944306.44,6.86,0.23,"Cipla, Goa, India",True,9147.0,11314.2,1558.11
2861,15994,106-HT-T30,FPQ-13797,SCMS-233940,ASN-26454,Haiti,PMO - US,Direct Drop,EXW,Air,2014-03-20,2014-04-29,2014-07-14,2014-07-14,2014-07-16,ARV,Pediatric,Aurobindo Pharma Limited,"Nevirapine 10mg/ml, oral suspension w/syringe, Bottle, 240 ml",Nevirapine,Generic,10mg/ml,Oral suspension,240,705,1064.55,1.51,0.01,"Aurobindo Unit III, India",True,346.0,3429.78,1.09
2862,15999,109-TZ-T30,FPQ-12540,SCMS-198780,ASN-20860,Tanzania,PMO - US,Direct Drop,EXW,Air,2013-07-03,2013-07-16,2013-09-24,2013-09-24,2013-09-24,ARV,Adult,Aurobindo Pharma Limited,"Lamivudine/Nevirapine/Zidovudine 150/200/300mg, tablets, 60 Tabs",Lamivudine/Nevirapine/Zidovudine,Generic,150/300/200mg,Tablet - FDC,60,36426,296143.38,8.13,0.14,"Aurobindo Unit III, India",True,4609.0,17581.92,366.33
2863,16044,104-CI-T30,FPQ-8210,SCMS-124140,ASN-13540,Côte d'Ivoire,PMO - US,Direct Drop,EXW,Air,2011-08-11,2011-10-05,2012-02-06,2012-02-06,2012-02-06,HRDT,HIV test,"CHEMBIO DIAGNOSTIC SYSTEMS, INC.","HIV 1/2, Stat-Pak HIV, Kit, 20 Tests","HIV 1/2, Stat-Pak HIV, Kit",Stat-Pak,no_dosage,Test kit,20,1129,32741.0,29.0,1.45,Chembio Diagnostics Sys. Inc.,True,328.0,4420.31,54.02
2864,16053,108-VN-T30,FPQ-13034,SCMS-210120,ASN-24394,Vietnam,PMO - US,Direct Drop,EXW,Air,2013-10-04,2013-10-10,2014-04-23,2014-04-23,2014-04-23,ARV,Adult,HETERO LABS LIMITED,"Lamivudine 150mg, tablets, 60 Tabs",Lamivudine,Generic,150mg,Tablet,60,14011,25920.35,1.85,0.03,Hetero Unit III Hyderabad IN,True,1953.0,3658.08,32.06
2865,16071,133-NG-T30,FPQ-10765,SCMS-162440,ASN-18175,Nigeria,PMO - US,Direct Drop,EXW,Air,2012-10-05,2012-10-16,2013-01-09,2013-02-26,2013-02-26,HRDT,HIV test,"Orgenics, Ltd","HIV 1/2, Determine Complete HIV Kit, 100 Tests","HIV 1/2, Determine Complete HIV Kit",Determine,no_dosage,Test kit,100,1859,165451.0,89.0,0.89,"Alere Medical Co., Ltd.",True,840.0,0.0,231.96
2866,16084,116-ZA-T30,FPQ-14942,SCMS-259074,ASN-31070,South Africa,PMO - US,Direct Drop,DDP,Truck,2014-09-11,2015-03-09,2015-03-09,2015-03-09,2015-03-09,ARV,Adult,PHARMACY DIRECT,"Didanosine 250mg, delayed-release capsules, 30 Caps",Didanosine,Generic,250mg,Delayed-release capsules,30,1,11.02,11.02,0.37,"Aurobindo Unit III, India",False,63.0,0.0,0.01
2867,16085,122-HT-T30,FPQ-8635,SCMS-132180,ASN-13412,Haiti,PMO - US,Direct Drop,EXW,Air,2011-12-07,2011-12-30,2012-01-18,2012-01-18,2012-01-18,ANTM,Malaria,AMSTELFARMA B.V.,"Mefloquine 250mg (as hydrochloride), tablets, 100 Tabs",Mefloquine (as hydrochloride),Generic,250mg,Tablet,100,100,8905.0,89.05,0.89,"Medochemie Factory A, CY",True,1173.0,7019.07,12.48
2868,16097,109-TZ-T30,FPQ-3782,SCMS-47770,ASN-5364,Tanzania,PMO - US,Direct Drop,CIP,Air,2009-06-11,2009-06-29,2009-11-27,2009-11-27,2009-11-27,ARV,Adult,BRISTOL-MYERS SQUIBB,"Didanosine EC 250mg [Videx EC], delayed-release capsules, Blister 3 x 10 Caps",Didanosine EC,Videx EC,250mg,Delayed-release capsules - blister,30,18544,340096.96,18.34,0.61,"BMS Meymac, France",True,1478.0,1312.2,666.59
2869,16098,106-HT-T30,FPQ-15038,SCMS-262840,ASN-31820,Haiti,PMO - US,Direct Drop,EXW,Ocean,2014-10-22,2014-12-24,2015-07-03,2015-07-03,2015-07-13,ARV,Pediatric,MYLAN LABORATORIES LTD (FORMERLY MATRIX LABORATORIES),"Abacavir/Lamivudine 60/30mg, tablets, 60 Tabs",Abacavir/Lamivudine,Generic,60/30mg,Tablet - FDC,60,3300,13035.0,3.95,0.07,Mylan (formerly Matrix) Nashik,True,16350.0,16028.78,13.4
2870,16099,161-ZA-T30,FPQ-6262,SCMS-83790,ASN-10250,South Africa,PMO - US,Direct Drop,DDP,Ocean,2010-08-31,2010-09-24,2011-02-01,2011-05-03,2011-05-03,ARV,Pediatric,Aurobindo Pharma Limited,"Efavirenz 200mg, capsule, 90 Caps",Efavirenz,Generic,200mg,Capsule,90,1515,15119.7,9.98,0.11,"Aurobindo Unit III, India",True,201.0,4134.92,32.6
2871,16104,117-ET-T30,FPQ-6976,SCMS-98320,ASN-12361,Ethiopia,PMO - US,Direct Drop,EXW,Air,2011-01-13,2011-02-01,2011-10-31,2011-10-31,2011-10-31,ARV,Adult,Aurobindo Pharma Limited,"Didanosine 400mg, delayed-release capsules, 30 Caps",Didanosine,Generic,400mg,Delayed-release capsules,30,2225,44500.0,20.0,0.67,"Aurobindo Unit III, India",True,174.0,2052.97,73.42
2872,16173,109-TZ-T30,FPQ-7992,SCMS-117230,ASN-13952,Tanzania,PMO - US,Direct Drop,FCA,Air,2011-07-08,2011-08-04,2012-03-29,2012-03-29,2012-03-29,ARV,Pediatric,LAWRENCE LABORATORIES (SUBSIDIARY OF BRISTOL MYERS SQUIBB),"Didanosine 100mg [Videx],chewable tablets, 60 Tabs",Didanosine,Videx,100mg,Chewable/dispersible tablet,60,4132,52683.0,12.75,0.21,Bristol-Myers Squibb Anagni IT,True,1598.0,12689.71,86.93
2873,16186,108-VN-T30,FPQ-10811,SCMS-164660,ASN-18971,Vietnam,PMO - US,Direct Drop,EXW,Air,2012-10-15,2012-11-07,2013-05-16,2013-05-16,2013-05-16,ARV,Adult,STRIDES ARCOLAB LIMITED,"Lamivudine/Nevirapine/Zidovudine 150/200/300mg, tablets, 60 Tabs",Lamivudine/Nevirapine/Zidovudine,Generic,150/300/200mg,Tablet - FDC,60,21858,184044.36,8.42,0.14,"Strides, Bangalore, India.",True,2777.0,4461.72,227.66
2874,16213,102-BI-T30,FPQ-14594,SCMS-250100,ASN-28054,Burundi,PMO - US,Direct Drop,EXW,Air,2014-07-17,2014-08-05,2014-09-26,2014-09-26,2014-09-29,HRDT,HIV test,"CHEMBIO DIAGNOSTIC SYSTEMS, INC.","HIV 1/2, Stat-Pak Dipstick Assay Kit, 30 Tests","HIV 1/2, Stat-Pak Dipstick Assay Kit",Stat-Pak,no_dosage,Test kit,30,414,11426.4,27.6,0.92,Chembio Diagnostics Sys. Inc.,True,44.0,694.1,11.75
2875,16231,109-TZ-T30,FPQ-6936,SCMS-100632,ASN-10905,Tanzania,PMO - US,Direct Drop,EXW,Air,2010-12-27,2011-05-02,2011-07-14,2011-07-14,2011-07-14,HRDT,HIV test,"Standard Diagnostics, Inc.","HIV 1/2, Bioline 3.0 Kit, Lancets, Capillary pipets, Alcohol swabs included, 25 Tests","HIV 1/2, Bioline 3.0 Kit, Lancets, Capillary pipets, Alcohol swabs included",Bioline,no_dosage,Test kit,25,10000,200000.0,20.0,0.8,"Standard Diagnostics, Korea",True,3335.0,23616.68,330.0
2876,16232,106-HT-T30,FPQ-9066,SCMS-138580,ASN-14408,Haiti,PMO - US,Direct Drop,EXW,Air,2012-01-06,2012-02-24,2012-04-22,2012-04-22,2012-04-22,ARV,Pediatric,Aurobindo Pharma Limited,"Nevirapine 50mg, dispersible tablets (tablets for oral suspension), 30 Tabs",Nevirapine,Generic,50mg,Chewable/dispersible tablet,30,2894,3617.5,1.25,0.04,"Aurobindo Unit III, India",True,1486.0,12749.39,5.07
2877,16236,117-ET-T30,FPQ-14357,SCMS-244850,ASN-27243,Ethiopia,PMO - US,Direct Drop,EXW,Air,2014-06-03,2014-06-18,2014-07-29,2014-07-29,2014-08-14,HRDT,HIV test,"CHEMBIO DIAGNOSTIC SYSTEMS, INC.","HIV 1/2, Stat-Pak HIV, Kit, 20 Tests","HIV 1/2, Stat-Pak HIV, Kit",Stat-Pak,no_dosage,Test kit,20,679,22067.5,32.5,1.62,Chembio Diagnostics Sys. Inc.,True,195.0,2211.04,22.69
2878,16255,103-KE-T30,FPQ-10018,SCMS-149610,ASN-15367,Kenya,PMO - US,Direct Drop,EXW,Air,2012-06-05,2012-06-14,2012-07-09,2012-07-09,2012-07-09,HRDT,HIV test,"Orgenics, Ltd","HIV 1/2, Determine Complete HIV Kit, 100 Tests","HIV 1/2, Determine Complete HIV Kit",Determine,no_dosage,Test kit,100,7999,711911.0,89.0,0.89,"Alere Medical Co., Ltd.",True,1378.0,14842.19,998.1
2879,16277,117-ET-T30,FPQ-9096,SCMS-133330,ASN-14559,Ethiopia,PMO - US,Direct Drop,EXW,Air,2012-01-05,2012-01-23,2012-04-25,2012-04-25,2012-04-25,HRDT,HIV test,"Trinity Biotech, Plc","HIV 1/2, Uni-Gold HIV Kit, 20 Tests","HIV 1/2, Uni-Gold HIV Kit",Uni-Gold,no_dosage,Test kit,20,26,832.0,32.0,1.6,"Trinity Biotech, Plc",True,17.0,334.65,1.17
2880,16291,105-DO-T30,FPQ-7858,SCMS-117400,ASN-12550,Dominican Republic,PMO - US,Direct Drop,EXW,Air,2011-06-21,2011-08-04,2011-10-27,2011-10-27,2011-10-27,HRDT,HIV test,"Orgenics, Ltd","HIV 1/2, Determine Complete HIV Kit, 100 Tests","HIV 1/2, Determine Complete HIV Kit",Determine,no_dosage,Test kit,100,2772,255024.0,92.0,0.92,Inverness Japan,True,394.0,3026.24,420.79
2881,16379,116-ZA-T30,FPQ-14942,SCMS-259077,ASN-33478,South Africa,PMO - US,Direct Drop,DDP,Truck,2014-09-11,2014-10-09,2015-07-24,2015-07-24,2015-07-24,ARV,Adult,PHARMACY DIRECT,"Etravirine 100mg [Intelence], tablets, 120 Tabs",Etravirine,Intelence,100mg,Tablet,120,27,742.84,27.51,0.23,"Janssen-Cilag, Latina, IT",True,5.0,0.0,0.76
2882,16391,105-SS-T30,FPQ-15569,SCMS-272170,ASN-32107,South Sudan,PMO - US,Direct Drop,EXW,Air,2014-12-29,2015-02-20,2015-07-02,2015-07-07,2015-07-07,HRDT,HIV test,"Orgenics, Ltd","HIV 1/2, Determine Complete HIV Kit, 100 Tests","HIV 1/2, Determine Complete HIV Kit",Determine,no_dosage,Test kit,100,100,8900.0,89.0,0.89,"Alere Medical Co., Ltd.",True,34.0,2575.925,10.48
2883,16398,107-RW-T30,FPQ-6341,SCMS-84930,ASN-12601,Rwanda,PMO - US,Direct Drop,EXW,Ocean,2010-09-03,2010-09-27,2011-12-13,2011-12-13,2011-12-13,ARV,Adult,CIPLA LIMITED,"Lopinavir/Ritonavir 200/50mg, tablets, 120 Tabs",Lopinavir/Ritonavir,Generic,200/50mg,Tablet,120,23240,776216.0,33.4,0.28,Cipla Ltd A-42 MIDC Mahar. IN,True,6853.0,81246.12,1673.52
2884,16462,116-ZA-T30,FPQ-13973,SCMS-238552,ASN-27609,South Africa,PMO - US,Direct Drop,DDP,Truck,2014-04-30,2014-08-05,2014-08-05,2014-08-05,2014-08-05,ARV,Adult,PHARMACY DIRECT,"Darunavir 300mg [Prezista], tablets, 120 Tabs",Darunavir,Prezista,300mg,Tablet,120,36,2509.54,69.71,0.58,"Janssen-Cilag, Latina, IT",True,22.0,0.0,2.58
2885,16473,109-TZ-T30,FPQ-6936,SCMS-100631,ASN-10904,Tanzania,PMO - US,Direct Drop,EXW,Air,2010-12-27,2011-05-02,2011-07-14,2011-07-14,2011-07-14,HRDT,HIV test,"Standard Diagnostics, Inc.","HIV 1/2, Bioline 3.0 Kit, Lancets, Capillary pipets, Alcohol swabs included, 25 Tests","HIV 1/2, Bioline 3.0 Kit, Lancets, Capillary pipets, Alcohol swabs included",Bioline,no_dosage,Test kit,25,10000,200000.0,20.0,0.8,"Standard Diagnostics, Korea",True,3335.0,23650.43,330.0
2886,16496,109-TZ-T30,FPQ-13418,SCMS-219200,ASN-24662,Tanzania,PMO - US,Direct Drop,EXW,Air,2013-12-13,2013-12-27,2014-04-25,2014-04-25,2014-04-25,ARV,Adult,HETERO LABS LIMITED,"Zidovudine 300mg, tablets, 60 Tabs",Zidovudine,Generic,300mg,Tablet,60,63200,347600.0,5.5,0.09,Hetero Unit III Hyderabad IN,True,4007.0,23397.41,357.33
2887,16504,161-ZA-T30,FPQ-7175,SCMS-104100,ASN-13291,South Africa,PMO - US,Direct Drop,DDP,Ocean,2011-03-10,2011-03-28,2012-01-12,2012-01-27,2012-01-27,ARV,Adult,CIPLA LIMITED,"Nevirapine 200mg, tablets, 60 Tabs",Nevirapine,Generic,200mg,Tablet,60,37870,103006.4,2.72,0.05,"Cipla, Goa, India",True,4121.0,4957.81,169.96
2888,16513,106-HT-T30,FPQ-12590,SCMS-210541,ASN-24373,Haiti,PMO - US,Direct Drop,EXW,Ocean,2013-08-21,2014-02-03,2014-05-09,2014-05-09,2014-05-12,ARV,Pediatric,MYLAN LABORATORIES LTD (FORMERLY MATRIX LABORATORIES),"Lamivudine/Nevirapine/Zidovudine 30/50/60mg, dispersible tablets, 60 Tabs",Lamivudine/Nevirapine/Zidovudine,Generic,30/50/60mg,Chewable/dispersible tablet - FDC,60,889,3200.4,3.6,0.06,Mylan (formerly Matrix) Nashik,True,94.0,2350.55,3.96
2889,16553,116-ZA-T30,FPQ-4359,SCMS-54980,ASN-5373,South Africa,PMO - US,Direct Drop,DDP,Truck,2009-10-08,2009-10-15,2009-10-19,2009-10-19,2009-10-19,ARV,Pediatric,S. BUYS WHOLESALER,"Nevirapine 10mg/ml [Viramune], oral suspension, Bottle, 240 ml",Nevirapine,Viramune,10mg/ml,Oral suspension,240,220,3442.16,15.65,0.07,Boehringer Ingelheim Roxane US,False,31.0,0.0,6.75
2890,16556,107-RW-T30,FPQ-8741,SCMS-129500,ASN-15286,Rwanda,PMO - US,Direct Drop,EXW,Air,2011-11-30,2012-03-14,2012-06-29,2012-06-29,2012-06-29,ARV,Adult,CIPLA LIMITED,"Lopinavir/Ritonavir 200/50mg, tablets, 120 Tabs",Lopinavir/Ritonavir,Generic,200/50mg,Tablet,120,2074,74746.96,36.04,0.3,Cipla Ltd A-42 MIDC Mahar. IN,True,627.0,6072.8,104.8
2891,16619,110-ZM-T30,FPQ-13084,SCMS-211070,ASN-23340,Zambia,PMO - US,Direct Drop,EXW,Air,2013-10-11,2013-10-21,2013-12-23,2013-12-23,2014-04-09,ARV,Adult,Aurobindo Pharma Limited,"Lamivudine 150mg, tablets, 60 Tabs",Lamivudine,Generic,150mg,Tablet,60,20000,43000.0,2.15,0.04,"Aurobindo Unit III, India",True,1044.0,5145.69,44.2
2892,16656,108-VN-T30,FPQ-13034,SCMS-210020,ASN-24764,Vietnam,PMO - US,Direct Drop,FCA,Air,2013-10-04,2013-10-10,2014-04-04,2014-04-04,2014-04-05,ARV,Adult,ABBVIE LOGISTICS (FORMERLY ABBOTT LOGISTICS BV),"Lopinavir/Ritonavir 200/50mg [Aluvia], tablets, 120 Tabs",Lopinavir/Ritonavir,Aluvia,200/50mg,Tablet,120,1969,119754.58,60.82,0.51,ABBVIE Ludwigshafen Germany,True,484.0,1565.1,148.14
2893,16693,102-KE-T30,FPQ-7056,SCMS-98350,ASN-10471,Kenya,PMO - US,Direct Drop,FCA,Air,2011-01-19,2011-02-03,2011-05-17,2011-05-17,2011-05-17,HRDT,HIV test,"Orgenics, Ltd","HIV 1/2, Determine Complete HIV Kit, 100 Tests","HIV 1/2, Determine Complete HIV Kit",Determine,no_dosage,Test kit,100,12315,1096035.0,89.0,0.89,Inverness Japan,True,3637.0,38452.73,1808.46
2894,16707,102-KE-T30,FPQ-4591,SCMS-58382,ASN-7490,Kenya,PMO - US,Direct Drop,EXW,Air,2009-11-18,2010-05-27,2010-07-29,2010-07-29,2010-07-29,HRDT,HIV test,"Orgenics, Ltd","HIV 1/2, Determine Complete HIV Kit, 100 Tests","HIV 1/2, Determine Complete HIV Kit",Determine,no_dosage,Test kit,100,8442,675360.0,80.0,0.8,Inverness Japan,True,1454.0,13343.23,1456.08
2895,16708,110-ZM-T30,FPQ-11979,SCMS-188801,ASN-21568,Zambia,PMO - US,Direct Drop,EXW,Air,2013-04-19,2013-07-10,2013-10-17,2013-10-17,2013-11-06,ARV,Adult,Aurobindo Pharma Limited,"Emtricitabine/Tenofovir Disoproxil Fumarate 200/300mg, tablets, 30 Tabs",Emtricitabine/Tenofovir Disoproxil Fumarate,Generic,200/300mg,Tablet - FDC,30,11811,69684.9,5.9,0.2,"Aurobindo Unit III, India",True,1184.0,5904.94,86.2
2896,16725,108-VN-T30,FPQ-9577,SCMS-145520,ASN-15795,Vietnam,PMO - US,Direct Drop,EXW,Air,2012-04-11,2012-06-12,2012-08-22,2012-08-22,2012-08-22,ARV,Pediatric,Aurobindo Pharma Limited,"Efavirenz 50mg, capsule, 30 Caps",Efavirenz,Generic,50mg,Capsule,30,3000,6720.0,2.24,0.07,"Aurobindo Unit III, India",True,436.0,1238.16,9.42
2897,16766,107-RW-T30,FPQ-3859,SCMS-48840,ASN-5452,Rwanda,PMO - US,Direct Drop,CIP,Air,2009-06-30,2009-07-16,2009-11-23,2009-11-23,2009-11-23,ARV,Adult,HETERO LABS LIMITED,"Nevirapine 200mg, tablets, 60 Tabs",Nevirapine,Generic,200mg,Tablet,60,29925,92468.25,3.09,0.05,Hetero Unit III Hyderabad IN,True,1041.0,730.82,181.24
2898,16784,108-VN-T30,FPQ-11417,SCMS-174390,ASN-18903,Vietnam,PMO - US,Direct Drop,EXW,Air,2013-01-10,2013-01-22,2013-04-25,2013-04-25,2013-04-25,ARV,Adult,HETERO LABS LIMITED,"Tenofovir Disoproxil Fumarate 300mg, tablets, 30 Tabs",Tenofovir Disoproxil Fumarate,Generic,300mg,Tablet,30,34640,122972.0,3.55,0.12,Hetero Unit III Hyderabad IN,True,2804.0,9759.55,152.12
2899,16794,107-RW-T30,FPQ-13651,SCMS-227720,ASN-25267,Rwanda,PMO - US,Direct Drop,EXW,Air,2014-02-05,2014-02-28,2014-05-06,2014-05-06,2014-05-15,ARV,Pediatric,Aurobindo Pharma Limited,"Nevirapine 10mg/ml, oral suspension w/syringe, Bottle, 240 ml",Nevirapine,Generic,10mg/ml,Oral suspension,240,9690,14631.9,1.51,0.01,"Aurobindo Unit III, India",True,3790.0,66260.33,15.04
2900,16805,114-UG-T30,FPQ-11098,SCMS-171670,ASN-17984,Uganda,PMO - US,Direct Drop,EXW,Air,2012-12-13,2013-01-02,2013-02-20,2013-02-20,2013-02-20,HRDT,HIV test,"CHEMBIO DIAGNOSTIC SYSTEMS, INC.","HIV 1/2, Stat-Pak Dipstick Assay Kit, 30 Tests","HIV 1/2, Stat-Pak Dipstick Assay Kit",Stat-Pak,no_dosage,Test kit,30,1458,40240.8,27.6,0.92,Chembio Diagnostics Sys. Inc.,True,158.0,3824.96,49.78
2901,16828,108-VN-T30,FPQ-4720,SCMS-62460,ASN-6355,Vietnam,PMO - US,Direct Drop,EXW,Air,2009-01-04,2010-01-12,2010-03-29,2010-03-29,2010-03-29,ARV,Adult,MYLAN LABORATORIES LTD (FORMERLY MATRIX LABORATORIES),"Abacavir 300mg, tablets, 60 Tabs",Abacavir,Generic,300mg,Tablet,60,100,1750.0,17.5,0.29,Mylan (formerly Matrix) Nashik,True,2128.0,7784.92,3.77
2902,16848,104-CI-T30,FPQ-13125,SCMS-215051,ASN-24722,Côte d'Ivoire,PMO - US,Direct Drop,EXW,Air,2013-10-25,2013-12-04,2014-03-14,2014-03-14,2014-03-20,HRDT,HIV test,"Orgenics, Ltd","HIV 1/2, Determine Complete HIV Kit, 100 Tests","HIV 1/2, Determine Complete HIV Kit",Determine,no_dosage,Test kit,100,5900,472000.0,80.0,0.8,"Alere Medical Co., Ltd.",True,2393.0,33029.82,485.22
2903,16881,106-HT-T30,FPQ-14083,SCMS-240191,ASN-27659,Haiti,PMO - US,Direct Drop,EXW,Ocean,2014-05-11,2014-06-26,2014-10-28,2014-10-28,2014-11-19,ARV,Pediatric,Aurobindo Pharma Limited,"Zidovudine 10mg/ml, oral solution, Bottle, 240 ml",Zidovudine,Generic,10mg/ml,Oral solution,240,2040,4080.0,2.0,0.01,"Aurobindo Unit III, India",True,564.5,7785.125,4.19
2904,16901,108-VN-T30,FPQ-8428,SCMS-123600,ASN-13410,Vietnam,PMO - US,Direct Drop,EXW,Air,2011-09-21,2011-10-04,2012-02-18,2012-02-18,2012-02-18,ARV,Adult,Aurobindo Pharma Limited,"Abacavir 300mg, tablets, 60 Tabs",Abacavir,Generic,300mg,Tablet,60,112,1618.4,14.45,0.24,"Aurobindo Unit III, India",True,1701.0,4288.83,2.67
2905,16921,108-VN-T30,FPQ-4720,SCMS-62460,ASN-6355,Vietnam,PMO - US,Direct Drop,EXW,Air,2009-01-04,2010-01-12,2010-03-29,2010-03-29,2010-03-29,ARV,Adult,MYLAN LABORATORIES LTD (FORMERLY MATRIX LABORATORIES),"Efavirenz 600mg, tablets, 30 Tabs",Efavirenz,Generic,600mg,Tablet,30,11592,52048.08,4.49,0.15,Mylan (formerly Matrix) Nashik,False,668.5,4400.805,112.22
2906,16923,151-NG-T30,FPQ-9436,SCMS-141660,ASN-16315,Nigeria,PMO - US,Direct Drop,EXW,Air,2012-03-09,2012-04-16,2012-10-20,2012-10-20,2012-10-20,ARV,Adult,MYLAN LABORATORIES LTD (FORMERLY MATRIX LABORATORIES),"Atazanavir/Ritonavir 300/100mg, tablets, 30 Tabs",Atazanavir/Ritonavir,Generic,300/100mg,Tablet,30,10150,228375.0,22.5,0.75,Mylan (formerly Matrix) Nashik,True,1360.0,7665.38,320.18
2907,16926,116-ZA-T30,FPQ-15269,SCMS-267020,ASN-29764,South Africa,PMO - US,Direct Drop,DDP,Truck,2014-10-29,2014-12-10,2014-12-10,2014-12-10,2014-12-10,ARV,Adult,S. BUYS WHOLESALER,"Nevirapine 200mg, tablets, 60 Tabs",Nevirapine,Generic,200mg,Tablet,60,143,2313.12,16.18,0.27,"Cipla, Goa, India",True,14.0,0.0,2.72
2908,16967,108-VN-T30,FPQ-12539,SCMS-199710,ASN-23182,Vietnam,PMO - US,Direct Drop,FCA,Air,2013-07-11,2013-07-30,2014-01-08,2014-01-08,2014-01-08,ARV,Adult,ABBVIE LOGISTICS (FORMERLY ABBOTT LOGISTICS BV),"Ritonavir 100mg [Norvir], film coated tablets, 30 Tabs",Ritonavir,Norvir,100mg,Tablet,30,319,7419.94,23.26,0.78,ABBVIE Ludwigshafen Germany,True,1736.0,5265.22,9.18
2909,16998,109-TZ-T30,FPQ-5900,SCMS-76980,ASN-7444,Tanzania,PMO - US,Direct Drop,EXW,Air,2010-06-21,2010-06-24,2010-08-07,2010-08-09,2010-08-09,ARV,Adult,Aurobindo Pharma Limited,"Nevirapine 200mg, tablets, 60 Tabs",Nevirapine,Generic,200mg,Tablet,60,28663,74523.8,2.6,0.04,"Aurobindo Unit III, India",True,3380.0,17603.58,160.67
2910,17003,111-MZ-T30,FPQ-13134,SCMS-215580,ASN-24545,Mozambique,PMO - US,Direct Drop,FCA,Air,2013-11-12,2013-11-26,2014-03-07,2014-03-07,2014-03-15,ARV,Adult,ABBVIE LOGISTICS (FORMERLY ABBOTT LOGISTICS BV),"Ritonavir 100mg [Norvir], film coated tablets, 60 Tabs",Ritonavir,Norvir,100mg,Tablet,60,120,822.0,6.85,0.11,ABBVIE Ludwigshafen Germany,True,22.0,828.76,0.85
2911,17065,104-CI-T30,FPQ-9394,SCMS-141410,ASN-15046,Côte d'Ivoire,PMO - US,Direct Drop,EXW,Air,2012-02-28,2012-03-21,2012-06-05,2012-06-05,2012-06-05,HRDT,HIV test,"CHEMBIO DIAGNOSTIC SYSTEMS, INC.","HIV 1/2, Stat-Pak HIV, Kit, 20 Tests","HIV 1/2, Stat-Pak HIV, Kit",Stat-Pak,no_dosage,Test kit,20,2371,68759.0,29.0,1.45,Chembio Diagnostics Sys. Inc.,True,939.0,8695.18,96.4
2912,17096,110-ZM-T30,FPQ-14130,SCMS-239730,ASN-30244,Zambia,PMO - US,Direct Drop,EXW,Air,2014-04-22,2014-05-19,2015-05-05,2015-05-12,2015-05-14,HRDT,HIV test,"Orgenics, Ltd","HIV 1/2, Determine Complete HIV Kit, 100 Tests","HIV 1/2, Determine Complete HIV Kit",Determine,no_dosage,Test kit,100,2863,229040.0,80.0,0.8,"Alere Medical Co., Ltd.",True,1159.0,15174.53,235.45
2913,17124,104-CI-T30,FPQ-4530,SCMS-57730,ASN-6229,Côte d'Ivoire,PMO - US,Direct Drop,FCA,Air,2009-11-05,2009-11-23,2010-03-05,2010-03-05,2010-03-05,ARV,Adult,Hoffmann-La Roche ltd Basel,"Saquinavir 500mg [Invirase], tablets, 120 Tabs",Saquinavir,Invirase,500mg,Tablet,120,1500,149780.99,99.85,0.83,Roche Basel,True,271.0,2527.94,322.93
2914,17129,108-VN-T30,FPQ-12187,SCMS-188500,ASN-21817,Vietnam,PMO - US,Direct Drop,EXW,Air,2013-05-03,2013-05-10,2013-10-23,2013-10-23,2013-10-24,ARV,Adult,MYLAN LABORATORIES LTD (FORMERLY MATRIX LABORATORIES),"Efavirenz/Lamivudine/Tenofovir Disoproxil Fumarate 600/300/300mg, tablets, 30 Tabs",Efavirenz/Lamivudine/Tenofovir Disoproxil Fumarate,Generic,600/300/300mg,Tablet - FDC,30,84000,965160.0,11.49,0.38,Mylan (formerly Matrix) Nashik,True,9479.0,14402.92,1193.9
2915,17135,109-TZ-T30,FPQ-12197,SCMS-189360,ASN-21230,Tanzania,PMO - US,Direct Drop,EXW,Air,2013-04-30,2013-05-29,2013-09-17,2013-09-13,2013-09-13,HRDT,HIV test,"Standard Diagnostics, Inc.","HIV 1/2, Determine Complete HIV Kit, 100 Tests","HIV 1/2, Determine Complete HIV Kit",Determine,no_dosage,Test kit,100,3053,0.0,0.0,0.0,"Alere Medical Co., Ltd.",True,1265.0,21384.75,0.0
2916,17145,110-PK-T30,FPQ-9019,SCMS-132510,ASN-13948,Pakistan,PMO - US,Direct Drop,EXW,Air,2011-12-27,2012-01-17,2012-06-29,2012-06-29,2012-06-29,HRDT,HIV test,"Orgenics, Ltd","HIV 1/2, Determine Complete HIV Kit, 100 Tests","HIV 1/2, Determine Complete HIV Kit",Determine,no_dosage,Test kit,100,2352,188160.0,80.0,0.8,"Alere Medical Co., Ltd.",True,1117.0,14959.83,263.8
2917,17200,106-HT-T30,FPQ-12538,SCMS-198140,ASN-21069,Haiti,PMO - US,Direct Drop,EXW,Air,2013-06-25,2013-07-22,2013-08-30,2013-08-30,2013-08-30,ARV,Adult,MYLAN LABORATORIES LTD (FORMERLY MATRIX LABORATORIES),"Atazanavir/Ritonavir 300/100mg, tablets, 30 Tabs",Atazanavir/Ritonavir,Generic,300/100mg,Tablet,30,5000,100000.0,20.0,0.67,Mylan (formerly Matrix) Nashik,True,670.0,4909.72,123.7
2918,17207,107-RW-T30,FPQ-3859,SCMS-49090,ASN-7249,Rwanda,PMO - US,Direct Drop,CIP,Air,2009-06-30,2009-07-16,2010-07-01,2010-07-01,2010-07-01,ARV,Adult,HETERO LABS LIMITED,"Nevirapine 200mg, tablets, 60 Tabs",Nevirapine,Generic,200mg,Tablet,60,66825,206489.25,3.09,0.05,Hetero Unit III Hyderabad IN,True,3845.0,20194.78,404.72
2919,17219,152-HT-T30,FPQ-7458,SCMS-106770,ASN-11664,Haiti,PMO - US,Direct Drop,DDU,Air,2011-03-29,2011-04-28,2011-07-25,2011-07-25,2011-07-25,HRDT,HIV test,REINBOLD EXPORT IMPORT,"HIV 1/2, Determine Complete HIV Kit, 100 Tests","HIV 1/2, Determine Complete HIV Kit",Determine,no_dosage,Test kit,100,27,3375.0,125.0,1.25,Inverness Japan,True,10.0,0.0,5.57
2920,17228,108-VN-T30,FPQ-4265,SCMS-56300,ASN-6250,Vietnam,PMO - US,Direct Drop,EXW,Air,2009-10-20,2009-11-03,2010-03-20,2010-03-20,2010-03-20,ARV,Adult,MYLAN LABORATORIES LTD (FORMERLY MATRIX LABORATORIES),"Zidovudine 300mg, tablets, 60 Tabs",Zidovudine,Generic,300mg,Tablet,60,336,2520.0,7.5,0.12,Mylan (formerly Matrix) Nashik,True,120.0,9013.85,4.94
2921,17242,161-ZA-T30,FPQ-6708,SCMS-93550,ASN-10573,South Africa,PMO - US,Direct Drop,DDP,Ocean,2010-11-26,2010-12-14,2011-06-13,2011-06-13,2011-06-13,ARV,Adult,Aurobindo Pharma Limited,"Tenofovir Disoproxil Fumarate 300mg, tablets, 30 Tabs",Tenofovir Disoproxil Fumarate,Generic,300mg,Tablet,30,43280,287812.0,6.65,0.22,"Aurobindo Unit III, India",True,4040.0,6121.42,474.89
2922,17245,101-CD-T30,FPQ-13548,SCMS-224840,ASN-24721,"Congo, DRC",PMO - US,Direct Drop,EXW,Air,2014-01-22,2014-01-28,2014-04-04,2014-04-04,2014-04-28,HRDT,HIV test,"Trinity Biotech, Plc","HIV 1/2, Uni-Gold HIV Kit, 20 Tests","HIV 1/2, Uni-Gold HIV Kit",Uni-Gold,no_dosage,Test kit,20,27,864.0,32.0,1.6,"Trinity Biotech, Plc",False,10.0,2346.5699999999997,0.89
2923,17247,110-ZM-T30,FPQ-7439,SCMS-106740,ASN-11398,Zambia,PMO - US,Direct Drop,EXW,Air,2011-04-01,2011-04-21,2011-07-22,2011-07-22,2011-07-22,HRDT,HIV test,"Orgenics, Ltd","HIV 1/2, Determine Complete HIV Kit, 100 Tests","HIV 1/2, Determine Complete HIV Kit",Determine,no_dosage,Test kit,100,2751,220080.0,80.0,0.8,Inverness Japan,True,1061.0,23722.96,363.13
2924,17259,109-TZ-T30,FPQ-6795,SCMS-103290,ASN-10811,Tanzania,PMO - US,Direct Drop,FCA,Air,2011-01-27,2011-04-14,2011-06-27,2011-06-27,2011-06-27,ARV,Adult,LAWRENCE LABORATORIES (SUBSIDIARY OF BRISTOL MYERS SQUIBB),"Didanosine EC 250mg [Videx EC], delayed-release capsules, Blister 3 x 10 Caps",Didanosine EC,Videx EC,250mg,Delayed-release capsules - blister,30,2098,38477.32,18.34,0.61,Bristol-Myers Squibb Anagni IT,True,140.0,1870.73,63.49
2925,17348,116-ZA-T30,FPQ-5535,SCMS-71370,ASN-7373,South Africa,PMO - US,Direct Drop,DDP,Truck,2010-04-19,2010-04-21,2010-05-31,2010-05-31,2010-05-31,ARV,Pediatric,S. BUYS WHOLESALER,"Efavirenz 50mg, capsule, 30 Caps",Efavirenz,Generic,50mg,Capsule,30,300,1046.28,3.49,0.12,"Aurobindo Unit III, India",True,42.0,0.0,2.26
2926,17349,107-RW-T30,FPQ-12518,SCMS-198222,ASN-24720,Rwanda,PMO - US,Direct Drop,EXW,Air,2013-06-21,2013-08-12,2014-03-27,2014-03-27,2014-03-27,HRDT,HIV test,"SHANGHAI KEHUA BIOENGINEERING CO.,LTD.  (KHB)","HIV 1/2, SKB Colloidal Gold, Diagnostic Kit, Antibody, 50 Tests","HIV 1/2, Colloidal Gold, Diagnostic Kit, Antibody",Colloidal Gold,no_dosage,Test kit,1,2072,50764.0,24.5,24.5,"KHB Test Kit Facility, Shanghai China",True,1383.0,18323.97,62.8
2927,17359,116-ZA-T30,FPQ-14942,SCMS-259075,ASN-32138,South Africa,PMO - US,Direct Drop,DDP,Truck,2014-09-11,2015-05-11,2015-05-12,2015-05-12,2015-05-12,ARV,Adult,PHARMACY DIRECT,"Saquinavir 200mg [Invirase], capsules, 270 Caps",Saquinavir,Invirase,200mg,Capsule,270,3,166.54,55.51,0.21,Roche Madrid,True,1.0,0.0,0.17
2928,17373,111-MZ-T30,FPQ-4740,SCMS-62340,ASN-7341,Mozambique,PMO - US,Direct Drop,CIP,Air,2009-12-23,2010-01-29,2010-06-23,2010-06-23,2010-06-23,ARV,Adult,INTERNATIONAL HEALTHCARE DISTRIBUTORS,"Ritonavir 100mg [Norvir], capsules, cool, 84 Caps",Ritonavir,Norvir,100mg,Capsule,84,320,3312.0,10.35,0.12,ABBVIE (Abbott) Logis. UK,True,122.0,0.0,7.14
2929,17447,104-CI-T30,FPQ-12714,SCMS-204990,ASN-22828,Côte d'Ivoire,PMO - US,Direct Drop,FCA,Air,2013-07-30,2013-09-02,2013-11-29,2013-11-29,2013-12-02,ARV,Pediatric,ABBVIE LOGISTICS (FORMERLY ABBOTT LOGISTICS BV),"Lopinavir/Ritonavir 100/25mg [Aluvia], tablets, 60 Tabs",Lopinavir/Ritonavir,Generic,100/25mg,Tablet,60,7850,46629.0,5.94,0.1,ABBVIE Ludwigshafen Germany,True,909.0,6020.53,57.68
2930,17501,108-VN-T30,FPQ-12051,SCMS-188700,ASN-21668,Vietnam,PMO - US,Direct Drop,EXW,Air,2013-05-03,2013-05-15,2013-09-25,2013-09-25,2013-09-25,ARV,Adult,HETERO LABS LIMITED,"Abacavir 300mg, tablets, 60 Tabs",Abacavir,Generic,300mg,Tablet,60,771,9444.75,12.25,0.2,Hetero Unit III Hyderabad IN,True,136.0,678.96,11.68
2931,17600,109-TZ-T30,FPQ-13945,SCMS-235370,ASN-26443,Tanzania,PMO - US,Direct Drop,EXW,Air,2014-03-27,2014-05-06,2014-08-08,2014-08-08,2014-09-29,HRDT,HIV test,"Trinity Biotech, Plc","HIV 1/2, Uni-Gold HIV Kit, 20 Tests","HIV 1/2, Uni-Gold HIV Kit",Uni-Gold,no_dosage,Test kit,20,336,10752.0,32.0,1.6,"Trinity Biotech, Plc",True,101.0,1428.13,11.05
2932,17640,111-MZ-T30,FPQ-10880,SCMS-164000,ASN-18533,Mozambique,PMO - US,Direct Drop,EXW,Air,2012-10-18,2012-11-06,2013-03-20,2013-03-20,2013-03-20,HRDT,HIV test,"Orgenics, Ltd","HIV 1/2, Determine Complete HIV Kit, 100 Tests","HIV 1/2, Determine Complete HIV Kit",Determine,no_dosage,Test kit,100,1832,146560.0,80.0,0.8,"Alere Medical Co., Ltd.",True,829.0,8680.27,181.29
2933,17648,161-ZA-T30,FPQ-6262,SCMS-83770,ASN-9941,South Africa,PMO - US,Direct Drop,DDP,Ocean,2010-08-31,2010-09-24,2011-04-26,2011-04-26,2011-04-26,ARV,Adult,Aurobindo Pharma Limited,"Lamivudine 150mg, tablets, 60 Tabs",Lamivudine,Generic,150mg,Tablet,60,152535,361507.95,2.37,0.04,"Aurobindo Unit III, India",True,7698.0,11372.23,779.41
2934,17660,116-ZA-T30,FPQ-14942,SCMS-259078,ASN-33470,South Africa,PMO - US,Direct Drop,DDP,Truck,2014-09-11,2014-10-09,2015-07-24,2015-07-24,2015-07-24,ARV,Adult,PHARMACY DIRECT,"Emtricitabine/Tenofovir Disoproxil Fumarate 200/300mg, tablets, 30 Tabs",Emtricitabine/Tenofovir Disoproxil Fumarate,Generic,200/300mg,Tablet - FDC,30,12,281.25,23.44,0.78,"Aurobindo Unit III, India",True,48.0,0.0,0.29
2935,17697,108-VN-T30,FPQ-6384,SCMS-87770,ASN-9407,Vietnam,PMO - US,Direct Drop,EXW,Air,2010-09-30,2010-10-18,2011-02-09,2011-02-09,2011-02-09,ARV,Adult,HETERO LABS LIMITED,"Lamivudine/Nevirapine/Stavudine 150/200/30mg, tablets, 60 Tabs",Lamivudine/Nevirapine/Stavudine,Generic,150/200/30mg,Tablet - FDC,60,19760,94848.0,4.8,0.08,Hetero Unit III Hyderabad IN,True,3998.0,12974.12,204.49
2936,17701,102-ML-T30,FPQ-10104,SCMS-153770,ASN-15931,Mali,PMO - US,Direct Drop,EXW,Air,2012-07-05,2012-07-31,2012-09-11,2012-09-11,2012-09-11,HRDT,HIV test,Orasure Technologies Inc.,"HIV 1/2, OraQuick Advance HIV Rapid Antibody Kit, 100 Tests","HIV 1/2, OraQuick Advance HIV Rapid Antibody Kit",OraQuick,no_dosage,Test kit,100,5,2000.0,400.0,4.0,"Pacific Biotech, Thailand",True,12.0,1840.97,2.8
2937,17717,105-GY-T30,FPQ-15696,SCMS-276200,ASN-31730,Guyana,PMO - US,Direct Drop,EXW,Air,2015-01-02,2015-02-12,2015-06-16,2015-06-16,2015-06-24,ARV,Adult,HETERO LABS LIMITED,"Emtricitabine/Tenofovir Disoproxil Fumarate 200/300mg, tablets, 30 Tabs",Emtricitabine/Tenofovir Disoproxil Fumarate,Generic,200/300mg,Tablet - FDC,30,3715,20766.85,5.59,0.19,Hetero Unit III Hyderabad IN,True,385.0,3248.6,24.44
2938,17764,116-ZA-T30,FPQ-12522,SCMS-199283,ASN-27978,South Africa,PMO - US,Direct Drop,DDP,Truck,2013-07-11,2014-08-27,2014-08-27,2014-08-27,2014-08-27,ARV,Adult,S. BUYS WHOLESALER,"Lamivudine/Zidovudine 150/300mg, tablets, 60 Tabs",Lamivudine/Zidovudine,Generic,150/300mg,Tablet - FDC,60,46,1517.44,32.99,0.55,Hetero Unit III Hyderabad IN,False,3.0,0.0,1.88
2939,17796,110-ZM-T30,FPQ-14790,SCMS-253021,ASN-31639,Zambia,PMO - US,Direct Drop,FCA,Air,2014-08-13,2014-08-20,2015-06-09,2015-06-09,2015-06-09,ARV,Pediatric,ABBVIE LOGISTICS (FORMERLY ABBOTT LOGISTICS BV),"Lopinavir/Ritonavir 80/20mg/ml [Kaletra], oral solution, cool, Bottle 5 x 60 ml",Lopinavir/Ritonavir,Kaletra,80/20mg/ml,Oral solution,300,2266,69838.12,30.82,0.1,ABBVIE (Abbott) Logis. UK,True,2277.0,13894.08,71.79
2940,17800,106-HT-T30,FPQ-11286,SCMS-176290,ASN-19068,Haiti,PMO - US,Direct Drop,FCA,Air,2013-01-16,2013-02-05,2013-06-04,2013-06-04,2013-06-04,ARV,Pediatric,ABBVIE LOGISTICS (FORMERLY ABBOTT LOGISTICS BV),"Lopinavir/Ritonavir 80/20mg/ml [Kaletra], oral solution, cool, Bottle 5 x 60 ml",Lopinavir/Ritonavir,Kaletra,80/20mg/ml,Oral solution,300,100,3082.0,30.82,0.1,ABBVIE (Abbott) Logis. UK,True,164.0,2419.33,3.81
2941,17815,111-MZ-T30,FPQ-8116,SCMS-118360,ASN-12610,Mozambique,PMO - US,Direct Drop,EXW,Air,2011-08-04,2011-08-24,2011-12-12,2011-12-12,2011-12-12,HRDT,HIV test,"Orgenics, Ltd","HIV 1/2, Determine HIV Kit, without Lancets, 100 Tests","HIV 1/2, Determine HIV Kit, without Lancets",Determine,no_dosage,Test kit,100,7412,575912.4,77.7,0.78,Inverness Japan,True,2097.0,15891.96,950.26
2942,17825,133-NG-T30,FPQ-14305,SCMS-240830,ASN-27476,Nigeria,PMO - US,Direct Drop,EXW,Air,2014-05-16,2014-06-02,2014-08-19,2014-09-02,2014-09-17,HRDT,HIV test,"Orgenics, Ltd","HIV 1/2, Determine Complete HIV Kit, 100 Tests","HIV 1/2, Determine Complete HIV Kit",Determine,no_dosage,Test kit,100,4987,443843.0,89.0,0.89,"Alere Medical Co., Ltd.",True,2022.0,30257.97,456.27
2943,17831,102-SD-T30,FPQ-7321,SCMS-107790,ASN-11120,Sudan,PMO - US,Direct Drop,EXW,Air,2011-03-29,2011-05-02,2011-07-01,2011-07-01,2011-07-01,HRDT,HIV test,"Orgenics, Ltd","HIV 1/2, Determine Complete HIV Kit, 100 Tests","HIV 1/2, Determine Complete HIV Kit",Determine,no_dosage,Test kit,100,378,33642.0,89.0,0.89,Inverness Japan,True,180.0,4529.86,55.51
2944,17844,116-ZA-T30,FPQ-14942,SCMS-259075,ASN-32138,South Africa,PMO - US,Direct Drop,DDP,Truck,2014-09-11,2015-05-11,2015-05-12,2015-05-12,2015-05-12,ARV,Adult,PHARMACY DIRECT,"Didanosine 400mg, delayed-release capsules, 30 Caps",Didanosine,Generic,400mg,Delayed-release capsules,30,3,42.65,14.22,0.47,"Aurobindo Unit III, India",False,1.0,0.0,0.04
2945,17861,108-VN-T30,FPQ-4720,SCMS-62490,ASN-6190,Vietnam,PMO - US,Direct Drop,EXW,Air,2009-01-04,2010-01-12,2010-03-15,2010-03-15,2010-03-15,ARV,Adult,CIPLA LIMITED,"Lamivudine/Nevirapine/Stavudine 150/200/30mg, tablets, 60 Tabs",Lamivudine/Nevirapine/Stavudine,Generic,150/200/30mg,Tablet - FDC,60,19920,114340.8,5.74,0.1,"Cipla, Goa, India",True,1936.0,5314.56,246.52
2946,17865,116-ZA-T30,FPQ-12522,SCMS-199287,ASN-27750,South Africa,PMO - US,Direct Drop,DDP,Truck,2013-07-11,2014-08-13,2014-08-13,2014-08-13,2014-08-13,ARV,Pediatric,S. BUYS WHOLESALER,"Lopinavir/Ritonavir 80/20mg/ml [Kaletra], oral solution, cool, Bottle 5 x 60 ml",Lopinavir/Ritonavir,Kaletra,80/20mg/ml,Oral solution,300,2,46.9,23.45,0.08,ABBVIE (Abbott) Logis. UK,True,1.0,0.0,0.06
2947,17870,116-ZA-T30,FPQ-4054,SCMS-51251,ASN-5341,South Africa,PMO - US,Direct Drop,DDP,Truck,2009-07-29,2009-08-07,2009-10-07,2009-10-07,2009-10-07,ARV,Pediatric,S. BUYS WHOLESALER,"Stavudine 1mg/ml, powder for oral solution, 200 ml",Stavudine,Generic,1mg/ml,Oral solution,200,500,1303.53,2.61,0.01,"Aurobindo Unit III, India",True,83.0,0.0,2.55
2948,17900,901-NA-T30,FPQ-14689,SCMS-253440,ASN-29097,Namibia,PMO - US,Direct Drop,EXW,Air,2014-07-30,2014-08-29,2014-11-19,2014-11-19,2014-11-19,ARV,Adult,HETERO LABS LIMITED,"Lamivudine/Zidovudine 150/300mg, tablets, 60 Tabs",Lamivudine/Zidovudine,Generic,150/300mg,Tablet - FDC,60,26663,176242.43,6.61,0.11,"Hetero, Jadcherla, unit 5, IN",True,4233.0,26663.64,181.18
2949,17924,116-ZA-T30,FPQ-12522,SCMS-199283,ASN-27979,South Africa,PMO - US,Direct Drop,DDP,Truck,2013-07-11,2014-08-27,2014-08-27,2014-08-27,2014-08-27,ARV,Adult,S. BUYS WHOLESALER,"Efavirenz 600mg, tablets, 30 Tabs",Efavirenz,Generic,600mg,Tablet,30,143,2391.83,16.73,0.56,Hetero Unit III Hyderabad IN,False,14.0,0.0,2.96
2950,17944,161-ZA-T30,FPQ-5303,SCMS-68720,ASN-7538,South Africa,PMO - US,Direct Drop,DDP,Air,2010-03-18,2010-03-19,2010-07-19,2010-07-29,2010-07-29,ARV,Adult,CIPLA LIMITED,"Tenofovir Disoproxil Fumarate 300mg, tablets, 30 Tabs",Tenofovir Disoproxil Fumarate,Generic,300mg,Tablet,30,47625,372427.5,7.82,0.26,"Cipla, Goa, India",True,3243.0,1881.24,802.95
2951,17949,161-ZA-T30,FPQ-6262,SCMS-83770,ASN-10127,South Africa,PMO - US,Direct Drop,DDP,Ocean,2010-08-31,2010-09-24,2011-04-26,2011-04-26,2011-04-26,ARV,Adult,Aurobindo Pharma Limited,"Efavirenz 600mg, tablets, 30 Tabs",Efavirenz,Generic,600mg,Tablet,30,32280,146228.4,4.53,0.15,"Aurobindo Unit III, India",True,7017.0,11372.23,315.27
2952,18022,101-CD-T30,FPQ-16001,SCMS-280220,ASN-32231,"Congo, DRC",PMO - US,Direct Drop,EXW,Air,2015-03-10,2015-03-17,2015-07-23,2015-07-23,2015-07-29,HRDT,HIV test,"Orgenics, Ltd","HIV 1/2, Determine Complete HIV Kit, 100 Tests","HIV 1/2, Determine Complete HIV Kit",Determine,no_dosage,Test kit,100,137,10960.0,80.0,0.8,"Alere Medical Co., Ltd.",False,62.0,2346.5699999999997,12.9
2953,18053,161-ZA-T30,FPQ-5303,SCMS-68740,ASN-7725,South Africa,PMO - US,Direct Drop,DDP,Air,2010-03-18,2010-03-19,2010-09-01,2010-09-01,2010-09-01,ARV,Adult,CIPLA LIMITED,"Tenofovir Disoproxil Fumarate 300mg, tablets, 30 Tabs",Tenofovir Disoproxil Fumarate,Generic,300mg,Tablet,30,26991,211069.62,7.82,0.26,"Cipla, Goa, India",True,1842.0,5298.03,455.07
2954,18093,116-ZA-T30,FPQ-12522,SCMS-199289,ASN-28034,South Africa,PMO - US,Direct Drop,DDP,Truck,2013-07-11,2014-08-29,2014-08-29,2014-08-29,2014-08-29,ARV,Pediatric,S. BUYS WHOLESALER,"Lamivudine 10mg/ml, oral solution w/syringe, Bottle, 240 ml",Lamivudine,Generic,10mg/ml,Oral solution,240,29,228.8,7.89,0.03,"Aurobindo Unit III, India",True,5134.0,0.0,0.28
2955,18099,116-ZA-T30,FPQ-13973,SCMS-238553,ASN-28021,South Africa,PMO - US,Direct Drop,DDP,Truck,2014-04-30,2014-08-28,2014-08-28,2014-08-28,2014-08-28,ARV,Pediatric,PHARMACY DIRECT,"Efavirenz 50mg, capsule, 30 Caps",Efavirenz,Generic,50mg,Capsule,30,39,117.24,3.01,0.1,"Aurobindo Unit III, India",True,668.5,0.0,0.12
2956,18121,116-ZA-T30,FPQ-12522,SCMS-199289,ASN-28037,South Africa,PMO - US,Direct Drop,DDP,Truck,2013-07-11,2014-08-29,2014-08-29,2014-08-29,2014-08-29,ARV,Adult,S. BUYS WHOLESALER,"Tenofovir Disoproxil Fumarate 300mg, tablets, 30 Tabs",Tenofovir Disoproxil Fumarate,Generic,300mg,Tablet,30,206,4365.52,21.19,0.71,"Aurobindo Unit III, India",True,668.5,0.0,5.4
2957,18129,161-ZA-T30,FPQ-7175,SCMS-103490,ASN-11043,South Africa,PMO - US,Direct Drop,DDP,Ocean,2011-03-10,2011-03-24,2011-09-02,2011-09-02,2011-09-02,ARV,Pediatric,Aurobindo Pharma Limited,"Efavirenz 200mg, capsule, 90 Caps",Efavirenz,Generic,200mg,Capsule,90,25000,204250.0,8.17,0.09,"Aurobindo Unit III, India",True,3313.0,4689.6,337.01
2958,18155,102-SD-T30,FPQ-8261,SCMS-120460,ASN-12339,Sudan,PMO - US,Direct Drop,EXW,Air,2011-08-29,2011-09-07,2012-01-11,2012-01-11,2012-01-11,HRDT,HIV test,"Trinity Biotech, Plc","HIV 1/2, Uni-Gold HIV Kit, 20 Tests","HIV 1/2, Uni-Gold HIV Kit",Uni-Gold,no_dosage,Test kit,20,58,1856.0,32.0,1.6,"Trinity Biotech, Plc",True,19.0,594.51,3.06
2959,18182,116-ZA-T30,FPQ-14942,SCMS-259073,ASN-30671,South Africa,PMO - US,Direct Drop,DDP,Truck,2014-09-11,2015-02-12,2015-02-12,2015-02-12,2015-02-12,ARV,Adult,PHARMACY DIRECT,"Lamivudine/Zidovudine 150/300mg, tablets, 60 Tabs",Lamivudine/Zidovudine,Generic,150/300mg,Tablet - FDC,60,19,407.56,21.45,0.36,"Aurobindo Unit III, India",True,668.5,0.0,0.42
2960,18227,108-VN-T30,FPQ-7565,SCMS-108100,ASN-11579,Vietnam,PMO - US,Direct Drop,EXW,Air,2011-04-21,2011-05-02,2011-08-11,2011-08-11,2011-08-11,ARV,Adult,MYLAN LABORATORIES LTD (FORMERLY MATRIX LABORATORIES),"Nevirapine 200mg, tablets, 60 Tabs",Nevirapine,Generic,200mg,Tablet,60,25000,65000.0,2.6,0.04,Mylan (formerly Matrix) Nashik,True,3098.0,12745.06,107.25
2961,18240,108-VN-T30,FPQ-10287,SCMS-156320,ASN-17177,Vietnam,PMO - US,Direct Drop,EXW,Air,2012-07-25,2012-08-15,2012-12-05,2012-12-05,2012-12-05,ARV,Adult,HETERO LABS LIMITED,"Lamivudine/Zidovudine 150/300mg, tablets, 60 Tabs",Lamivudine/Zidovudine,Generic,150/300mg,Tablet - FDC,60,14842,105081.36,7.08,0.12,Hetero Unit III Hyderabad IN,True,1364.0,2348.57,147.32
2962,18246,102-BI-T30,FPQ-14713,SCMS-251510,ASN-29876,Burundi,PMO - US,Direct Drop,EXW,Air,2014-07-29,2014-08-28,2015-01-26,2015-01-26,2015-01-27,HRDT,HIV test,"CHEMBIO DIAGNOSTIC SYSTEMS, INC.","HIV 1/2, Stat-Pak Dipstick Assay Kit, 30 Tests","HIV 1/2, Stat-Pak Dipstick Assay Kit",Stat-Pak,no_dosage,Test kit,30,414,11426.4,27.6,0.92,Chembio Diagnostics Sys. Inc.,True,45.0,753.35,11.75
2963,18269,111-MZ-T30,FPQ-10606,SCMS-162160,ASN-17088,Mozambique,PMO - US,Direct Drop,EXW,Air,2012-09-12,2012-10-10,2012-12-25,2012-12-25,2012-12-25,HRDT,HIV test,"Orgenics, Ltd","HIV 1/2, Determine Kit without Lancets, Buffer or Caplillary Tubes, 100 Tests","HIV 1/2, Determine Kit without Lancets, Buffer or Capillary Tubes, 100 Tests",Determine,no_dosage,Test kit,100,81,5844.15,72.15,0.72,"Alere Medical Co., Ltd.",True,16.0,467.26,8.19
2964,18316,103-ZW-T30,FPQ-14475,SCMS-245070,ASN-27206,Zimbabwe,PMO - US,Direct Drop,EXW,Air,2014-06-17,2014-06-19,2014-08-20,2014-08-20,2014-08-20,ARV,Pediatric,STRIDES ARCOLAB LIMITED,"Efavirenz 200mg, scored tablets, 90 Tabs",Efavirenz,Generic,200mg,Tablet,90,14164,131725.2,9.3,0.1,"Strides, Bangalore, India.",True,884.0,8280.73,135.41
2965,18325,103-CM-T30,FPQ-14930,SCMS-259410,ASN-28998,Cameroon,PMO - US,Direct Drop,EXW,Air,2014-09-23,2014-10-16,2014-11-03,2014-11-03,2014-11-05,HRDT,HIV test,Orasure Technologies Inc.,"HIV 1/2, OraQuick Advance HIV Rapid Antibody Kit, 100 Tests","HIV 1/2, OraQuick Advance HIV Rapid Antibody Kit",OraQuick,no_dosage,Test kit,100,30,10500.0,350.0,3.5,"Pacific Biotech, Thailand",True,77.0,1800.48,10.79
2966,18354,106-HT-T30,FPQ-13797,SCMS-233950,ASN-26826,Haiti,PMO - US,Direct Drop,EXW,Ocean,2014-03-20,2014-04-29,2014-10-20,2014-10-20,2014-10-24,ARV,Pediatric,Aurobindo Pharma Limited,"Nevirapine 10mg/ml, oral suspension w/syringe, Bottle, 240 ml",Nevirapine,Generic,10mg/ml,Oral suspension,240,1295,1955.45,1.51,0.01,"Aurobindo Unit III, India",True,536.0,1893.24,2.01
2967,18373,108-VN-T30,FPQ-8428,SCMS-123600,ASN-13410,Vietnam,PMO - US,Direct Drop,EXW,Air,2011-09-21,2011-10-04,2012-02-18,2012-02-18,2012-02-18,ARV,Adult,Aurobindo Pharma Limited,"Efavirenz 600mg, tablets, 30 Tabs",Efavirenz,Generic,600mg,Tablet,30,3548,14369.4,4.05,0.13,"Aurobindo Unit III, India",False,668.5,4400.805,23.71
2968,18386,106-HT-T30,FPQ-13797,SCMS-233981,ASN-27710,Haiti,PMO - US,Direct Drop,EXW,Ocean,2014-03-20,2014-05-30,2014-10-28,2014-10-28,2014-11-21,ARV,Adult,CIPLA LIMITED,"Lamivudine/Nevirapine/Zidovudine 150/200/300mg, tablets, 60 Tabs",Lamivudine/Nevirapine/Zidovudine,Generic,150/300/200mg,Tablet - FDC,60,16435,133123.5,8.1,0.13,"Cipla, Goa, India",True,668.5,7785.125,136.85
2969,18392,101-CD-T30,FPQ-14100,SCMS-239410,ASN-26738,"Congo, DRC",PMO - US,Direct Drop,EXW,Air,2014-04-23,2014-05-20,2014-09-05,2014-09-05,2014-09-16,HRDT,HIV test,"Trinity Biotech, Plc","HIV 1/2, Uni-Gold HIV Kit, 20 Tests","HIV 1/2, Uni-Gold HIV Kit",Uni-Gold,no_dosage,Test kit,20,17,544.0,32.0,1.6,"Trinity Biotech, Plc",False,244.0,2346.5699999999997,0.56
2970,18405,106-HT-T30,FPQ-11442,SCMS-177182,ASN-19520,Haiti,PMO - US,Direct Drop,EXW,Air,2013-01-30,2013-03-11,2013-06-10,2013-06-10,2013-06-10,ARV,Pediatric,Aurobindo Pharma Limited,"Nevirapine 10mg/ml, oral suspension w/syringe, Bottle, 240 ml",Nevirapine,Generic,10mg/ml,Oral suspension,240,2052,3098.52,1.51,0.01,"Aurobindo Unit III, India",True,908.0,6438.91,3.83
2971,18422,110-ZM-T30,FPQ-5516,SCMS-70750,ASN-7387,Zambia,PMO - US,Direct Drop,CIP,Air,2010-04-14,2010-05-25,2010-07-08,2010-07-08,2010-07-08,ARV,Adult,INTERNATIONAL HEALTHCARE DISTRIBUTORS,"Lopinavir/Ritonavir 200/50mg [Aluvia], tablets, 120 Tabs",Lopinavir/Ritonavir,Aluvia,200/50mg,Tablet,120,10000,369100.0,36.91,0.31,ABBVIE Ludwigshafen Germany,True,2294.0,1100.2,795.78
2972,18436,117-ET-T30,FPQ-9096,SCMS-133410,ASN-15704,Ethiopia,PMO - US,Direct Drop,EXW,Air,2012-01-05,2012-01-23,2012-07-31,2012-07-31,2012-07-31,HRDT,HIV test,"SHANGHAI KEHUA BIOENGINEERING CO.,LTD.  (KHB)","HIV 1/2, SKB Colloidal Gold, Diagnostic Kit, Antibody, 50 Tests","HIV 1/2, Colloidal Gold, Diagnostic Kit, Antibody",Colloidal Gold,no_dosage,Test kit,1,175,4287.5,24.5,24.5,"KHB Test Kit Facility, Shanghai China",True,125.0,1472.03,6.01
2973,18494,117-ET-T30,FPQ-9096,SCMS-133400,ASN-14924,Ethiopia,PMO - US,Direct Drop,EXW,Air,2012-01-05,2012-01-23,2012-05-18,2012-05-18,2012-05-18,HRDT,HIV test,"SHANGHAI KEHUA BIOENGINEERING CO.,LTD.  (KHB)","HIV 1/2, SKB Colloidal Gold, Diagnostic Kit, Antibody, 50 Tests","HIV 1/2, Colloidal Gold, Diagnostic Kit, Antibody",Colloidal Gold,no_dosage,Test kit,1,175,4287.5,24.5,24.5,"KHB Test Kit Facility, Shanghai China",True,128.0,1584.09,6.01
2974,18500,108-VN-T30,FPQ-4265,SCMS-56200,ASN-5946,Vietnam,PMO - US,Direct Drop,FCA,Air,2009-10-20,2009-11-05,2010-03-11,2010-03-11,2010-03-11,ARV,Adult,ABBVIE LOGISTICS (FORMERLY ABBOTT LOGISTICS BV),"Lopinavir/Ritonavir 200/50mg [Aluvia], tablets, 120 Tabs",Lopinavir/Ritonavir,Aluvia,200/50mg,Tablet,120,4280,351816.0,82.2,0.68,ABBVIE Ludwigshafen Germany,True,1063.0,11167.45,689.56
2975,18509,161-ZA-T30,FPQ-6708,SCMS-93520,ASN-9934,South Africa,PMO - US,Direct Drop,DDP,Ocean,2010-11-26,2010-12-06,2011-06-26,2011-04-07,2011-04-07,ARV,Adult,Aurobindo Pharma Limited,"Tenofovir Disoproxil Fumarate 300mg, tablets, 30 Tabs",Tenofovir Disoproxil Fumarate,Generic,300mg,Tablet,30,64269,427388.85,6.65,0.22,"Aurobindo Unit III, India",True,5999.0,13829.58,705.19
2976,18538,116-ZA-T30,FPQ-14942,SCMS-259076,ASN-32524,South Africa,PMO - US,Direct Drop,DDP,Truck,2014-09-11,2015-06-02,2015-06-02,2015-06-02,2015-06-02,ARV,Adult,PHARMACY DIRECT,"Didanosine 250mg, delayed-release capsules, 30 Caps",Didanosine,Generic,250mg,Delayed-release capsules,30,4,44.07,11.02,0.37,"Aurobindo Unit III, India",True,78.0,0.0,0.05
2977,18580,109-TZ-T30,FPQ-14009,SCMS-236750,ASN-25904,Tanzania,PMO - US,Direct Drop,EXW,Air,2014-04-17,2014-04-18,2014-06-24,2014-06-24,2014-06-24,ARV,Pediatric,STRIDES ARCOLAB LIMITED,"Efavirenz 200mg, scored tablets, 90 Tabs",Efavirenz,Generic,200mg,Tablet,90,15041,139881.3,9.3,0.1,"Strides, Bangalore, India.",True,949.0,4673.77,143.8
2978,18586,105-GH-T30,FPQ-14052,SCMS-237810,ASN-28673,Ghana,PMO - US,Direct Drop,EXW,Air,2014-04-12,2014-05-23,2014-11-10,2014-11-10,2014-11-12,ARV,Adult,Aurobindo Pharma Limited,"Lamivudine/Nevirapine/Zidovudine 150/200/300mg, tablets, 60 Tabs",Lamivudine/Nevirapine/Zidovudine,Generic,150/300/200mg,Tablet - FDC,60,28853,236594.6,8.2,0.14,"Aurobindo Unit III, India",True,3612.0,18256.1,243.22
2979,18629,108-VN-T30,FPQ-8428,SCMS-123540,ASN-14321,Vietnam,PMO - US,Direct Drop,EXW,Air,2011-09-21,2011-10-03,2012-04-16,2012-04-16,2012-04-16,ARV,Adult,MYLAN LABORATORIES LTD (FORMERLY MATRIX LABORATORIES),"Efavirenz/Lamivudine/Tenofovir Disoproxil Fumarate 600/300/300mg, tablets, 30 Tabs",Efavirenz/Lamivudine/Tenofovir Disoproxil Fumarate,Generic,600/300/300mg,Tablet - FDC,30,6549,92340.9,14.1,0.47,Mylan (formerly Matrix) Nashik,True,1208.0,3306.51,152.36
2980,18633,102-SD-T30,FPQ-6171,SCMS-81710,ASN-8632,Sudan,PMO - US,Direct Drop,EXW,Air,2010-08-05,2010-08-23,2010-11-29,2010-11-29,2010-11-29,HRDT,HIV test,"Trinity Biotech, Plc","HIV 1/2, Uni-Gold HIV Kit, 20 Tests","HIV 1/2, Uni-Gold HIV Kit",Uni-Gold,no_dosage,Test kit,20,50,1600.0,32.0,1.6,"Trinity Biotech, Plc",True,17.0,1117.79,3.45
2981,18639,102-BI-T30,FPQ-9231,SCMS-141780,ASN-14979,Burundi,PMO - US,Direct Drop,EXW,Air,2012-02-17,2012-04-09,2012-06-05,2012-06-05,2012-06-05,HRDT,HIV test,"Orgenics, Ltd","HIV 1/2, Determine Complete HIV Kit, 100 Tests","HIV 1/2, Determine Complete HIV Kit",Determine,no_dosage,Test kit,100,1200,96000.0,80.0,0.8,"Alere Medical Co., Ltd.",True,577.0,14493.81,134.59
2982,18664,108-VN-T30,FPQ-13034,SCMS-210150,ASN-24398,Vietnam,PMO - US,Direct Drop,EXW,Air,2013-10-04,2013-10-10,2014-04-23,2014-04-23,2014-04-23,ARV,Adult,HETERO LABS LIMITED,"Abacavir 300mg, tablets, 60 Tabs",Abacavir,Generic,300mg,Tablet,60,1436,16442.2,11.45,0.19,Hetero Unit III Hyderabad IN,True,2832.0,7474.2,20.34
2983,18673,108-VN-T30,FPQ-15087,SCMS-261420,ASN-30164,Vietnam,PMO - US,Direct Drop,EXW,Air,2014-10-24,2014-10-30,2015-03-19,2015-03-19,2015-03-19,ARV,Adult,MYLAN LABORATORIES LTD (FORMERLY MATRIX LABORATORIES),"Lamivudine/Nevirapine/Zidovudine 150/200/300mg, tablets, 60 Tabs",Lamivudine/Nevirapine/Zidovudine,Generic,150/300/200mg,Tablet - FDC,60,9000,72900.0,8.1,0.13,Mylan (formerly Matrix) Nashik,True,974.0,4400.805,85.8
2984,18679,106-HT-T30,FPQ-11442,SCMS-177150,ASN-19530,Haiti,PMO - US,Direct Drop,EXW,Ocean,2013-01-30,2013-03-07,2013-07-25,2013-07-25,2013-07-25,ARV,Adult,HETERO LABS LIMITED,"Efavirenz/Lamivudine/Tenofovir Disoproxil Fumarate 600/300/300mg, tablets, 30 Tabs",Efavirenz/Lamivudine/Tenofovir Disoproxil Fumarate,Generic,600/300/300mg,Tablet - FDC,30,54090,567945.0,10.5,0.35,Hetero Unit III Hyderabad IN,True,7140.0,7992.56,702.55
2985,18694,109-TZ-T30,FPQ-3782,SCMS-47760,ASN-4974,Tanzania,PMO - US,Direct Drop,CIP,Air,2009-06-11,2009-06-29,2009-10-21,2009-10-21,2009-10-21,ARV,Adult,BRISTOL-MYERS SQUIBB,"Didanosine EC 400mg [Videx EC], delayed-release capsules, Blister 3 x 10 Caps",Didanosine EC,Videx EC,400mg,Delayed-release capsules - blister,30,1000,23670.0,23.67,0.79,"BMS Meymac, France",True,335.0,888.0,46.39
2986,18708,113-ZW-T30,FPQ-13939,SCMS-240580,ASN-27034,Zimbabwe,PMO - US,Direct Drop,EXW,Air Charter,2014-04-01,2014-05-26,2014-07-23,2014-07-23,2014-07-29,ARV,Adult,Aurobindo Pharma Limited,"Lamivudine/Tenofovir Disoproxil Fumarate 300/300mg, tablets, 30 Tabs",Lamivudine/Tenofovir Disoproxil Fumarate,Generic,300/300mg,Tablet - FDC,30,35955,167190.75,4.65,0.16,"Aurobindo Unit VII, IN",True,3520.0,23014.35,171.87
2987,18740,202-GT-T30,FPQ-6944,SCMS-98041,ASN-14350,Guatemala,PMO - US,Direct Drop,DDU,Air,2011-01-17,2011-01-25,2012-05-21,2012-05-21,2012-05-21,ARV,Pediatric,IDIS LIMITED,"Didanosine 50mg [Videx], chewable tablets, 60 Tabs",Didanosine,Videx,50mg,Chewable/dispersible tablet,60,161,12174.82,75.62,1.26,Bristol-Myers Squibb Anagni IT,True,30.0,0.0,20.09
2988,18762,116-ZA-T30,FPQ-11828,SCMS-183950,ASN-19166,South Africa,South Africa Field Office,Direct Drop,DDP,Truck,2013-03-18,2012-10-16,2013-04-16,2013-04-16,2013-04-16,ARV,Adult,S. BUYS WHOLESALER,"Zidovudine 300mg, tablets, 60 Tabs",Zidovudine,Generic,300mg,Tablet,60,216,5512.38,25.52,0.43,"Aurobindo Unit III, India",False,24.0,0.0,6.82
2989,18811,104-CI-T30,FPQ-12806,SCMS-206530,ASN-24149,Côte d'Ivoire,PMO - US,Direct Drop,FCA,Air,2013-08-09,2013-09-17,2014-02-07,2014-02-07,2014-02-10,ARV,Pediatric,ABBVIE LOGISTICS (FORMERLY ABBOTT LOGISTICS BV),"Lopinavir/Ritonavir 100/25mg [Aluvia], tablets, 60 Tabs",Lopinavir/Ritonavir,Generic,100/25mg,Tablet,60,4600,27324.0,5.94,0.1,ABBVIE Ludwigshafen Germany,True,535.0,5924.33,33.8
2990,18862,106-HT-T30,FPQ-12041,SCMS-189141,ASN-21848,Haiti,PMO - US,Direct Drop,EXW,Air,2013-04-26,2013-05-21,2013-11-11,2013-11-11,2013-11-13,HRDT,HIV test,"Orgenics, Ltd","HIV 1/2, Determine Complete HIV Kit, 100 Tests","HIV 1/2, Determine Complete HIV Kit",Determine,no_dosage,Test kit,100,4000,400000.0,100.0,1.0,"Alere Medical Co., Ltd.",True,1624.0,16994.9,494.8
2991,18881,102-BW-T30,FPQ-6645,SCMS-92610,ASN-9635,Botswana,PMO - US,Direct Drop,EXW,Air,2010-11-11,2010-12-02,2011-03-16,2011-03-16,2011-03-16,HRDT,HIV test,"Trinity Biotech, Plc","HIV 1/2, Uni-Gold HIV Kit, 20 Tests","HIV 1/2, Uni-Gold HIV Kit",Uni-Gold,no_dosage,Test kit,20,50,1600.0,32.0,1.6,"Trinity Biotech, Plc",True,17.0,617.79,2.64
2992,18904,101-CD-T30,FPQ-12093,SCMS-189060,ASN-20777,"Congo, DRC",PMO - US,Direct Drop,FCA,Air,2013-04-23,2013-05-23,2013-11-20,2013-11-20,2013-11-26,ARV,Pediatric,ABBVIE LOGISTICS (FORMERLY ABBOTT LOGISTICS BV),"Lopinavir/Ritonavir 80/20mg/ml [Kaletra], oral solution, cool, Bottle 5 x 60 ml",Lopinavir/Ritonavir,Kaletra,80/20mg/ml,Oral solution,300,30,924.6,30.82,0.1,ABBVIE (Abbott) Logis. UK,True,56.0,460.9,1.14
2993,18923,109-TZ-T30,FPQ-5437,SCMS-71450,ASN-8079,Tanzania,PMO - US,Direct Drop,EXW,Air,2010-04-15,2010-04-23,2010-12-01,2010-12-01,2010-12-01,ARV,Pediatric,EMCURE PHARMACEUTICALS LTD,"Atazanavir 150mg, capsules, 60 Caps",Atazanavir,Generic,150mg,Capsule,60,426,11114.34,26.09,0.43,"Emcure Plot No.P-2, I.T-B.T. Park, Phase II, MIDC, Hinjwadi, Pune, India",True,45.0,1013.19,23.96
2994,18980,109-TZ-T30,FPQ-13945,SCMS-235440,ASN-30243,Tanzania,PMO - US,Direct Drop,EXW,Air,2014-03-27,2014-04-29,2015-04-28,2015-04-28,2015-04-28,HRDT,HIV test,"Orgenics, Ltd","HIV 1/2, Determine Complete HIV Kit, 100 Tests","HIV 1/2, Determine Complete HIV Kit",Determine,no_dosage,Test kit,100,336,26880.0,80.0,0.8,"Alere Medical Co., Ltd.",True,139.0,2234.96,27.63
2995,18992,116-ZA-T30,FPQ-14942,SCMS-259078,ASN-33472,South Africa,PMO - US,Direct Drop,DDP,Truck,2014-09-11,2014-10-09,2015-07-24,2015-07-24,2015-07-24,ARV,Pediatric,PHARMACY DIRECT,"Atazanavir 150mg [Reyataz], capsules, 60 Caps",Atazanavir,Reyataz,150mg,Capsule,60,9,143.1,15.9,0.26,"BMS Evansville, US",True,1.0,0.0,0.15
2996,18997,105-GY-T30,FPQ-11562,SCMS-180000,ASN-18805,Guyana,PMO - US,Direct Drop,EXW,Air,2013-02-07,2013-03-06,2013-04-18,2013-04-18,2013-04-18,ARV,Pediatric,Aurobindo Pharma Limited,"Zidovudine 100mg, capsules, 100 Caps",Zidovudine,Generic,100mg,Capsule,100,172,791.2,4.6,0.05,"Aurobindo Unit III, India",True,33.0,882.81,0.98
2997,19013,161-ZA-T30,FPQ-5303,SCMS-68980,ASN-7662,South Africa,PMO - US,Direct Drop,DDP,Air,2010-03-18,2010-03-19,2010-08-24,2010-09-20,2010-09-20,ARV,Adult,Aurobindo Pharma Limited,"Lamivudine 150mg, tablets, 60 Tabs",Lamivudine,Generic,150mg,Tablet,60,33338,84345.14,2.53,0.04,"Aurobindo Unit III, India",True,1791.0,1791.42,181.85
2998,19014,111-MZ-T30,FPQ-14294,SCMS-247360,ASN-27769,Mozambique,PMO - US,Direct Drop,EXW,Air,2014-05-15,2014-07-30,2014-09-10,2014-09-10,2014-10-03,HRDT,HIV test,"Orgenics, Ltd","HIV 1/2, Determine Complete HIV Kit, 100 Tests","HIV 1/2, Determine Complete HIV Kit",Determine,no_dosage,Test kit,100,3173,253840.0,80.0,0.8,"Alere Medical Co., Ltd.",True,1287.0,9209.0,260.95
2999,19019,105-SS-T30,FPQ-12623,SCMS-200921,ASN-22955,South Sudan,PMO - US,Direct Drop,EXW,Air,2013-07-18,2013-08-06,2014-02-11,2014-02-11,2014-02-11,HRDT,HIV test,"Trinity Biotech, Plc","HIV 1/2, Uni-Gold HIV Kit, 20 Tests","HIV 1/2, Uni-Gold HIV Kit",Uni-Gold,no_dosage,Test kit,20,25,800.0,32.0,1.6,"Trinity Biotech, Plc",True,159.0,2395.42,0.99
3000,19063,105-SS-T30,FPQ-12623,SCMS-200920,ASN-21751,South Sudan,PMO - US,Direct Drop,EXW,Air,2013-07-18,2013-08-06,2013-10-18,2013-10-18,2013-10-18,HRDT,HIV test,"Trinity Biotech, Plc","HIV 1/2, Uni-Gold HIV Kit, 20 Tests","HIV 1/2, Uni-Gold HIV Kit",Uni-Gold,no_dosage,Test kit,20,450,14400.0,32.0,1.6,"Trinity Biotech, Plc",False,159.5,2575.925,17.81
3001,19080,106-HT-T30,FPQ-14895,SCMS-258570,ASN-30652,Haiti,PMO - US,Direct Drop,FCA,Air,2014-09-24,2014-11-14,2015-03-11,2015-03-11,2015-03-16,ARV,Adult,ABBVIE LOGISTICS (FORMERLY ABBOTT LOGISTICS BV),"Lopinavir/Ritonavir 200/50mg [Aluvia], tablets, 120 Tabs",Lopinavir/Ritonavir,Aluvia,200/50mg,Tablet,120,15560,287393.2,18.47,0.15,ABBVIE Ludwigshafen Germany,True,3834.0,16386.12,295.44
3002,19105,107-RW-T30,FPQ-8741,SCMS-129760,ASN-15231,Rwanda,PMO - US,Direct Drop,EXW,Air,2011-11-30,2012-03-09,2012-06-22,2012-06-22,2012-06-22,ARV,Pediatric,CIPLA LIMITED,"Abacavir 20mg/ml, oral solution, Bottle, 240 ml",Abacavir,Generic,20mg/ml,Oral solution,240,4534,38539.0,8.5,0.04,"Cipla, Goa, India",True,1631.0,13116.57,54.03
3003,19142,108-VN-T30,FPQ-10811,SCMS-164530,ASN-18730,Vietnam,PMO - US,Direct Drop,FCA,Air,2012-10-15,2012-11-07,2013-04-09,2013-04-09,2013-04-09,ARV,Adult,ABBVIE LOGISTICS (FORMERLY ABBOTT LOGISTICS BV),"Ritonavir 100mg [Norvir], film coated tablets, 30 Tabs",Ritonavir,Norvir,100mg,Tablet,30,373,8675.98,23.26,0.78,ABBVIE Ludwigshafen Germany,True,55.0,17.72,10.73
3004,19146,116-ZA-T30,FPQ-14942,SCMS-259075,ASN-32122,South Africa,PMO - US,Direct Drop,DDP,Truck,2014-09-11,2015-05-11,2015-05-12,2015-05-12,2015-05-12,ARV,Adult,PHARMACY DIRECT,"Zidovudine 300mg, tablets, 60 Tabs",Zidovudine,Generic,300mg,Tablet,60,11,198.35,18.03,0.3,"Aurobindo Unit III, India",False,17.0,0.0,0.2
3005,19172,105-SS-T30,FPQ-15569,SCMS-272170,ASN-32106,South Sudan,PMO - US,Direct Drop,EXW,Air,2014-12-29,2015-02-20,2015-07-02,2015-07-07,2015-07-07,HRDT,HIV test,"Orgenics, Ltd","HIV 1/2, Determine Complete HIV Kit, 100 Tests","HIV 1/2, Determine Complete HIV Kit",Determine,no_dosage,Test kit,100,70,6230.0,89.0,0.89,"Alere Medical Co., Ltd.",True,33.0,2575.925,7.33
3006,19177,104-CI-T30,FPQ-12133,SCMS-188291,ASN-22377,Côte d'Ivoire,PMO - US,Direct Drop,EXW,Air,2013-04-18,2013-05-21,2013-11-13,2013-11-13,2013-11-14,HRDT,HIV test,"Orgenics, Ltd","HIV 1/2, Determine Complete HIV Kit, 100 Tests","HIV 1/2, Determine Complete HIV Kit",Determine,no_dosage,Test kit,100,4400,352000.0,80.0,0.8,"Alere Medical Co., Ltd.",True,1033.0,24728.57,435.42
3007,19225,116-ZA-T30,FPQ-4359,SCMS-54980,ASN-5373,South Africa,PMO - US,Direct Drop,DDP,Truck,2009-10-08,2009-10-15,2009-10-19,2009-10-19,2009-10-19,ARV,Pediatric,S. BUYS WHOLESALER,"Zidovudine 100mg [Retrovir], capsules, 100 Caps",Zidovudine,Retrovir,100mg,Capsule,100,40,591.97,14.8,0.15,GSK Crawley,False,56.5,0.0,1.16
3008,19241,116-ZA-T30,FPQ-13214,SCMS-215410,ASN-23875,South Africa,PMO - US,Direct Drop,DDP,Truck,2013-11-14,2013-12-02,2014-01-13,2014-01-13,2014-01-13,ARV,Pediatric,S. BUYS WHOLESALER,"Abacavir 20mg/ml, oral solution w/syringe, Bottle, 240 ml",Abacavir,Generic,20mg/ml,Oral solution,240,16,367.09,22.94,0.1,"Aurobindo Unit III, India",False,168.5,0.0,0.38
3009,19243,111-MZ-T30,FPQ-7270,SCMS-103150,ASN-11149,Mozambique,PMO - US,Direct Drop,EXW,Air,2011-03-04,2011-03-30,2011-09-03,2011-09-03,2011-09-03,HRDT,HIV test,"Orgenics, Ltd","HIV 1/2, Determine HIV Kit, without Lancets, 100 Tests","HIV 1/2, Determine HIV Kit, without Lancets",Determine,no_dosage,Test kit,100,11800,916860.0,77.7,0.78,Inverness Japan,True,2675.0,4969.35,1512.82
3010,19244,101-CD-T30,FPQ-14654,SCMS-253260,ASN-28279,"Congo, DRC",PMO - US,Direct Drop,EXW,Air,2014-08-11,2014-08-27,2014-11-04,2014-11-04,2014-11-20,HRDT,HIV test,"Trinity Biotech, Plc","HIV 1/2, Uni-Gold HIV Kit, 20 Tests","HIV 1/2, Uni-Gold HIV Kit",Uni-Gold,no_dosage,Test kit,20,9,288.0,32.0,1.6,"Trinity Biotech, Plc",False,13.0,2346.5699999999997,0.3
3011,19246,109-TZ-T30,FPQ-12050,SCMS-186920,ASN-20340,Tanzania,PMO - US,Direct Drop,EXW,Air,2013-04-12,2013-05-14,2013-09-05,2013-09-05,2013-09-05,ARV,Adult,MYLAN LABORATORIES LTD (FORMERLY MATRIX LABORATORIES),"Atazanavir/Ritonavir 300/100mg, tablets, 30 Tabs",Atazanavir/Ritonavir,Generic,300/100mg,Tablet,30,5175,116437.5,22.5,0.75,Mylan (formerly Matrix) Nashik,True,775.0,4136.58,144.03
3012,19250,104-CI-T30,FPQ-4717,SCMS-59690,ASN-7107,Côte d'Ivoire,PMO - US,Direct Drop,CIP,Air,2009-12-08,2009-12-14,2010-06-10,2010-06-10,2010-06-10,ARV,Pediatric,BRISTOL-MYERS SQUIBB,"Didanosine 50mg [Videx], chewable tablets, 60 Tabs",Didanosine,Videx,50mg,Chewable/dispersible tablet,60,4245,40327.5,9.5,0.16,"BMS Meymac, France",True,833.0,1134.5,86.95
3013,19263,109-TZ-T30,FPQ-8071,SCMS-116850,ASN-12886,Tanzania,PMO - US,Direct Drop,EXW,Air,2011-07-22,2011-08-01,2012-01-30,2012-01-30,2012-01-30,HRDT,HIV test,"Orgenics, Ltd","HIV 1/2, Determine Complete HIV Kit, 100 Tests","HIV 1/2, Determine Complete HIV Kit",Determine,no_dosage,Test kit,100,1500,120000.0,80.0,0.8,Inverness Japan,True,714.0,13836.99,198.0
3014,19272,101-CD-T30,FPQ-16001,SCMS-280210,ASN-31750,"Congo, DRC",PMO - US,Direct Drop,EXW,Air,2015-03-10,2015-03-16,2015-07-02,2015-07-02,2015-07-30,HRDT,HIV test,"Trinity Biotech, Plc","HIV 1/2, Uni-Gold HIV Kit, 20 Tests","HIV 1/2, Uni-Gold HIV Kit",Uni-Gold,no_dosage,Test kit,20,70,2240.0,32.0,1.6,"Trinity Biotech, Plc",True,508.0,3918.37,2.64
3015,19282,116-ZA-T30,FPQ-3560,SCMS-50950,ASN-5006,South Africa,PMO - US,Direct Drop,DDP,Truck,2009-05-07,2009-08-03,2009-09-03,2009-09-03,2009-09-03,ARV,Adult,S. BUYS WHOLESALER,"Tenofovir Disoproxil Fumarate 300mg [Viread], tablets, 30 Tabs",Tenofovir Disoproxil Fumarate,Viread,300mg,Tablet,30,800,21392.98,26.74,0.89,"Aspen-OSD, Port Elizabeth, SA",True,98.0,0.0,41.93
3016,19289,106-HT-T30,FPQ-12590,SCMS-210440,ASN-23016,Haiti,PMO - US,Direct Drop,FCA,Air,2013-08-21,2013-10-22,2014-01-23,2014-01-23,2014-01-24,ARV,Adult,ABBVIE LOGISTICS (FORMERLY ABBOTT LOGISTICS BV),"Lopinavir/Ritonavir 200/50mg [Aluvia], tablets, 120 Tabs",Lopinavir/Ritonavir,Aluvia,200/50mg,Tablet,120,646,12480.72,19.32,0.16,ABBVIE Ludwigshafen Germany,True,166.0,737.11,15.44
3017,19293,111-MZ-T30,FPQ-3588,SCMS-45670,ASN-5525,Mozambique,PMO - US,Direct Drop,CIP,Air,2009-03-25,2009-05-13,2009-12-04,2009-12-04,2009-12-04,ARV,Adult,GLAXOSMITHKLINE EXPORT LIMITED,"Abacavir/Lamivudine/Zidovudine 300/150/300mg [Trizivir], tablets, 60 Tabs",Abacavir/Lamivudine/Zidovudine,Trizivir,300/150/300mg,Tablet - FDC,60,4,214.84,53.71,0.9,GSK Ware (UK),True,155.0,0.0,0.42
3018,19335,102-SD-T30,FPQ-8264,SCMS-121850,ASN-13536,Sudan,PMO - US,Direct Drop,EXW,Air,2011-09-07,2011-09-14,2012-02-20,2012-02-20,2012-02-20,HRDT,HIV test - Ancillary,"Orgenics, Ltd","Capillary Tubes, for Determine, EDTA, 50uL,100 Pcs","HIV, Capillary Tubes, for Determine, EDTA, 50uL,100 Pcs",Determine,no_dosage,Test kit - Ancillary,100,3,24.0,8.0,0.08,"Alere Medical Co., Ltd.",True,2.0,1076.15,0.04
3019,19344,105-GY-T30,FPQ-4922,SCMS-63980,ASN-6490,Guyana,PMO - US,Direct Drop,EXW,Air,2010-01-19,2010-01-28,2010-04-09,2010-04-09,2010-04-09,ARV,Pediatric,CIPLA LIMITED,"Lamivudine/Nevirapine/Stavudine 60/100/12mg, dispersible tablets, 60 Tabs",Lamivudine/Nevirapine/Stavudine,Generic,60/100/12mg,Chewable/dispersible tablet - FDC,60,90,387.0,4.3,0.07,"Cipla, Goa, India",True,9.0,541.88,0.83
3020,19346,116-ZA-T30,FPQ-13973,SCMS-238553,ASN-28021,South Africa,PMO - US,Direct Drop,DDP,Truck,2014-04-30,2014-08-28,2014-08-28,2014-08-28,2014-08-28,ARV,Adult,PHARMACY DIRECT,"Emtricitabine/Tenofovir Disoproxil Fumarate 200/300mg, tablets, 30 Tabs",Emtricitabine/Tenofovir Disoproxil Fumarate,Generic,200/300mg,Tablet - FDC,30,11,332.32,30.21,1.01,"Aurobindo Unit III, India",False,17.0,0.0,0.34
3021,19348,102-ML-T30,FPQ-10104,SCMS-153790,ASN-16513,Mali,PMO - US,Direct Drop,EXW,Air,2012-07-05,2012-08-21,2012-10-04,2012-10-04,2012-10-04,HRDT,HIV test,"Orgenics, Ltd","HIV 1/2, Clearview Complete Kit, 25 Tests","HIV 1/2, Clearview Complete Kit",Clearview,no_dosage,Test kit,25,87,8265.0,95.0,3.8,Chembio Diagnostics Sys. Inc.,True,40.0,1333.4,11.59
3022,19359,103-ZW-T30,FPQ-14477,SCMS-248220,ASN-27913,Zimbabwe,PMO - US,Direct Drop,EXW,Air,2014-07-01,2014-08-04,2014-09-18,2014-09-18,2014-09-19,ARV,Pediatric,ABBVIE LOGISTICS (FORMERLY ABBOTT LOGISTICS BV),"Lopinavir/Ritonavir 80/20mg/ml [Kaletra], oral solution, cool, Bottle 5 x 60 ml",Lopinavir/Ritonavir,Kaletra,80/20mg/ml,Oral solution,300,2025,62410.5,30.82,0.1,ABBVIE (Abbott) Logis. UK,True,1902.0,16777.24,64.16
3023,19405,109-TZ-T30,FPQ-12197,SCMS-189360,ASN-21234,Tanzania,PMO - US,Direct Drop,EXW,Air,2013-04-30,2013-05-29,2013-09-17,2013-09-16,2013-09-16,HRDT,HIV test,"Standard Diagnostics, Inc.","HIV 1/2, Determine Complete HIV Kit, 100 Tests","HIV 1/2, Determine Complete HIV Kit",Determine,no_dosage,Test kit,100,3039,0.0,0.0,0.0,"Alere Medical Co., Ltd.",True,1257.0,21351.18,0.0
3024,19406,108-VN-T30,FPQ-10811,SCMS-164680,ASN-18664,Vietnam,PMO - US,Direct Drop,EXW,Air,2012-10-15,2012-11-07,2013-04-02,2013-04-02,2013-04-02,ARV,Adult,HETERO LABS LIMITED,"Zidovudine 300mg, tablets, 60 Tabs",Zidovudine,Generic,300mg,Tablet,60,1082,6221.5,5.75,0.1,Hetero Unit III Hyderabad IN,True,2228.0,3565.08,7.7
3025,19410,133-NG-T30,FPQ-7193,SCMS-103110,ASN-11031,Nigeria,PMO - US,Direct Drop,EXW,Air,2011-02-16,2011-03-30,2011-07-07,2011-07-07,2011-07-07,HRDT,HIV test,"Orgenics, Ltd","HIV 1/2, Determine Complete HIV Kit, 100 Tests","HIV 1/2, Determine Complete HIV Kit",Determine,no_dosage,Test kit,100,2586,230154.0,89.0,0.89,Inverness Japan,True,1231.0,28132.96,379.75
3026,19431,104-CI-T30,FPQ-13603,SCMS-228080,ASN-29972,Côte d'Ivoire,PMO - US,Direct Drop,EXW,Air,2014-01-23,2014-02-26,2015-01-23,2015-01-23,2015-01-23,HRDT,HIV test,"Standard Diagnostics, Inc.","HIV 1/2, Bioline 3.0 Kit, Lancets, Capillary pipets, Alcohol swabs included, 25 Tests","HIV 1/2, Bioline 3.0 Kit, Lancets, Capillary pipets, Alcohol swabs included",Bioline,no_dosage,Test kit,25,1400,28700.0,20.5,0.82,"Standard Diagnostics, Korea",True,437.0,5924.89,29.5
3027,19484,133-NG-T30,FPQ-15504,SCMS-270770,ASN-31785,Nigeria,PMO - US,Direct Drop,EXW,Air,2014-12-08,2015-03-13,2015-05-07,2015-05-07,2015-05-22,HRDT,HIV test,"Orgenics, Ltd","HIV 1/2, Determine Complete HIV Kit, 100 Tests","HIV 1/2, Determine Complete HIV Kit",Determine,no_dosage,Test kit,100,5640,501960.0,89.0,0.89,"Alere Medical Co., Ltd.",True,2292.0,27361.87,590.81
3028,19512,108-VN-T30,FPQ-8428,SCMS-123530,ASN-14319,Vietnam,PMO - US,Direct Drop,EXW,Air,2011-09-21,2011-10-03,2012-04-24,2012-04-24,2012-04-24,ARV,Adult,MYLAN LABORATORIES LTD (FORMERLY MATRIX LABORATORIES),"Efavirenz/Lamivudine/Tenofovir Disoproxil Fumarate 600/300/300mg, tablets, 30 Tabs",Efavirenz/Lamivudine/Tenofovir Disoproxil Fumarate,Generic,600/300/300mg,Tablet - FDC,30,5451,76859.1,14.1,0.47,Mylan (formerly Matrix) Nashik,True,1675.0,3401.49,126.82
3029,19514,116-ZA-T30,FPQ-13973,SCMS-238553,ASN-28021,South Africa,PMO - US,Direct Drop,DDP,Truck,2014-04-30,2014-08-28,2014-08-28,2014-08-28,2014-08-28,ARV,Adult,PHARMACY DIRECT,"Lamivudine/Zidovudine 150/300mg, tablets, 60 Tabs",Lamivudine/Zidovudine,Generic,150/300mg,Tablet - FDC,60,16,499.07,31.19,0.52,"Aurobindo Unit III, India",False,168.5,0.0,0.51
3030,19584,109-TZ-T30,FPQ-9211,SCMS-136930,ASN-14644,Tanzania,PMO - US,Direct Drop,EXW,Air,2012-01-25,2012-02-17,2012-05-25,2012-05-25,2012-05-25,HRDT,HIV test,"Orgenics, Ltd","HIV 1/2, Determine Complete HIV Kit, 100 Tests","HIV 1/2, Determine Complete HIV Kit",Determine,no_dosage,Test kit,100,1337,106960.0,80.0,0.8,"Alere Medical Co., Ltd.",True,639.0,12022.17,149.96
3031,19620,104-CI-T30,FPQ-6661,SCMS-91830,ASN-9057,Côte d'Ivoire,PMO - US,Direct Drop,FCA,Air,2010-11-04,2010-11-11,2011-01-14,2011-01-14,2011-01-14,ARV,Adult,ABBVIE LOGISTICS (FORMERLY ABBOTT LOGISTICS BV),"Lopinavir/Ritonavir 200/50mg [Aluvia], tablets, 120 Tabs",Lopinavir/Ritonavir,Aluvia,200/50mg,Tablet,120,7320,264691.2,36.16,0.3,ABBVIE Ludwigshafen Germany,True,1838.0,13562.36,436.74
3032,19627,111-MZ-T30,FPQ-15324,SCMS-264780,ASN-30261,Mozambique,PMO - US,Direct Drop,EXW,Air,2014-11-12,2014-11-19,2015-02-10,2015-02-10,2015-02-18,HRDT,HIV test - Ancillary,"Orgenics, Ltd","Chase Buffer, Determine, 100 Tests, 2.5ml x 1 Vial","Chase Buffer, Determine, 100 Tests, 2.5ml x 1 Vial",Determine,no_dosage,Test kit - Ancillary,1,60,300.0,5.0,5.0,"Alere Medical Co., Ltd.",True,144.0,3247.5699999999997,0.35
3033,19630,108-VN-T30,FPQ-10811,SCMS-166140,ASN-17572,Vietnam,PMO - US,Direct Drop,EXW,Air,2012-10-15,2012-11-09,2013-01-09,2013-01-09,2013-01-09,ARV,Pediatric,Aurobindo Pharma Limited,"Lamivudine 10mg/ml, oral solution w/syringe, Bottle, 240 ml",Lamivudine,Generic,10mg/ml,Oral solution,240,136,251.6,1.85,0.01,"Aurobindo Unit III, India",True,173.0,1079.39,0.31
3034,19647,161-ZA-T30,FPQ-7400,SCMS-104240,ASN-12269,South Africa,PMO - US,Direct Drop,DDP,Ocean,2011-03-11,2011-03-30,2011-11-18,2011-11-18,2011-11-18,ARV,Pediatric,GLAXOSMITHKLINE EXPORT LIMITED,"Abacavir 20mg/ml [Ziagen], oral solution, Bottle, 240 ml",Abacavir,Ziagen,20mg/ml,Oral solution,240,20000,185600.0,9.28,0.04,GSK Mississauga (Canada),True,7664.0,17022.13,306.24
3035,19656,161-ZA-T30,FPQ-6262,SCMS-84250,ASN-9052,South Africa,PMO - US,Direct Drop,DDP,Ocean,2010-08-31,2010-09-21,2010-12-15,2010-12-15,2010-12-15,ARV,Adult,STRIDES ARCOLAB LIMITED,"Lamivudine 150mg, tablets, 60 Tabs",Lamivudine,Generic,150mg,Tablet,60,168711,416716.17,2.47,0.04,"Strides, Bangalore, India.",True,8183.0,12225.76,898.44
3036,19670,116-ZA-T30,FPQ-14942,SCMS-259079,ASN-33852,South Africa,PMO - US,Direct Drop,DDP,Truck,2014-09-11,2014-10-09,2015-08-24,2015-08-24,2015-08-24,ARV,Adult,PHARMACY DIRECT,"Abacavir 300mg, tablets, 60 Tabs",Abacavir,Generic,300mg,Tablet,60,82,4392.17,53.56,0.89,"Aurobindo Unit III, India",False,668.5,0.0,4.52
3037,19685,110-ZM-T30,FPQ-11561,SCMS-183050,ASN-19389,Zambia,PMO - US,Direct Drop,FCA,Air,2013-02-13,2013-03-28,2013-05-22,2013-05-22,2013-05-22,ARV,Pediatric,ABBVIE LOGISTICS (FORMERLY ABBOTT LOGISTICS BV),"Lopinavir/Ritonavir 80/20mg/ml [Kaletra], oral solution, cool, Bottle 5 x 60 ml",Lopinavir/Ritonavir,Kaletra,80/20mg/ml,Oral solution,300,1500,46230.0,30.82,0.1,ABBVIE (Abbott) Logis. UK,True,1374.0,10365.13,57.19
3038,19689,116-ZA-T30,FPQ-5630,SCMS-72870,ASN-7106,South Africa,PMO - US,Direct Drop,DDP,Truck,2010-04-30,2010-05-05,2010-05-12,2010-05-12,2010-05-12,ARV,Pediatric,S. BUYS WHOLESALER,"Lopinavir/Ritonavir 80/20mg/ml [Kaletra], oral solution, cool, Bottle 5 x 60 ml",Lopinavir/Ritonavir,Kaletra,80/20mg/ml,Oral solution,300,50,2037.29,40.75,0.14,ABBVIE (Abbott) Logis. UK,True,35.0,0.0,4.39
3039,19694,102-GY-T30,FPQ-4068,SCMS-52270,ASN-4928,Guyana,PMO - US,Direct Drop,EXW,Air,2009-08-13,2009-08-31,2009-09-24,2009-09-24,2009-09-24,HRDT,HIV test,"Trinity Biotech, Plc","HIV 1/2, Uni-Gold HIV Kit, 20 Tests","HIV 1/2, Uni-Gold HIV Kit",Uni-Gold,no_dosage,Test kit,20,2551,81632.0,32.0,1.6,"Trinity Biotech, Plc",True,885.0,11057.25,160.0
3040,19696,102-CD-T30,FPQ-9645,SCMS-145470,ASN-15048,"Congo, DRC",PMO - US,Direct Drop,EXW,Air,2012-04-24,2012-05-07,2012-08-02,2012-08-02,2012-08-02,HRDT,HIV test,"Trinity Biotech, Plc","HIV 1/2, Uni-Gold HIV Kit, 20 Tests","HIV 1/2, Uni-Gold HIV Kit",Uni-Gold,no_dosage,Test kit,20,400,12800.0,32.0,1.6,"Trinity Biotech, Plc",True,132.0,1692.7,17.95
3041,19712,108-VN-T30,FPQ-13034,SCMS-210120,ASN-24394,Vietnam,PMO - US,Direct Drop,EXW,Air,2013-10-04,2013-10-10,2014-04-23,2014-04-23,2014-04-23,ARV,Adult,HETERO LABS LIMITED,"Efavirenz 600mg, tablets, 30 Tabs",Efavirenz,Generic,600mg,Tablet,30,2516,8151.84,3.24,0.11,Hetero Unit III Hyderabad IN,False,118.0,4400.805,10.08
3042,19771,108-VN-T30,FPQ-5317,SCMS-69220,ASN-7411,Vietnam,PMO - US,Direct Drop,FCA,Air,2010-03-22,2010-03-31,2010-07-16,2010-07-16,2010-07-16,ARV,Adult,ABBVIE LOGISTICS (FORMERLY ABBOTT LOGISTICS BV),"Lopinavir/Ritonavir 200/50mg [Aluvia], tablets, 120 Tabs",Lopinavir/Ritonavir,Aluvia,200/50mg,Tablet,120,5530,454566.0,82.2,0.68,ABBVIE Ludwigshafen Germany,True,1348.0,10670.09,980.04
3043,19788,161-ZA-T30,FPQ-7175,SCMS-103360,ASN-11433,South Africa,PMO - US,Direct Drop,DDP,Ocean,2011-03-10,2011-03-24,2011-09-02,2011-09-14,2011-09-14,ARV,Pediatric,Aurobindo Pharma Limited,"Efavirenz 50mg, capsule, 30 Caps",Efavirenz,Generic,50mg,Capsule,30,2247,5482.68,2.44,0.08,"Aurobindo Unit III, India",True,668.5,0.0,9.05
3044,19840,108-VN-T30,FPQ-15040,SCMS-263670,ASN-30942,Vietnam,PMO - US,Direct Drop,EXW,Air,2014-10-30,2014-12-08,2015-04-14,2015-04-14,2015-04-14,ARV,Adult,HETERO LABS LIMITED,"Abacavir 300mg, tablets, 60 Tabs",Abacavir,Generic,300mg,Tablet,60,1900,21280.0,11.2,0.19,Hetero Unit III Hyderabad IN,True,2356.0,3688.77,21.88
3045,19851,114-UG-T30,FPQ-12777,SCMS-202560,ASN-22984,Uganda,PMO - US,Direct Drop,EXW,Air,2013-08-05,2013-08-09,2013-12-10,2013-12-12,2013-12-13,ARV,Pediatric,Aurobindo Pharma Limited,"Nevirapine 10mg/ml, oral suspension w/syringe, Bottle, 100 ml",Nevirapine,Generic,10mg/ml,Oral suspension,100,11310,14703.0,1.3,0.01,"Aurobindo Unit III, India",True,2454.0,10898.12,18.19
3046,19863,116-ZA-T30,FPQ-14942,SCMS-259078,ASN-33470,South Africa,PMO - US,Direct Drop,DDP,Truck,2014-09-11,2014-10-09,2015-07-24,2015-07-24,2015-07-24,ARV,Adult,PHARMACY DIRECT,"Lamivudine/Zidovudine 150/300mg, tablets, 60 Tabs",Lamivudine/Zidovudine,Generic,150/300mg,Tablet - FDC,60,23,528.93,23.0,0.38,"Aurobindo Unit III, India",False,27.0,0.0,0.54
3047,19873,116-ZA-T30,FPQ-14942,SCMS-259078,ASN-33470,South Africa,PMO - US,Direct Drop,DDP,Truck,2014-09-11,2014-10-09,2015-07-24,2015-07-24,2015-07-24,ARV,Adult,PHARMACY DIRECT,"Nevirapine 200mg, tablets, 60 Tabs",Nevirapine,Generic,200mg,Tablet,60,23,315.96,13.74,0.23,"Aurobindo Unit III, India",False,27.0,0.0,0.32
3048,19891,161-ZA-T30,FPQ-6262,SCMS-83890,ASN-9513,South Africa,PMO - US,Direct Drop,DDP,Ocean,2010-08-31,2010-09-21,2011-02-24,2011-02-24,2011-02-24,ARV,Pediatric,CIPLA LIMITED,"Lamivudine 10mg/ml, oral solution w/syringe, Bottle, 240 ml",Lamivudine,Generic,10mg/ml,Oral solution,240,55000,114400.0,2.08,0.01,"Cipla, Goa, India",True,20419.0,17267.14,246.65
3049,19905,108-VN-T30,FPQ-5899,SCMS-77250,ASN-8909,Vietnam,PMO - US,Direct Drop,EXW,Air,2010-06-23,2010-07-01,2010-12-08,2010-12-08,2010-12-08,ARV,Adult,Aurobindo Pharma Limited,"Lamivudine/Zidovudine 150/300mg, tablets, 60 Tabs",Lamivudine/Zidovudine,Generic,150/300mg,Tablet - FDC,60,20000,165000.0,8.25,0.14,"Aurobindo Unit III, India",True,1951.0,13083.7,355.74
3050,19924,106-HT-T30,FPQ-15102,SCMS-260780,ASN-31452,Haiti,PMO - US,Direct Drop,EXW,Air,2014-10-10,2014-11-05,2015-05-05,2015-05-05,2015-05-11,HRDT,HIV test,"Orgenics, Ltd","HIV 1/2, Determine Complete HIV Kit, 100 Tests","HIV 1/2, Determine Complete HIV Kit",Determine,no_dosage,Test kit,100,6302,630200.0,100.0,1.0,"Alere Medical Co., Ltd.",True,2557.0,21256.43,741.75
3051,19940,108-VN-T30,FPQ-13524,SCMS-226251,ASN-27964,Vietnam,PMO - US,Direct Drop,EXW,Air,2014-02-06,2014-06-27,2014-11-03,2014-11-03,2014-11-03,ARV,Adult,MYLAN LABORATORIES LTD (FORMERLY MATRIX LABORATORIES),"Lamivudine/Zidovudine 150/300mg, tablets, 60 Tabs",Lamivudine/Zidovudine,Generic,150/300mg,Tablet - FDC,60,20000,129800.0,6.49,0.11,Mylan (formerly Matrix) Nashik,True,1725.0,3273.14,133.43
3052,19958,103-KE-T30,FPQ-10018,SCMS-149610,ASN-15368,Kenya,PMO - US,Direct Drop,EXW,Air,2012-06-05,2012-06-14,2012-07-09,2012-07-09,2012-07-09,HRDT,HIV test,"Orgenics, Ltd","HIV 1/2, Determine Complete HIV Kit, 100 Tests","HIV 1/2, Determine Complete HIV Kit",Determine,no_dosage,Test kit,100,1,89.0,89.0,0.89,"Alere Medical Co., Ltd.",True,985.0,11034.01,0.12
3053,19959,116-ZA-T30,FPQ-13973,SCMS-238555,ASN-29257,South Africa,PMO - US,Direct Drop,DDP,Truck,2014-04-30,2014-11-04,2014-11-05,2014-11-05,2014-11-05,ARV,Adult,PHARMACY DIRECT,"Lamivudine 150mg, tablets, 60 Tabs",Lamivudine,Generic,150mg,Tablet,60,203,1855.98,9.14,0.15,"Aurobindo Unit III, India",True,668.5,0.0,1.91
3054,19977,116-ZA-T30,FPQ-4359,SCMS-54980,ASN-5372,South Africa,PMO - US,Direct Drop,DDP,Truck,2009-10-08,2009-10-15,2009-10-21,2009-10-21,2009-10-21,ARV,Pediatric,S. BUYS WHOLESALER,"Lamivudine 10mg/ml [Epivir], oral solution, Bottle, 240 ml",Lamivudine,Epivir,10mg/ml,Oral solution,240,1000,6669.31,6.67,0.03,GSK Mississauga (Canada),True,132.0,0.0,13.07
3055,19996,119-NA-T30,FPQ-3814,SCMS-47550,ASN-4512,Namibia,PMO - US,Direct Drop,EXW,Air,2009-05-29,2009-06-15,2009-08-05,2009-08-05,2009-08-05,ARV,Pediatric,CIPLA LIMITED,"Lamivudine/Nevirapine/Stavudine 30/50/6mg, dispersible tablets, 60 Tabs",Lamivudine/Nevirapine/Stavudine,Generic,30/50/6mg,Chewable/dispersible tablet - FDC,60,688,1651.2,2.4,0.04,"Cipla, Goa, India",True,53.0,571.53,3.24
3056,20044,116-ZA-T30,FPQ-13973,SCMS-238552,ASN-27608,South Africa,PMO - US,Direct Drop,DDP,Truck,2014-04-30,2014-08-05,2014-08-05,2014-08-05,2014-08-05,ARV,Adult,PHARMACY DIRECT,"Saquinavir 200mg [Invirase], capsules, 270 Caps",Saquinavir,Invirase,200mg,Capsule,270,30,2177.92,72.6,0.27,Roche Basel,True,55.0,0.0,2.24
3057,20073,133-NG-T30,FPQ-14995,SCMS-260700,ASN-29931,Nigeria,PMO - US,Direct Drop,EXW,Air,2014-09-22,2014-10-29,2015-01-19,2015-01-20,2015-01-22,HRDT,HIV test,"Orgenics, Ltd","HIV 1/2, Determine Complete HIV Kit, 100 Tests","HIV 1/2, Determine Complete HIV Kit",Determine,no_dosage,Test kit,100,3144,279816.0,89.0,0.89,"Alere Medical Co., Ltd.",True,1276.0,15681.99,287.65
3058,20133,114-UG-T30,FPQ-4185,SCMS-54140,ASN-5318,Uganda,PMO - US,Direct Drop,FCA,Air,2009-09-08,2009-09-30,2009-11-04,2009-11-04,2009-11-04,ARV,Adult,ABBVIE LOGISTICS (FORMERLY ABBOTT LOGISTICS BV),"Lopinavir/Ritonavir 200/50mg [Aluvia], tablets, 120 Tabs",Lopinavir/Ritonavir,Aluvia,200/50mg,Tablet,120,60,2169.6,36.16,0.3,ABBVIE Ludwigshafen Germany,True,36.0,814.04,4.25
3059,20172,111-MZ-T30,FPQ-10880,SCMS-164000,ASN-18532,Mozambique,PMO - US,Direct Drop,EXW,Air,2012-10-18,2012-11-06,2013-03-20,2013-03-21,2013-03-21,HRDT,HIV test,"Orgenics, Ltd","HIV 1/2, Determine Complete HIV Kit, 100 Tests","HIV 1/2, Determine Complete HIV Kit",Determine,no_dosage,Test kit,100,2939,235120.0,80.0,0.8,"Alere Medical Co., Ltd.",True,1330.0,13801.89,290.84
3060,20185,105-SS-T30,FPQ-14470,SCMS-245260,ASN-29409,South Sudan,PMO - US,Direct Drop,EXW,Air,2014-06-17,2014-06-30,2014-12-22,2014-12-22,2015-01-13,HRDT,HIV test - Ancillary,"Orgenics, Ltd","Chase Buffer, Determine, 100 Tests, 2.5ml x 1 Vial","Chase Buffer, Determine, 100 Tests, 2.5ml x 1 Vial",Determine,no_dosage,Test kit - Ancillary,1,160,800.0,5.0,5.0,"Alere Medical Co., Ltd.",True,149.0,2084.52,0.82
3061,20219,108-VN-T30,FPQ-10286,SCMS-156310,ASN-17176,Vietnam,PMO - US,Direct Drop,EXW,Air,2012-07-25,2012-08-15,2012-12-14,2012-12-14,2012-12-14,ARV,Adult,HETERO LABS LIMITED,"Lamivudine/Zidovudine 150/300mg, tablets, 60 Tabs",Lamivudine/Zidovudine,Generic,150/300mg,Tablet - FDC,60,10158,71918.64,7.08,0.12,Hetero Unit III Hyderabad IN,True,941.0,1934.17,100.83
3062,20236,101-CD-T30,FPQ-14255,SCMS-239810,ASN-27324,"Congo, DRC",PMO - US,Direct Drop,EXW,Air,2014-05-15,2014-05-19,2014-09-30,2014-09-30,2014-10-21,ARV,Pediatric,Aurobindo Pharma Limited,"Didanosine 200mg, delayed-release capsules, 30 Caps",Didanosine,Generic,200mg,Delayed-release capsules,30,550,6050.0,11.0,0.37,"Aurobindo Unit III, India",False,54.0,2346.5699999999997,6.22
3063,20239,107-RW-T30,FPQ-8742,SCMS-137421,ASN-15443,Rwanda,PMO - US,Direct Drop,EXW,Air,2011-12-07,2012-06-14,2012-07-20,2012-07-20,2012-07-20,ARV,Adult,HETERO LABS LIMITED,"Efavirenz 600mg, tablets, 30 Tabs",Efavirenz,Generic,600mg,Tablet,30,20370,72720.9,3.57,0.12,Hetero Unit III Hyderabad IN,True,1751.0,13244.8,101.95
3064,20245,102-SZ-T30,FPQ-10537,SCMS-159081,ASN-19430,Swaziland,PMO - US,Direct Drop,EXW,Air,2012-08-23,2012-09-12,2013-05-21,2013-05-21,2013-05-21,HRDT,HIV test,"Trinity Biotech, Plc","HIV 1/2, Uni-Gold HIV Kit, 20 Tests","HIV 1/2, Uni-Gold HIV Kit",Uni-Gold,no_dosage,Test kit,20,150,4800.0,32.0,1.6,"Trinity Biotech, Plc",True,58.0,642.05,6.73
3065,20264,107-RW-T30,FPQ-12518,SCMS-198222,ASN-24715,Rwanda,PMO - US,Direct Drop,EXW,Air,2013-06-21,2013-08-12,2014-03-27,2014-03-27,2014-03-27,HRDT,HIV test,"SHANGHAI KEHUA BIOENGINEERING CO.,LTD.  (KHB)","HIV 1/2, SKB Colloidal Gold, Diagnostic Kit, Antibody, 50 Tests","HIV 1/2, Colloidal Gold, Diagnostic Kit, Antibody",Colloidal Gold,no_dosage,Test kit,1,2988,73206.0,24.5,24.5,"KHB Test Kit Facility, Shanghai China",True,1992.0,26266.34,90.56
3066,20266,114-UG-T30,FPQ-9365,SCMS-142320,ASN-15425,Uganda,PMO - US,Direct Drop,DDP,Air,2012-03-15,2012-04-17,2012-07-05,2012-07-05,2012-07-05,ARV,Adult,ASPEN PHARMACARE,"Etravirine 100mg [Intelence], tablets, 120 Tabs",Etravirine,Intelence,100mg,Tablet,120,150,11250.0,75.0,0.62,"Janssen-Cilag, Latina, IT",True,49.0,475.0,15.77
3067,20274,108-VN-T30,FPQ-13976,SCMS-236060,ASN-27814,Vietnam,PMO - US,Direct Drop,EXW,Air,2014-04-08,2014-04-30,2014-09-22,2014-09-15,2014-09-17,ARV,Adult,HETERO LABS LIMITED,"Efavirenz/Lamivudine/Tenofovir Disoproxil Fumarate 600/300/300mg, tablets, 30 Tabs",Efavirenz/Lamivudine/Tenofovir Disoproxil Fumarate,Generic,600/300/300mg,Tablet - FDC,30,17280,181440.0,10.5,0.35,Hetero Unit III Hyderabad IN,True,2401.0,3701.66,186.52
3068,20280,123-NG-T30,FPQ-4066,SCMS-51270,ASN-5524,Nigeria,PMO - US,Direct Drop,FCA,Air,2009-08-03,2009-08-12,2009-12-15,2009-12-15,2009-12-15,ARV,Adult,Hoffmann-La Roche ltd Basel,"Saquinavir 500mg [Invirase], tablets, 120 Tabs",Saquinavir,Invirase,500mg,Tablet,120,500,47667.85,95.34,0.79,Roche Basel,True,83.0,852.02,93.43
3069,20291,116-ZA-T30,FPQ-5535,SCMS-71370,ASN-7373,South Africa,PMO - US,Direct Drop,DDP,Truck,2010-04-19,2010-04-21,2010-05-31,2010-05-31,2010-05-31,ARV,Adult,S. BUYS WHOLESALER,"Emtricitabine/Tenofovir Disoproxil Fumarate 200/300mg [Truvada], tablets, 30 Tabs",Emtricitabine/Tenofovir Disoproxil Fumarate,Truvada,300/200mg,Tablet - FDC,30,540,25796.95,47.77,1.59,"Aspen-OSD, Port Elizabeth, SA",False,519.0,0.0,55.62
3070,20294,110-ZM-T30,FPQ-12662,SCMS-202390,ASN-23686,Zambia,PMO - US,Direct Drop,EXW,Air,2013-07-22,2013-08-12,2014-02-14,2014-02-14,2014-02-18,ARV,Adult,MYLAN LABORATORIES LTD (FORMERLY MATRIX LABORATORIES),"Emtricitabine/Tenofovir Disoproxil Fumarate 200/300mg, tablets, 30 Tabs",Emtricitabine/Tenofovir Disoproxil Fumarate,Generic,200/300mg,Tablet - FDC,30,300000,1722000.0,5.74,0.19,Mylan (formerly Matrix) Nashik,True,24233.0,119474.09,2130.11
3071,20319,110-ZM-T30,FPQ-14236,SCMS-239740,ASN-26572,Zambia,PMO - US,Direct Drop,EXW,Air,2014-05-02,2014-05-20,2014-09-12,2014-09-12,2014-09-17,HRDT,HIV test,"Orgenics, Ltd","HIV 1/2, Determine Complete HIV Kit, 100 Tests","HIV 1/2, Determine Complete HIV Kit",Determine,no_dosage,Test kit,100,6000,480000.0,80.0,0.8,"Alere Medical Co., Ltd.",True,2439.0,30885.26,493.44
3072,20321,108-VN-T30,FPQ-9576,SCMS-145310,ASN-16124,Vietnam,PMO - US,Direct Drop,EXW,Air,2012-04-11,2012-06-11,2012-10-02,2012-10-02,2012-10-02,ARV,Adult,MYLAN LABORATORIES LTD (FORMERLY MATRIX LABORATORIES),"Abacavir 300mg, tablets, 60 Tabs",Abacavir,Generic,300mg,Tablet,60,331,4220.25,12.75,0.21,Mylan (formerly Matrix) Nashik,True,2951.0,7211.04,5.92
3073,20349,108-VN-T30,FPQ-9576,SCMS-145310,ASN-16124,Vietnam,PMO - US,Direct Drop,EXW,Air,2012-04-11,2012-06-11,2012-10-02,2012-10-02,2012-10-02,ARV,Adult,MYLAN LABORATORIES LTD (FORMERLY MATRIX LABORATORIES),"Tenofovir Disoproxil Fumarate 300mg, tablets, 30 Tabs",Tenofovir Disoproxil Fumarate,Generic,300mg,Tablet,30,30704,137860.96,4.49,0.15,Mylan (formerly Matrix) Nashik,False,668.5,4400.805,193.28
3074,20371,108-VN-T30,FPQ-9577,SCMS-145530,ASN-16123,Vietnam,PMO - US,Direct Drop,EXW,Air,2012-04-11,2012-06-12,2012-10-09,2012-10-09,2012-10-09,ARV,Pediatric,MYLAN LABORATORIES LTD (FORMERLY MATRIX LABORATORIES),"Lamivudine/Nevirapine/Zidovudine 30/50/60mg, dispersible tablets, 60 Tabs",Lamivudine/Nevirapine/Zidovudine,Generic,30/50/60mg,Chewable/dispersible tablet - FDC,60,1302,5403.3,4.15,0.07,Mylan (formerly Matrix) Nashik,True,4587.0,11252.53,7.58
3075,20383,106-HT-T30,FPQ-9636,SCMS-148370,ASN-16472,Haiti,PMO - US,Direct Drop,EXW,Ocean,2012-05-14,2012-07-03,2012-12-20,2012-12-20,2012-12-20,ARV,Adult,MYLAN LABORATORIES LTD (FORMERLY MATRIX LABORATORIES),"Lamivudine/Nevirapine/Zidovudine 150/200/300mg, tablets, 60 Tabs",Lamivudine/Nevirapine/Zidovudine,Generic,150/300/200mg,Tablet - FDC,60,34080,318648.0,9.35,0.16,Mylan (formerly Matrix) Nashik,True,4726.0,7208.11,446.74
3076,20407,116-ZA-T30,FPQ-12522,SCMS-199289,ASN-28036,South Africa,PMO - US,Direct Drop,DDP,Truck,2013-07-11,2014-08-29,2014-08-29,2014-08-29,2014-08-29,ARV,Adult,S. BUYS WHOLESALER,"Tenofovir Disoproxil Fumarate 300mg, tablets, 30 Tabs",Tenofovir Disoproxil Fumarate,Generic,300mg,Tablet,30,627,13051.03,20.82,0.69,Hetero Unit III Hyderabad IN,True,668.5,0.0,16.14
3077,20417,116-ZA-T30,FPQ-14942,SCMS-259079,ASN-33851,South Africa,PMO - US,Direct Drop,DDP,Truck,2014-09-11,2014-10-09,2015-08-24,2015-08-24,2015-08-24,ARV,Adult,PHARMACY DIRECT,"Efavirenz 600mg, tablets, 30 Tabs",Efavirenz,Generic,600mg,Tablet,30,42,507.93,12.09,0.4,"Aurobindo Unit III, India",True,123.0,0.0,0.52
3078,20432,161-ZA-T30,FPQ-7175,SCMS-103390,ASN-12169,South Africa,PMO - US,Direct Drop,DDP,Ocean,2011-03-10,2011-03-24,2011-10-10,2011-11-03,2011-11-03,ARV,Adult,Aurobindo Pharma Limited,"Efavirenz 600mg, tablets, 30 Tabs",Efavirenz,Generic,600mg,Tablet,30,106589,480716.39,4.51,0.15,"Aurobindo Unit III, India",True,9061.0,9323.3,793.18
3079,20450,101-CD-T30,FPQ-12093,SCMS-189070,ASN-20218,"Congo, DRC",PMO - US,Direct Drop,EXW,Air,2013-04-23,2013-05-17,2013-11-28,2013-11-28,2013-12-03,ARV,Pediatric,Aurobindo Pharma Limited,"Didanosine 125mg, delayed-release capsules, 30 Caps",Didanosine,Generic,125mg,Delayed-release capsules,30,171,1453.5,8.5,0.28,"Aurobindo Unit III, India",True,81.0,2782.94,1.8
3080,20462,104-CI-T30,FPQ-5209,SCMS-75381,ASN-7842,Côte d'Ivoire,PMO - US,Direct Drop,EXW,Air,2010-02-25,2010-06-07,2010-09-08,2010-09-08,2010-09-08,HRDT,HIV test,"Orgenics, Ltd","HIV 1/2, Determine HIV Kit, without Lancets, 100 Tests","HIV 1/2, Determine HIV Kit, without Lancets",Determine,no_dosage,Test kit,100,3000,233100.0,77.7,0.78,Inverness Japan,True,680.0,11463.46,502.56
3081,20506,108-VN-T30,FPQ-15692,SCMS-281650,ASN-32442,Vietnam,PMO - US,Direct Drop,EXW,Air,2015-01-28,2015-03-19,2015-07-07,2015-07-07,2015-07-07,ARV,Adult,HETERO LABS LIMITED,"Tenofovir Disoproxil Fumarate 300mg, tablets, 30 Tabs",Tenofovir Disoproxil Fumarate,Generic,300mg,Tablet,30,17300,54495.0,3.15,0.1,Hetero Unit III Hyderabad IN,True,1320.0,2730.91,64.14
3082,20512,107-RW-T30,FPQ-13853,SCMS-235960,ASN-27544,Rwanda,PMO - US,Direct Drop,EXW,Air,2014-03-25,2014-04-29,2014-08-22,2014-08-22,2014-08-26,ARV,Pediatric,EMCURE PHARMACEUTICALS LTD,"Atazanavir 200mg, capsules, 60 Caps",Atazanavir,Generic,200mg,Capsule,60,1411,46563.0,33.0,0.55,"Emcure Plot No.P-2, I.T-B.T. Park, Phase II, MIDC, Hinjwadi, Pune, India",True,145.0,1950.74,47.87
3083,20544,114-UG-T30,FPQ-15314,SCMS-264740,ASN-30492,Uganda,PMO - US,Direct Drop,EXW,Air,2014-11-11,2014-12-04,2015-02-27,2015-02-27,2015-03-01,HRDT,HIV test,"Orgenics, Ltd","HIV 1/2, Determine Complete HIV Kit, 100 Tests","HIV 1/2, Determine Complete HIV Kit",Determine,no_dosage,Test kit,100,4872,389760.0,80.0,0.8,"Alere Medical Co., Ltd.",True,1978.0,16876.25,458.75
3084,20558,101-CD-T30,FPQ-16001,SCMS-280220,ASN-32231,"Congo, DRC",PMO - US,Direct Drop,EXW,Air,2015-03-10,2015-03-17,2015-07-23,2015-07-23,2015-07-29,HRDT,HIV test,"Orgenics, Ltd","HIV 1/2, Determine Complete HIV Kit, 100 Tests","HIV 1/2, Determine Complete HIV Kit",Determine,no_dosage,Test kit,100,100,8000.0,80.0,0.8,"Alere Medical Co., Ltd.",False,34.0,2346.5699999999997,9.42
3085,20560,105-GH-T30,FPQ-13872,SCMS-235810,ASN-27124,Ghana,PMO - US,Direct Drop,FCA,Air,2014-03-24,2014-04-23,2014-08-06,2014-08-06,2014-08-15,ARV,Pediatric,ABBVIE LOGISTICS (FORMERLY ABBOTT LOGISTICS BV),"Lopinavir/Ritonavir 100/25mg [Aluvia], tablets, 60 Tabs",Lopinavir/Ritonavir,Generic,100/25mg,Tablet,60,448,2661.12,5.94,0.1,ABBVIE Ludwigshafen Germany,True,63.0,1317.82,2.74
3086,20619,109-TZ-T30,FPQ-12197,SCMS-189361,ASN-21237,Tanzania,PMO - US,Direct Drop,EXW,Air,2013-04-30,2013-05-29,2013-09-16,2013-09-16,2013-09-16,HRDT,HIV test,"Standard Diagnostics, Inc.","HIV 1/2, Determine Complete HIV Kit, 100 Tests","HIV 1/2, Determine Complete HIV Kit",Determine,no_dosage,Test kit,100,2500,200000.0,80.0,0.8,"Alere Medical Co., Ltd.",True,1036.0,17579.56,247.4
3087,20623,116-ZA-T30,FPQ-14942,SCMS-259071,ASN-29597,South Africa,PMO - US,Direct Drop,DDP,Truck,2014-09-11,2014-11-28,2014-11-28,2014-11-28,2014-11-28,ARV,Adult,PHARMACY DIRECT,"Tenofovir Disoproxil Fumarate 300mg, tablets, 30 Tabs",Tenofovir Disoproxil Fumarate,Generic,300mg,Tablet,30,121,1671.82,13.82,0.46,Mylan (formerly Matrix) Nashik,False,43.0,0.0,1.72
3088,20631,111-MZ-T30,FPQ-14844,SCMS-260210,ASN-30569,Mozambique,PMO - US,Direct Drop,CIP,Air,2014-08-27,2014-10-30,2015-02-16,2015-02-16,2015-03-12,ARV,Adult,JANSSEN SCIENCES IRELAND UC (FORMERLY JANSSEN R&D IRELAND),"Darunavir 600mg [Prezista], tablets, 60 Tabs",Darunavir,Prezista,600mg,Tablet,60,276,14904.0,54.0,0.9,"Janssen-Cilag, Latina, IT",True,26.0,0.0,15.32
3089,20666,112-NG-T30,FPQ-4044,SCMS-51240,ASN-4829,Nigeria,PMO - US,Direct Drop,FCA,Air,2009-08-04,2009-08-12,2009-10-16,2009-10-16,2009-10-16,ARV,Adult,ABBVIE LOGISTICS (FORMERLY ABBOTT LOGISTICS BV),"Lopinavir/Ritonavir 200/50mg [Aluvia], tablets, 120 Tabs",Lopinavir/Ritonavir,Aluvia,200/50mg,Tablet,120,500,18080.0,36.16,0.3,ABBVIE Ludwigshafen Germany,True,130.0,1599.22,35.44
3090,20667,114-UG-T30,FPQ-12777,SCMS-202560,ASN-22986,Uganda,PMO - US,Direct Drop,EXW,Air,2013-08-05,2013-08-09,2013-12-10,2013-12-12,2013-12-13,ARV,Pediatric,Aurobindo Pharma Limited,"Nevirapine 10mg/ml, oral suspension w/syringe, Bottle, 100 ml",Nevirapine,Generic,10mg/ml,Oral suspension,100,1503,1953.9,1.3,0.01,"Aurobindo Unit III, India",True,608.0,2485.92,2.42
3091,20671,161-ZA-T30,FPQ-7175,SCMS-123590,ASN-13057,South Africa,PMO - US,Direct Drop,DDP,Ocean,2011-03-10,2011-09-30,2012-01-16,2012-01-23,2012-01-23,ARV,Adult,Aurobindo Pharma Limited,"Efavirenz 600mg, tablets, 30 Tabs",Efavirenz,Generic,600mg,Tablet,30,91772,390948.72,4.26,0.14,"Aurobindo Unit III, India",True,7797.0,7292.27,645.07
3092,20684,116-ZA-T30,FPQ-14942,SCMS-259072,ASN-30377,South Africa,PMO - US,Direct Drop,DDP,Truck,2014-09-11,2015-01-26,2015-01-26,2015-01-26,2015-01-26,ARV,Adult,PHARMACY DIRECT,"Efavirenz 600mg, tablets, 30 Tabs",Efavirenz,Generic,600mg,Tablet,30,153,1724.15,11.27,0.38,"Aurobindo Unit III, India",False,34.0,0.0,1.77
3093,20690,200-ZW-T30,FPQ-6488,SCMS-90651,ASN-10895,Zimbabwe,PMO - US,Direct Drop,FCA,Air,2010-10-26,2010-11-10,2011-08-04,2011-08-04,2011-08-04,ARV,Pediatric,ABBVIE LOGISTICS (FORMERLY ABBOTT LOGISTICS BV),"Lopinavir/Ritonavir 80/20mg/ml [Kaletra], oral solution, cool, Bottle 5 x 60 ml",Lopinavir/Ritonavir,Kaletra,80/20mg/ml,Oral solution,300,1083,39161.28,36.16,0.12,ABBVIE (Abbott) Logis. UK,True,1042.0,17912.6,84.43
3094,20697,108-VN-T30,FPQ-10286,SCMS-156130,ASN-17075,Vietnam,PMO - US,Direct Drop,EXW,Air,2012-07-25,2012-08-14,2012-11-29,2012-11-29,2012-11-29,ARV,Pediatric,Aurobindo Pharma Limited,"Nevirapine 10mg/ml, oral suspension w/syringe, Bottle, 240 ml",Nevirapine,Generic,10mg/ml,Oral suspension,240,564,1099.8,1.95,0.01,"Aurobindo Unit III, India",True,5939.0,10770.55,1.54
3095,20723,116-ZA-T30,FPQ-14942,SCMS-259072,ASN-30377,South Africa,PMO - US,Direct Drop,DDP,Truck,2014-09-11,2015-01-26,2015-01-26,2015-01-26,2015-01-26,ARV,Adult,PHARMACY DIRECT,"Didanosine 400mg, delayed-release capsules, 30 Caps",Didanosine,Generic,400mg,Delayed-release capsules,30,7,99.53,14.22,0.47,"Aurobindo Unit III, India",False,668.5,0.0,0.1
3096,20735,107-RW-T30,FPQ-8932,SCMS-129780,ASN-13341,Rwanda,PMO - US,Direct Drop,EXW,Ocean,2011-12-06,2011-12-13,2012-04-13,2012-04-13,2012-04-13,ARV,Adult,Aurobindo Pharma Limited,"Lamivudine/Tenofovir Disoproxil Fumarate 300/300mg, tablets, 30 Tabs",Lamivudine/Tenofovir Disoproxil Fumarate,Generic,300/300mg,Tablet - FDC,30,132000,706200.0,5.35,0.18,"Aurobindo Unit VII, IN",True,12886.0,102761.99,990.09
3097,20761,114-UG-T30,FPQ-14325,SCMS-244400,ASN-28662,Uganda,PMO - US,Direct Drop,CIP,Air,2014-05-26,2014-06-23,2014-10-28,2014-10-28,2014-10-28,ARV,Adult,MERCK SHARP & DOHME IDEA GMBH (FORMALLY MERCK SHARP & DOHME B.V.),"Raltegravir 400mg [Isentress], tablets, 60 Tabs",Raltegravir,Isentress,400mg,Tablet,60,1299,72094.5,55.5,0.92,"MSD, Haarlem, NL",True,137.0,309.95,74.11
3098,20774,116-ZA-T30,FPQ-14942,SCMS-259079,ASN-33852,South Africa,PMO - US,Direct Drop,DDP,Truck,2014-09-11,2014-10-09,2015-08-24,2015-08-24,2015-08-24,ARV,Adult,PHARMACY DIRECT,"Lamivudine 150mg, tablets, 60 Tabs",Lamivudine,Generic,150mg,Tablet,60,119,839.15,7.05,0.12,"Aurobindo Unit III, India",False,668.5,0.0,0.86
3099,20824,901-CM-T30,FPQ-12837,SCMS-204360,ASN-21528,Cameroon,PMO - US,Direct Drop,EXW,Air,2013-08-19,2013-08-23,2013-09-26,2013-09-26,2013-09-26,ARV,Adult,CIPLA LIMITED,"Lamivudine/Zidovudine 150/300mg, tablets, 60 Tabs",Lamivudine/Zidovudine,Generic,150/300mg,Tablet - FDC,60,59,388.81,6.59,0.11,"Cipla, Goa, India",True,23.0,1067.02,0.48
3100,20878,108-VN-T30,FPQ-6384,SCMS-87700,ASN-9709,Vietnam,PMO - US,Direct Drop,FCA,Air,2010-09-30,2010-10-14,2011-02-24,2011-02-24,2011-02-24,ARV,Adult,ABBVIE LOGISTICS (FORMERLY ABBOTT LOGISTICS BV),"Ritonavir 100mg [Norvir], capsules, cool, 4 x 84 Caps",Ritonavir,Norvir,100mg,Capsule,336,12,2478.12,206.51,0.61,ABBVIE (Abbott) Logis. UK,True,51.0,4042.47,5.34
3101,20883,109-TZ-T30,FPQ-6925,SCMS-97120,ASN-9973,Tanzania,PMO - US,Direct Drop,EXW,Air,2010-12-27,2011-02-02,2011-05-16,2011-05-16,2011-05-16,HRDT,HIV test,"Standard Diagnostics, Inc.","HIV 1/2, Bioline 3.0 Kit, Lancets, Capillary pipets, Alcohol swabs included, 25 Tests","HIV 1/2, Bioline 3.0 Kit, Lancets, Capillary pipets, Alcohol swabs included",Bioline,no_dosage,Test kit,25,1520,30400.0,20.0,0.8,"Standard Diagnostics, Korea",True,507.0,4329.08,50.16
3102,20894,106-HT-T30,FPQ-9066,SCMS-138580,ASN-14408,Haiti,PMO - US,Direct Drop,EXW,Air,2012-01-06,2012-02-24,2012-04-22,2012-04-22,2012-04-22,ARV,Adult,Aurobindo Pharma Limited,"Lopinavir/Ritonavir 200/50mg, tablets, 120 Tabs",Lopinavir/Ritonavir,Generic,200/50mg,Tablet,120,5240,157200.0,30.0,0.25,"Aurobindo Unit III, India",False,668.5,2946.7200000000003,220.39
3103,20908,116-ZA-T30,FPQ-12522,SCMS-199289,ASN-28036,South Africa,PMO - US,Direct Drop,DDP,Truck,2013-07-11,2014-08-29,2014-08-29,2014-08-29,2014-08-29,ARV,Pediatric,S. BUYS WHOLESALER,"Lamivudine 10mg/ml, oral solution w/syringe, Bottle, 240 ml",Lamivudine,Generic,10mg/ml,Oral solution,240,43,339.26,7.89,0.03,"Aurobindo Unit III, India",False,2.0,0.0,0.42
3104,20947,116-ZA-T30,FPQ-14942,SCMS-259073,ASN-30671,South Africa,PMO - US,Direct Drop,DDP,Truck,2014-09-11,2015-02-12,2015-02-12,2015-02-12,2015-02-12,ARV,Adult,PHARMACY DIRECT,"Tenofovir Disoproxil Fumarate 300mg, tablets, 30 Tabs",Tenofovir Disoproxil Fumarate,Generic,300mg,Tablet,30,135,1865.0,13.81,0.46,Mylan (formerly Matrix) Nashik,False,168.0,0.0,1.92
3105,20952,116-ZA-T30,FPQ-13973,SCMS-238556,ASN-31854,South Africa,PMO - US,Direct Drop,DDP,Truck,2014-04-30,2015-04-28,2015-04-28,2015-04-28,2015-04-28,ARV,Adult,PHARMACY DIRECT,"Didanosine 400mg, delayed-release capsules, 30 Caps",Didanosine,Generic,400mg,Delayed-release capsules,30,4,78.7,19.68,0.66,"Aurobindo Unit III, India",True,78.0,0.0,0.08
3106,20961,108-VN-T30,FPQ-11560,SCMS-177620,ASN-20368,Vietnam,PMO - US,Direct Drop,EXW,Air,2013-02-07,2013-02-13,2013-08-01,2013-08-01,2013-08-01,ARV,Adult,MYLAN LABORATORIES LTD (FORMERLY MATRIX LABORATORIES),"Efavirenz/Lamivudine/Tenofovir Disoproxil Fumarate 600/300/300mg, tablets, 30 Tabs",Efavirenz/Lamivudine/Tenofovir Disoproxil Fumarate,Generic,600/300/300mg,Tablet - FDC,30,27122,311631.78,11.49,0.38,Mylan (formerly Matrix) Nashik,True,2843.0,9740.27,385.49
3107,20969,107-RW-T30,FPQ-13874,SCMS-232310,ASN-25925,Rwanda,PMO - US,Direct Drop,EXW,Air,2014-03-12,2014-04-03,2014-04-28,2014-06-16,2014-06-17,HRDT,HIV test,"SHANGHAI KEHUA BIOENGINEERING CO.,LTD.  (KHB)","HIV 1/2, SKB Colloidal Gold, Diagnostic Kit, Antibody, 50 Tests","HIV 1/2, Colloidal Gold, Diagnostic Kit, Antibody",Colloidal Gold,no_dosage,Test kit,1,4156,101822.0,24.5,24.5,"KHB Test Kit Facility, Shanghai China",True,2771.0,36502.8,104.67
3108,20975,116-ZA-T30,FPQ-12522,SCMS-199283,ASN-27975,South Africa,PMO - US,Direct Drop,DDP,Truck,2013-07-11,2014-08-27,2014-08-27,2014-08-27,2014-08-27,ARV,Adult,S. BUYS WHOLESALER,"Tenofovir Disoproxil Fumarate 300mg, tablets, 30 Tabs",Tenofovir Disoproxil Fumarate,Generic,300mg,Tablet,30,1,22.6,22.6,0.75,"Aurobindo Unit III, India",True,63.0,0.0,0.03
3109,21000,106-HT-T30,FPQ-14083,SCMS-240120,ASN-26692,Haiti,PMO - US,Direct Drop,FCA,Air,2014-05-11,2014-05-28,2014-09-09,2014-09-09,2014-09-10,ARV,Pediatric,ABBVIE LOGISTICS (FORMERLY ABBOTT LOGISTICS BV),"Lopinavir/Ritonavir 100/25mg [Aluvia], tablets, 60 Tabs",Lopinavir/Ritonavir,Generic,100/25mg,Tablet,60,520,3088.8,5.94,0.1,ABBVIE Ludwigshafen Germany,True,65.0,892.5,3.18
3110,22268,101-CD-T30,FPQ-13555,SCMS-234290,ASN-26632,"Congo, DRC",PMO - US,Direct Drop,EXW,Air,2014-03-19,2014-05-05,2014-08-22,2014-08-22,2014-08-22,ARV,Pediatric,CIPLA LIMITED,"Lamivudine/Zidovudine 30/60mg, tablets, 60 Tabs",Lamivudine/Zidovudine,Generic,30/60mg,Tablet - FDC,60,150,322.5,2.15,0.04,"Cipla, Goa, India",True,25.0,1765.03,0.33
3111,21028,116-ZA-T30,FPQ-12522,SCMS-199289,ASN-28037,South Africa,PMO - US,Direct Drop,DDP,Truck,2013-07-11,2014-08-29,2014-08-29,2014-08-29,2014-08-29,ARV,Adult,S. BUYS WHOLESALER,"Didanosine 400mg, delayed-release capsules, 30 Caps",Didanosine,Generic,400mg,Delayed-release capsules,30,23,499.23,21.71,0.72,"Aurobindo Unit III, India",False,27.0,0.0,0.62
3112,21033,110-ZM-T30,FPQ-13224,SCMS-215200,ASN-23390,Zambia,PMO - US,Direct Drop,FCA,Air,2013-10-31,2013-11-19,2014-02-07,2014-02-07,2014-02-13,ARV,Pediatric,ABBVIE LOGISTICS (FORMERLY ABBOTT LOGISTICS BV),"Lopinavir/Ritonavir 80/20mg/ml [Kaletra], oral solution, cool, Bottle 5 x 60 ml",Lopinavir/Ritonavir,Kaletra,80/20mg/ml,Oral solution,300,2569,79176.58,30.82,0.1,ABBVIE (Abbott) Logis. UK,True,2410.0,14384.91,81.39
3113,21037,114-UG-T30,FPQ-6918,SCMS-96930,ASN-10455,Uganda,PMO - US,Direct Drop,CIP,Air,2011-01-06,2011-01-21,2011-04-19,2011-04-19,2011-04-19,ARV,Adult,MERCK SHARP & DOHME IDEA GMBH (FORMALLY MERCK SHARP & DOHME B.V.),"Raltegravir 400mg [Isentress], tablets, 60 Tabs",Raltegravir,Isentress,400mg,Tablet,60,55,5032.5,91.5,1.52,"MSD, Haarlem, NL",True,6.0,99.0,8.3
3114,21044,108-VN-T30,FPQ-12539,SCMS-199800,ASN-22999,Vietnam,PMO - US,Direct Drop,EXW,Air,2013-07-11,2013-08-02,2013-12-23,2013-12-23,2013-12-23,ARV,Adult,MYLAN LABORATORIES LTD (FORMERLY MATRIX LABORATORIES),"Lamivudine/Zidovudine 150/300mg, tablets, 60 Tabs",Lamivudine/Zidovudine,Generic,150/300mg,Tablet - FDC,60,1652,10721.48,6.49,0.11,Mylan (formerly Matrix) Nashik,True,146.0,746.89,13.26
3115,21045,107-RW-T30,FPQ-12518,SCMS-198222,ASN-24718,Rwanda,PMO - US,Direct Drop,EXW,Air,2013-06-21,2013-08-12,2014-03-27,2014-03-27,2014-03-27,HRDT,HIV test,"SHANGHAI KEHUA BIOENGINEERING CO.,LTD.  (KHB)","HIV 1/2, SKB Colloidal Gold, Diagnostic Kit, Antibody, 50 Tests","HIV 1/2, Colloidal Gold, Diagnostic Kit, Antibody",Colloidal Gold,no_dosage,Test kit,1,2988,73206.0,24.5,24.5,"KHB Test Kit Facility, Shanghai China",True,1992.0,26266.34,90.56
3116,21061,111-MZ-T30,FPQ-4108,SCMS-52430,ASN-5474,Mozambique,PMO - US,Direct Drop,FCA,Air,2009-08-20,2009-09-03,2009-11-23,2009-11-23,2009-11-23,ARV,Adult,Hoffmann-La Roche ltd Basel,"Saquinavir 200mg [Invirase], capsules, 270 Caps",Saquinavir,Invirase,200mg,Capsule,270,168,15864.66,94.43,0.35,Roche Basel,True,86.0,1242.33,31.09
3117,21076,101-KE-T30,FPQ-11883,SCMS-184970,ASN-20150,Kenya,PMO - US,Direct Drop,EXW,Air,2013-03-25,2013-05-15,2013-08-05,2013-08-05,2013-08-05,HRDT,HIV test,Premier Medical Corporation Ltd.,"HIV 1/2/O, First Response HIV 1-2.0, v.3.0 Cards Kit, 30 Tests","HIV 1/2/O, First Response HIV 1-2.0, v.3.0 Cards Kit",First Response,no_dosage,Test kit,30,6667,146674.0,22.0,0.73,Premier Med. Corp Ltd. India,True,2020.0,10682.41,181.44
3118,21091,106-HT-T30,FPQ-9635,SCMS-148440,ASN-15571,Haiti,PMO - US,Direct Drop,EXW,Ocean,2012-05-14,2012-06-28,2012-10-22,2012-10-22,2012-10-22,ARV,Pediatric,MYLAN LABORATORIES LTD (FORMERLY MATRIX LABORATORIES),"Lamivudine/Nevirapine/Zidovudine 30/50/60mg, dispersible tablets, 60 Tabs",Lamivudine/Nevirapine/Zidovudine,Generic,30/50/60mg,Chewable/dispersible tablet - FDC,60,5324,22094.6,4.15,0.07,Mylan (formerly Matrix) Nashik,True,4654.0,8538.03,30.98
3119,21092,161-ZA-T30,FPQ-5303,SCMS-68940,ASN-8040,South Africa,PMO - US,Direct Drop,DDP,Air,2010-03-18,2010-03-19,2010-09-07,2010-10-15,2010-10-15,ARV,Adult,Aurobindo Pharma Limited,"Efavirenz 600mg, tablets, 30 Tabs",Efavirenz,Generic,600mg,Tablet,30,34560,161395.2,4.67,0.16,"Aurobindo Unit III, India",True,3240.0,4263.07,347.97
3120,21096,900-SS-T30,FPQ-8611,SCMS-127510,ASN-13212,South Sudan,PMO - US,Direct Drop,EXW,Air,2011-11-04,2011-11-16,2012-02-08,2012-02-08,2012-02-08,HRDT,HIV test,"Orgenics, Ltd","HIV 1/2, Determine Complete HIV Kit, 100 Tests","HIV 1/2, Determine Complete HIV Kit",Determine,no_dosage,Test kit,100,470,41830.0,89.0,0.89,"Alere Medical Co., Ltd.",True,244.0,7428.38,58.65
3121,21125,109-TZ-T30,FPQ-6728,SCMS-94240,ASN-9436,Tanzania,PMO - US,Direct Drop,EXW,Air,2010-12-02,2010-12-09,2011-03-10,2011-03-10,2011-03-10,ARV,Pediatric,EMCURE PHARMACEUTICALS LTD,"Atazanavir 150mg, capsules, 60 Caps",Atazanavir,Generic,150mg,Capsule,60,1135,29612.15,26.09,0.43,"Emcure Plot No.P-2, I.T-B.T. Park, Phase II, MIDC, Hinjwadi, Pune, India",True,103.0,1308.4,48.86
3122,21143,202-GT-T30,FPQ-6944,SCMS-98040,ASN-12152,Guatemala,PMO - US,Direct Drop,DDU,Air,2011-01-17,2011-01-25,2011-09-12,2011-09-12,2011-09-12,ARV,Pediatric,IDIS LIMITED,"Didanosine 50mg [Videx], chewable tablets, 60 Tabs",Didanosine,Videx,50mg,Chewable/dispersible tablet,60,192,14519.04,75.62,1.26,"BMS Meymac, France",True,47.0,0.0,23.96
3123,21147,133-NG-T30,FPQ-5815,SCMS-77240,ASN-7561,Nigeria,PMO - US,Direct Drop,EXW,Air,2010-06-07,2010-06-28,2010-07-22,2010-07-22,2010-07-22,HRDT,HIV test,"Trinity Biotech, Plc","HIV 1/2, Uni-Gold HIV Kit, 20 Tests","HIV 1/2, Uni-Gold HIV Kit",Uni-Gold,no_dosage,Test kit,20,7000,224000.0,32.0,1.6,"Trinity Biotech, Plc",True,2373.0,29878.21,482.94
3124,21174,104-CI-T30,FPQ-3882,SCMS-51810,ASN-4979,Côte d'Ivoire,PMO - US,Direct Drop,FCA,Air,2009-07-24,2009-08-24,2009-10-08,2009-10-08,2009-10-08,ARV,Adult,ABBVIE LOGISTICS (FORMERLY ABBOTT LOGISTICS BV),"Lopinavir/Ritonavir 200/50mg [Aluvia], tablets, 120 Tabs",Lopinavir/Ritonavir,Aluvia,200/50mg,Tablet,120,11480,415116.8,36.16,0.3,ABBVIE Ludwigshafen Germany,True,4794.0,28238.31,813.63
3125,21175,116-ZA-T30,FPQ-13214,SCMS-215410,ASN-23875,South Africa,PMO - US,Direct Drop,DDP,Truck,2013-11-14,2013-12-02,2014-01-13,2014-01-13,2014-01-13,ARV,Adult,S. BUYS WHOLESALER,"Tenofovir Disoproxil Fumarate 300mg, tablets, 30 Tabs",Tenofovir Disoproxil Fumarate,Generic,300mg,Tablet,30,1485,27749.02,18.69,0.62,Hetero Unit III Hyderabad IN,False,914.0,0.0,28.53
3126,21193,127-KE-T30,FPQ-7684,SCMS-109250,ASN-11441,Kenya,PMO - US,Direct Drop,EXW,Air,2011-05-05,2011-05-19,2011-08-09,2011-08-11,2011-08-11,HRDT,HIV test,"Orgenics, Ltd","HIV 1/2, Determine Complete HIV Kit, 100 Tests","HIV 1/2, Determine Complete HIV Kit",Determine,no_dosage,Test kit,100,8331,741459.0,89.0,0.89,Inverness Japan,True,1980.0,37548.87,1223.41
3127,21199,106-HT-T30,FPQ-13797,SCMS-233920,ASN-27200,Haiti,PMO - US,Direct Drop,FCA,Air,2014-03-20,2014-04-28,2014-08-29,2014-08-29,2014-09-03,ARV,Pediatric,ABBVIE LOGISTICS (FORMERLY ABBOTT LOGISTICS BV),"Lopinavir/Ritonavir 80/20mg/ml [Kaletra], oral solution, cool, Bottle 5 x 60 ml",Lopinavir/Ritonavir,Kaletra,80/20mg/ml,Oral solution,300,40,1232.8,30.82,0.1,ABBVIE (Abbott) Logis. UK,True,61.0,1257.16,1.27
3128,21217,109-TZ-T30,FPQ-13927,SCMS-232850,ASN-25559,Tanzania,PMO - US,Direct Drop,EXW,Air,2014-03-21,2014-03-27,2014-06-24,2014-06-24,2014-06-24,ARV,Pediatric,MYLAN LABORATORIES LTD (FORMERLY MATRIX LABORATORIES),"Lamivudine/Nevirapine/Zidovudine 30/50/60mg, dispersible tablets, 60 Tabs",Lamivudine/Nevirapine/Zidovudine,Generic,30/50/60mg,Chewable/dispersible tablet - FDC,60,36000,129600.0,3.6,0.06,Mylan (formerly Matrix) Nashik,True,2205.0,9815.52,133.23
3129,21230,109-TZ-T30,FPQ-12286,SCMS-193860,ASN-21926,Tanzania,PMO - US,Direct Drop,EXW,Air,2013-05-16,2013-06-11,2013-11-21,2013-11-21,2013-11-21,ARV,Adult,HETERO LABS LIMITED,"Efavirenz/Lamivudine/Tenofovir Disoproxil Fumarate 600/300/300mg, tablets, 30 Tabs",Efavirenz/Lamivudine/Tenofovir Disoproxil Fumarate,Generic,600/300/300mg,Tablet - FDC,30,200000,2100000.0,10.5,0.35,Hetero Unit III Hyderabad IN,True,28168.0,127285.48,2597.7
3130,21276,161-ZA-T30,FPQ-6708,SCMS-93490,ASN-10251,South Africa,PMO - US,Direct Drop,DDP,Ocean,2010-11-26,2010-12-14,2011-04-04,2011-05-27,2011-05-27,ARV,Pediatric,Aurobindo Pharma Limited,"Nevirapine 10mg/ml, oral suspension w/syringe, Bottle, 240 ml",Nevirapine,Generic,10mg/ml,Oral suspension,240,4529,9601.48,2.12,0.01,"Aurobindo Unit III, India",True,1679.0,3524.93,15.84
3131,21279,101-CD-T30,FPQ-11103,SCMS-170580,ASN-18701,"Congo, DRC",PMO - US,Direct Drop,EXW,Air,2012-12-07,2013-01-03,2013-07-11,2013-07-11,2013-07-11,ARV,Pediatric,Aurobindo Pharma Limited,"Nevirapine 50mg, dispersible tablets (tablets for oral suspension), 30 Tabs",Nevirapine,Generic,50mg,Chewable/dispersible tablet,30,984,1230.0,1.25,0.04,"Aurobindo Unit III, India",True,53.0,938.05,1.52
3132,21301,109-TZ-T30,FPQ-5437,SCMS-71420,ASN-7131,Tanzania,PMO - US,Direct Drop,EXW,Air,2010-04-15,2010-04-23,2010-08-02,2010-08-02,2010-08-02,ARV,Pediatric,EMCURE PHARMACEUTICALS LTD,"Atazanavir 150mg, capsules, 60 Caps",Atazanavir,Generic,150mg,Capsule,60,1065,27785.85,26.09,0.43,"Emcure Plot No.P-2, I.T-B.T. Park, Phase II, MIDC, Hinjwadi, Pune, India",True,112.0,1122.07,59.91
3133,21336,116-ZA-T30,FPQ-5535,SCMS-71370,ASN-7373,South Africa,PMO - US,Direct Drop,DDP,Truck,2010-04-19,2010-04-21,2010-05-31,2010-05-31,2010-05-31,ARV,Adult,S. BUYS WHOLESALER,"Efavirenz 600mg, tablets, 30 Tabs",Efavirenz,Generic,600mg,Tablet,30,1500,29714.49,19.81,0.66,"Cipla, Goa, India",False,575.0,0.0,64.06
3134,21338,116-ZA-T30,FPQ-11828,SCMS-183950,ASN-19166,South Africa,South Africa Field Office,Direct Drop,DDP,Truck,2013-03-18,2012-10-16,2013-04-16,2013-04-16,2013-04-16,ARV,Adult,S. BUYS WHOLESALER,"Lamivudine/Zidovudine 150/300mg [Combivir], tablets, 60 Tabs",Lamivudine/Zidovudine,Combivir,150/300mg,Tablet - FDC,60,39,746.32,19.14,0.32,"GSK, U1, Poznan, Poland",False,668.5,0.0,0.92
3135,21378,114-UG-T30,FPQ-12777,SCMS-202560,ASN-22985,Uganda,PMO - US,Direct Drop,EXW,Air,2013-08-05,2013-08-09,2013-12-10,2013-12-12,2013-12-13,ARV,Pediatric,Aurobindo Pharma Limited,"Nevirapine 10mg/ml, oral suspension w/syringe, Bottle, 100 ml",Nevirapine,Generic,10mg/ml,Oral suspension,100,10368,13478.4,1.3,0.01,"Aurobindo Unit III, India",True,2127.0,2485.92,16.67
3136,21380,110-ZM-T30,FPQ-6263,SCMS-87290,ASN-9000,Zambia,PMO - US,Direct Drop,EXW,Air,2010-09-08,2010-10-07,2010-12-17,2010-12-21,2010-12-21,HRDT,HIV test,"Orgenics, Ltd","HIV 1/2, Determine Complete HIV Kit, 100 Tests","HIV 1/2, Determine Complete HIV Kit",Determine,no_dosage,Test kit,100,2415,193200.0,80.0,0.8,Inverness Japan,True,1167.0,19610.11,416.54
3137,21390,108-VN-T30,FPQ-14516,SCMS-251671,ASN-29771,Vietnam,PMO - US,Direct Drop,EXW,Air,2014-07-09,2014-11-24,2015-01-15,2015-01-15,2015-02-24,ARV,Adult,MYLAN LABORATORIES LTD (FORMERLY MATRIX LABORATORIES),"Abacavir 300mg, tablets, 60 Tabs",Abacavir,Generic,300mg,Tablet,60,1200,13308.0,11.09,0.18,Mylan (formerly Matrix) Nashik,True,128.0,1069.31,13.68
3138,21399,116-ZA-T30,FPQ-14942,SCMS-259072,ASN-30377,South Africa,PMO - US,Direct Drop,DDP,Truck,2014-09-11,2015-01-26,2015-01-26,2015-01-26,2015-01-26,ARV,Adult,PHARMACY DIRECT,"Lamivudine 150mg, tablets, 60 Tabs",Lamivudine,Generic,150mg,Tablet,60,191,1261.81,6.61,0.11,"Aurobindo Unit III, India",False,668.5,0.0,1.3
3139,21414,114-UG-T30,FPQ-12477,SCMS-198541,ASN-22494,Uganda,PMO - US,Direct Drop,EXW,Air,2013-07-08,2013-09-10,2013-11-16,2013-11-16,2013-11-21,ARV,Adult,CIPLA LIMITED,"Lamivudine/Nevirapine/Zidovudine 150/200/300mg, tablets, 60 Tabs",Lamivudine/Nevirapine/Zidovudine,Generic,150/300/200mg,Tablet - FDC,60,60929,493524.9,8.1,0.13,"Cipla, Goa, India",True,8638.0,30764.18,610.49
3140,21469,105-SS-T30,FPQ-15569,SCMS-272170,ASN-32106,South Sudan,PMO - US,Direct Drop,EXW,Air,2014-12-29,2015-02-20,2015-07-02,2015-07-07,2015-07-07,HRDT,HIV test - Ancillary,"Orgenics, Ltd","Chase Buffer, Determine, 100 Tests, 2.5ml x 1 Vial","Chase Buffer, Determine, 100 Tests, 2.5ml x 1 Vial",Determine,no_dosage,Test kit - Ancillary,1,20,100.0,5.0,5.0,"Alere Medical Co., Ltd.",False,30.0,2575.925,0.12
3141,21478,116-ZA-T30,FPQ-13973,SCMS-238551,ASN-26882,South Africa,PMO - US,Direct Drop,DDP,Truck,2014-04-30,2014-06-25,2014-06-25,2014-06-25,2014-06-25,ARV,Pediatric,PHARMACY DIRECT,"Abacavir 20mg/ml, oral solution, Bottle, 240 ml",Abacavir,Generic,20mg/ml,Oral solution,240,24,588.25,24.51,0.1,"Aurobindo Unit III, India",True,14.5,0.0,0.6
3142,21480,108-VN-T30,FPQ-13976,SCMS-236060,ASN-27813,Vietnam,PMO - US,Direct Drop,EXW,Air,2014-04-08,2014-04-30,2014-09-22,2014-09-15,2014-09-17,ARV,Adult,HETERO LABS LIMITED,"Efavirenz/Lamivudine/Tenofovir Disoproxil Fumarate 600/300/300mg, tablets, 30 Tabs",Efavirenz/Lamivudine/Tenofovir Disoproxil Fumarate,Generic,600/300/300mg,Tablet - FDC,30,14780,155190.0,10.5,0.35,Hetero Unit III Hyderabad IN,True,1671.0,2718.03,159.54
3143,21491,114-UG-T30,FPQ-11098,SCMS-171680,ASN-18883,Uganda,PMO - US,Direct Drop,EXW,Air,2012-12-13,2013-01-02,2013-04-29,2013-04-29,2013-04-29,HRDT,HIV test,"Orgenics, Ltd","HIV 1/2, Determine Complete HIV Kit, 100 Tests","HIV 1/2, Determine Complete HIV Kit",Determine,no_dosage,Test kit,100,2957,236560.0,80.0,0.8,"Alere Medical Co., Ltd.",True,1313.0,31917.19,292.62
3144,21493,102-BI-T30,FPQ-12580,SCMS-199580,ASN-21349,Burundi,PMO - US,Direct Drop,EXW,Air,2013-07-09,2013-07-31,2013-09-20,2013-09-20,2013-09-20,HRDT,HIV test,"CHEMBIO DIAGNOSTIC SYSTEMS, INC.","HIV 1/2, Stat-Pak Dipstick Assay Kit, 30 Tests","HIV 1/2, Stat-Pak Dipstick Assay Kit",Stat-Pak,no_dosage,Test kit,30,1249,34472.4,27.6,0.92,Chembio Diagnostics Sys. Inc.,True,145.0,1682.15,42.64
3145,21525,116-ZA-T30,FPQ-13973,SCMS-238553,ASN-28021,South Africa,PMO - US,Direct Drop,DDP,Truck,2014-04-30,2014-08-28,2014-08-28,2014-08-28,2014-08-28,ARV,Pediatric,PHARMACY DIRECT,"Abacavir 20mg/ml, oral solution, Bottle, 240 ml",Abacavir,Generic,20mg/ml,Oral solution,240,60,1470.62,24.51,0.1,"Aurobindo Unit III, India",False,108.0,0.0,1.51
3146,21536,110-PK-T30,FPQ-9896,SCMS-149790,ASN-23519,Pakistan,PMO - US,Direct Drop,EXW,Air,2012-05-18,2012-07-09,2014-03-17,2014-03-17,2014-03-17,HRDT,HIV test,INVERNESS MEDICAL INNOVATIONS HONG KONG LTD,"HIV 1/2, Determine Complete HIV Kit, 100 Tests","HIV 1/2, Determine Complete HIV Kit",Determine,no_dosage,Test kit,100,4484,358720.0,80.0,0.8,"Alere Medical Co., Ltd.",True,1744.0,19489.83,502.93
3147,21540,116-ZA-T30,FPQ-12522,SCMS-199289,ASN-28036,South Africa,PMO - US,Direct Drop,DDP,Truck,2013-07-11,2014-08-29,2014-08-29,2014-08-29,2014-08-29,ARV,Adult,S. BUYS WHOLESALER,"Zidovudine 300mg, tablets, 60 Tabs",Zidovudine,Generic,300mg,Tablet,60,17,460.89,27.11,0.45,"Aurobindo Unit III, India",False,50.0,0.0,0.57
3148,21556,108-VN-T30,FPQ-11418,SCMS-176180,ASN-19098,Vietnam,PMO - US,Direct Drop,EXW,Air,2013-01-29,2013-02-05,2013-05-22,2013-05-22,2013-05-22,ARV,Pediatric,Aurobindo Pharma Limited,"Nevirapine 10mg/ml, oral suspension w/syringe, Bottle, 240 ml",Nevirapine,Generic,10mg/ml,Oral suspension,240,837,1548.45,1.85,0.01,"Aurobindo Unit III, India",True,526.0,6368.02,1.92
3149,21557,103-ZW-T30,FPQ-9905,SCMS-149110,ASN-18802,Zimbabwe,PMO - US,Direct Drop,FCA,Air,2012-05-29,2012-07-18,2013-04-25,2013-04-25,2013-04-25,ARV,Pediatric,ABBVIE LOGISTICS (FORMERLY ABBOTT LOGISTICS BV),"Lopinavir/Ritonavir 80/20mg/ml [Kaletra], oral solution, cool, Bottle 5 x 60 ml",Lopinavir/Ritonavir,Kaletra,80/20mg/ml,Oral solution,300,846,26073.72,30.82,0.1,ABBVIE (Abbott) Logis. UK,True,798.0,9299.26,36.56
3150,21563,109-TZ-T30,FPQ-13927,SCMS-233190,ASN-25567,Tanzania,PMO - US,Direct Drop,EXW,Ocean,2014-03-21,2014-03-31,2014-05-27,2014-05-27,2014-06-12,ARV,Pediatric,MYLAN LABORATORIES LTD (FORMERLY MATRIX LABORATORIES),"Lamivudine/Nevirapine/Zidovudine 30/50/60mg, dispersible tablets, 60 Tabs",Lamivudine/Nevirapine/Zidovudine,Generic,30/50/60mg,Chewable/dispersible tablet - FDC,60,115000,414000.0,3.6,0.06,Mylan (formerly Matrix) Nashik,True,10504.0,28270.78,425.59
3151,21568,104-CI-T30,FPQ-7325,SCMS-106580,ASN-11773,Côte d'Ivoire,PMO - US,Direct Drop,EXW,Air,2011-03-09,2011-05-05,2011-09-12,2011-09-12,2011-09-12,HRDT,HIV test,"Standard Diagnostics, Inc.","HIV 1/2, Bioline 3.0 Kit, Lancets, Capillary pipets, Alcohol swabs included, 25 Tests","HIV 1/2, Bioline 3.0 Kit, Lancets, Capillary pipets, Alcohol swabs included",Bioline,no_dosage,Test kit,25,1209,24180.0,20.0,0.8,"Standard Diagnostics, Korea",True,403.0,5639.42,39.9
3152,21573,101-CD-T30,FPQ-13548,SCMS-224850,ASN-25795,"Congo, DRC",PMO - US,Direct Drop,DDP,Truck,2014-01-22,2014-01-30,2014-04-07,2014-04-07,2014-04-23,HRDT,HIV test - Ancillary,WAGENIA,"Chase Buffer, Determine, 100 Tests, 2.5ml x 1 Vial","Chase Buffer, Determine, 100 Tests, 2.5ml x 1 Vial",Determine,no_dosage,Test kit - Ancillary,1,2500,18775.0,7.51,7.51,"Alere Medical Co., Ltd.",True,851.0,0.0,19.3
3153,21576,108-VN-T30,FPQ-14516,SCMS-249140,ASN-29592,Vietnam,PMO - US,Direct Drop,FCA,Air,2014-07-09,2014-08-11,2015-01-16,2015-01-16,2015-01-17,ARV,Adult,ABBVIE LOGISTICS (FORMERLY ABBOTT LOGISTICS BV),"Lopinavir/Ritonavir 200/50mg [Aluvia], tablets, 120 Tabs",Lopinavir/Ritonavir,Aluvia,200/50mg,Tablet,120,5600,340592.0,60.82,0.51,ABBVIE Ludwigshafen Germany,True,1368.0,4489.32,350.13
3154,21590,104-CI-T30,FPQ-6024,SCMS-80900,ASN-8019,Côte d'Ivoire,PMO - US,Direct Drop,CIP,Air,2010-07-19,2010-08-02,2010-09-08,2010-09-08,2010-09-08,ARV,Pediatric,BRISTOL-MYERS SQUIBB,"Didanosine 25mg [Videx], chewable tablets, 60 Tabs",Didanosine,Videx,25mg,Chewable/dispersible tablet,60,415,2905.0,7.0,0.12,"BMS Meymac, France",False,668.5,4063.81,6.26
3155,21606,161-ZA-T30,FPQ-6708,SCMS-93490,ASN-10129,South Africa,PMO - US,Direct Drop,DDP,Ocean,2010-11-26,2010-12-14,2011-04-04,2011-04-04,2011-04-04,ARV,Pediatric,Aurobindo Pharma Limited,"Nevirapine 10mg/ml, oral suspension w/syringe, Bottle, 240 ml",Nevirapine,Generic,10mg/ml,Oral suspension,240,3971,8418.52,2.12,0.01,"Aurobindo Unit III, India",True,1472.0,3524.95,13.89
3156,21656,110-ZM-T30,FPQ-14151,SCMS-240080,ASN-26468,Zambia,PMO - US,Direct Drop,EXW,Air,2014-04-30,2014-05-21,2014-07-20,2014-07-20,2014-08-01,ARV,Adult,Aurobindo Pharma Limited,"Nevirapine 200mg, tablets, 60 Tabs",Nevirapine,Generic,200mg,Tablet,60,42813,96329.25,2.25,0.04,"Aurobindo Unit III, India",True,4369.0,22508.32,99.03
3157,21666,108-VN-T30,FPQ-16194,SCMS-285450,ASN-33290,Vietnam,PMO - US,Direct Drop,EXW,Air,2015-04-14,2015-05-11,2015-09-07,2015-09-07,2015-09-07,ARV,Adult,Aurobindo Pharma Limited,"Efavirenz 600mg, tablets, 30 Tabs",Efavirenz,Generic,600mg,Tablet,30,5000,16500.0,3.3,0.11,"Aurobindo Unit III, India",True,452.0,4400.805,19.42
3158,21674,108-VN-T30,FPQ-8428,SCMS-123600,ASN-13410,Vietnam,PMO - US,Direct Drop,EXW,Air,2011-09-21,2011-10-04,2012-02-18,2012-02-18,2012-02-18,ARV,Adult,Aurobindo Pharma Limited,"Lamivudine/Zidovudine 150/300mg, tablets, 60 Tabs",Lamivudine/Zidovudine,Generic,150/300mg,Tablet - FDC,60,15211,120927.45,7.95,0.13,"Aurobindo Unit III, India",False,668.5,4400.805,199.53
3159,21705,108-VN-T30,FPQ-10811,SCMS-164570,ASN-18408,Vietnam,PMO - US,Direct Drop,EXW,Air,2012-10-15,2012-11-07,2013-03-18,2013-03-18,2013-03-18,ARV,Adult,MYLAN LABORATORIES LTD (FORMERLY MATRIX LABORATORIES),"Efavirenz/Lamivudine/Tenofovir Disoproxil Fumarate 600/300/300mg, tablets, 30 Tabs",Efavirenz/Lamivudine/Tenofovir Disoproxil Fumarate,Generic,600/300/300mg,Tablet - FDC,30,23389,268739.61,11.49,0.38,Mylan (formerly Matrix) Nashik,True,2741.0,4802.92,332.43
3160,21706,901-CM-T30,FPQ-12837,SCMS-204360,ASN-21530,Cameroon,PMO - US,Direct Drop,EXW,Air,2013-08-19,2013-08-23,2013-09-26,2013-09-26,2013-09-26,ARV,Adult,CIPLA LIMITED,"Lamivudine/Zidovudine 150/300mg, tablets, 60 Tabs",Lamivudine/Zidovudine,Generic,150/300mg,Tablet - FDC,60,47268,311496.12,6.59,0.11,"Cipla, Goa, India",True,4549.0,36166.79,385.32
3161,21742,102-GY-T30,FPQ-6501,SCMS-89530,ASN-8827,Guyana,PMO - US,Direct Drop,EXW,Air,2010-10-08,2010-10-27,2010-11-19,2010-11-19,2010-11-19,HRDT,HIV test,"CHEMBIO DIAGNOSTIC SYSTEMS, INC.","HIV 1/2, Stat-Pak HIV, Kit, 20 Tests","HIV 1/2, Stat-Pak HIV, Kit",Stat-Pak,no_dosage,Test kit,20,40,1080.0,27.0,1.35,Chembio Diagnostics Sys. Inc.,True,14.0,269.98,1.78
3162,21752,108-VN-T30,FPQ-5317,SCMS-69250,ASN-7661,Vietnam,PMO - US,Direct Drop,EXW,Air,2010-03-22,2010-03-25,2010-08-13,2010-08-13,2010-08-13,ARV,Adult,Aurobindo Pharma Limited,"Didanosine 250mg, delayed-release capsules, 30 Caps",Didanosine,Generic,250mg,Delayed-release capsules,30,252,3276.0,13.0,0.43,"Aurobindo Unit III, India",True,1553.0,13320.8,7.06
3163,21755,116-ZA-T30,FPQ-13973,SCMS-238555,ASN-29255,South Africa,PMO - US,Direct Drop,DDP,Truck,2014-04-30,2014-11-04,2014-11-05,2014-11-05,2014-11-05,ARV,Adult,PHARMACY DIRECT,"Etravirine 100mg [Intelence], tablets, 120 Tabs",Etravirine,Intelence,100mg,Tablet,120,12,424.25,35.35,0.29,"Janssen-Cilag, Latina, IT",False,48.0,0.0,0.44
3164,21795,108-VN-T30,FPQ-4720,SCMS-62480,ASN-6191,Vietnam,PMO - US,Direct Drop,EXW,Air,2009-01-04,2010-01-12,2010-03-13,2010-03-13,2010-03-13,ARV,Adult,CIPLA LIMITED,"Lamivudine/Nevirapine/Stavudine 150/200/30mg, tablets, 60 Tabs",Lamivudine/Nevirapine/Stavudine,Generic,150/200/30mg,Tablet - FDC,60,15040,86329.6,5.74,0.1,"Cipla, Goa, India",True,1481.0,6390.83,186.13
3165,21825,114-UG-T30,FPQ-12290,SCMS-192060,ASN-22498,Uganda,PMO - US,Direct Drop,FCA,Air,2013-05-17,2013-06-13,2013-11-15,2013-11-15,2013-11-15,ARV,Adult,ABBVIE LOGISTICS (FORMERLY ABBOTT LOGISTICS BV),"Ritonavir 100mg [Norvir], film coated tablets, 60 Tabs",Ritonavir,Norvir,100mg,Tablet,60,417,2856.45,6.85,0.11,ABBVIE Ludwigshafen Germany,True,65.0,887.67,3.53
3166,21839,116-ZA-T30,FPQ-12522,SCMS-199289,ASN-28034,South Africa,PMO - US,Direct Drop,DDP,Truck,2013-07-11,2014-08-29,2014-08-29,2014-08-29,2014-08-29,ARV,Adult,S. BUYS WHOLESALER,"Didanosine 400mg, delayed-release capsules, 30 Caps",Didanosine,Generic,400mg,Delayed-release capsules,30,20,434.11,21.71,0.72,"Aurobindo Unit III, India",False,35.5,0.0,0.54
3167,21843,161-ZA-T30,FPQ-7175,SCMS-103430,ASN-11393,South Africa,PMO - US,Direct Drop,DDP,Ocean,2011-03-10,2011-03-24,2011-09-14,2011-09-14,2011-09-14,ARV,Adult,Aurobindo Pharma Limited,"Lamivudine/Zidovudine 150/300mg, tablets, 60 Tabs",Lamivudine/Zidovudine,Generic,150/300mg,Tablet - FDC,60,50000,421000.0,8.42,0.14,"Aurobindo Unit III, India",True,4603.0,8033.13,694.65
3168,21844,109-TZ-T30,FPQ-14010,SCMS-236760,ASN-25903,Tanzania,PMO - US,Direct Drop,EXW,Air,2014-04-17,2014-04-18,2014-06-24,2014-06-24,2014-06-24,ARV,Pediatric,STRIDES ARCOLAB LIMITED,"Efavirenz 200mg, scored tablets, 90 Tabs",Efavirenz,Generic,200mg,Tablet,90,9959,92618.7,9.3,0.1,"Strides, Bangalore, India.",True,630.0,3416.2,95.21
3169,21868,108-VN-T30,FPQ-7565,SCMS-107650,ASN-11407,Vietnam,PMO - US,Direct Drop,EXW,Air,2011-04-21,2011-05-02,2011-07-27,2011-07-27,2011-07-27,ARV,Adult,MYLAN LABORATORIES LTD (FORMERLY MATRIX LABORATORIES),"Zidovudine 300mg, tablets, 60 Tabs",Zidovudine,Generic,300mg,Tablet,60,12000,87000.0,7.25,0.12,Mylan (formerly Matrix) Nashik,True,664.0,6247.82,143.55
3170,21897,117-ET-T30,FPQ-9096,SCMS-133340,ASN-15539,Ethiopia,PMO - US,Direct Drop,EXW,Air,2012-01-05,2012-01-23,2012-08-21,2012-08-21,2012-08-21,HRDT,HIV test,"Trinity Biotech, Plc","HIV 1/2, Uni-Gold HIV Kit, 20 Tests","HIV 1/2, Uni-Gold HIV Kit",Uni-Gold,no_dosage,Test kit,20,27,864.0,32.0,1.6,"Trinity Biotech, Plc",True,10.0,512.31,1.21
3171,21942,116-ZA-T30,FPQ-14942,SCMS-259075,ASN-32138,South Africa,PMO - US,Direct Drop,DDP,Truck,2014-09-11,2015-05-11,2015-05-12,2015-05-12,2015-05-12,ARV,Adult,PHARMACY DIRECT,"Nevirapine 200mg, tablets, 60 Tabs",Nevirapine,Generic,200mg,Tablet,60,3,38.47,12.82,0.21,"Aurobindo Unit III, India",False,1.0,0.0,0.04
3172,21953,103-SS-T30,FPQ-11382,SCMS-173320,ASN-18203,South Sudan,PMO - US,Direct Drop,EXW,Air,2013-01-04,2013-01-22,2013-03-27,2013-03-27,2013-03-27,HRDT,HIV test,"Trinity Biotech, Plc","HIV 1/2, Uni-Gold HIV Kit, 20 Tests","HIV 1/2, Uni-Gold HIV Kit",Uni-Gold,no_dosage,Test kit,20,324,10368.0,32.0,1.6,"Trinity Biotech, Plc",True,107.0,2231.97,12.83
3173,21983,116-ZA-T30,FPQ-4770,SCMS-60170,ASN-5933,South Africa,PMO - US,Direct Drop,DDP,Truck,2009-12-17,2009-12-23,2009-12-29,2009-12-29,2009-12-29,ARV,Adult,S. BUYS WHOLESALER,"Zidovudine 300mg [Retrovir], tablets, 60 Tabs",Zidovudine,Retrovir,300mg,Tablet,60,500,7451.43,14.9,0.25,GSK Ware (UK),False,83.0,0.0,16.07
3174,21988,116-ZA-T30,FPQ-14942,SCMS-259086,ASN-33674,South Africa,PMO - US,Direct Drop,DDP,Truck,2014-09-11,2015-08-11,2015-08-11,2015-08-11,2015-08-11,ARV,Pediatric,PHARMACY DIRECT,"Lopinavir/Ritonavir 80/20mg/ml [Kaletra], oral solution, cool, Bottle 5 x 60 ml",Lopinavir/Ritonavir,Kaletra,80/20mg/ml,Oral solution,300,3,51.42,17.14,0.06,ABBVIE (Abbott) Logis. UK,True,1.0,0.0,0.05
3175,21997,106-HT-T30,FPQ-14895,SCMS-258610,ASN-30989,Haiti,PMO - US,Direct Drop,EXW,Ocean,2014-09-24,2014-11-14,2015-05-25,2015-05-25,2015-05-26,ARV,Adult,CIPLA LIMITED,"Efavirenz/Lamivudine/Tenofovir Disoproxil Fumarate 600/300/300mg, tablets, 30 Tabs",Efavirenz/Lamivudine/Tenofovir Disoproxil Fumarate,Generic,600/300/300mg,Tablet - FDC,30,38530,394932.5,10.25,0.34,Cipla Ltd A-42 MIDC Mahar. IN,True,5640.0,9481.92,405.99
3176,22028,107-RW-T30,FPQ-12518,SCMS-198222,ASN-24716,Rwanda,PMO - US,Direct Drop,EXW,Air,2013-06-21,2013-08-12,2014-03-27,2014-03-27,2014-03-27,HRDT,HIV test,"SHANGHAI KEHUA BIOENGINEERING CO.,LTD.  (KHB)","HIV 1/2, SKB Colloidal Gold, Diagnostic Kit, Antibody, 50 Tests","HIV 1/2, Colloidal Gold, Diagnostic Kit, Antibody",Colloidal Gold,no_dosage,Test kit,1,2988,73206.0,24.5,24.5,"KHB Test Kit Facility, Shanghai China",True,1992.0,26266.34,90.56
3177,22045,106-HT-T30,FPQ-11443,SCMS-180940,ASN-19819,Haiti,PMO - US,Direct Drop,EXW,Ocean,2013-02-07,2013-03-22,2013-09-02,2013-09-02,2013-09-02,ARV,Adult,Aurobindo Pharma Limited,"Lamivudine/Zidovudine 150/300mg, tablets, 60 Tabs",Lamivudine/Zidovudine,Generic,150/300mg,Tablet - FDC,60,14520,99026.4,6.82,0.11,"Aurobindo Unit III, India",False,668.5,7785.125,122.5
3178,22060,116-ZA-T30,FPQ-3596,SCMS-50371,ASN-5866,South Africa,PMO - US,Direct Drop,DDP,Truck,2009-05-07,2009-09-22,2009-12-08,2009-12-08,2009-12-08,ARV,Pediatric,S. BUYS WHOLESALER,"Efavirenz 50mg, capsule, 30 Caps",Efavirenz,Generic,50mg,Capsule,30,4292,17235.27,4.02,0.13,"Aurobindo Unit III, India",True,668.5,0.0,33.78
3179,22069,114-UG-T30,FPQ-12477,SCMS-198541,ASN-22496,Uganda,PMO - US,Direct Drop,EXW,Air,2013-07-08,2013-09-10,2013-11-16,2013-11-16,2013-11-21,ARV,Adult,CIPLA LIMITED,"Efavirenz 600mg, tablets, 30 Tabs",Efavirenz,Generic,600mg,Tablet,30,50000,162000.0,3.24,0.11,"Cipla, Goa, India",True,5593.0,19759.68,200.39
3180,22073,108-VN-T30,FPQ-10287,SCMS-155710,ASN-17021,Vietnam,PMO - US,Direct Drop,FCA,Air,2012-07-25,2012-08-14,2012-12-21,2012-12-21,2012-12-21,ARV,Adult,ABBVIE LOGISTICS (FORMERLY ABBOTT LOGISTICS BV),"Lopinavir/Ritonavir 200/50mg [Aluvia], tablets, 120 Tabs",Lopinavir/Ritonavir,Aluvia,200/50mg,Tablet,120,5188,315534.16,60.82,0.51,ABBVIE Ludwigshafen Germany,True,1138.0,3622.58,442.38
3181,22076,111-MZ-T30,FPQ-7064,SCMS-98450,ASN-12214,Mozambique,PMO - US,Direct Drop,FCA,Air,2011-01-21,2011-02-02,2011-11-08,2011-11-08,2011-11-08,ARV,Adult,ABBVIE LOGISTICS (FORMERLY ABBOTT LOGISTICS BV),"Ritonavir 100mg [Norvir], film coated tablets, 60 Tabs",Ritonavir,Norvir,100mg,Tablet,60,2464,16878.4,6.85,0.11,ABBVIE Ludwigshafen Germany,True,361.0,3669.84,27.85
3182,22079,161-ZA-T30,FPQ-6262,SCMS-83820,ASN-9484,South Africa,PMO - US,Direct Drop,DDP,Ocean,2010-08-31,2010-09-24,2011-03-10,2011-03-04,2011-03-04,ARV,Adult,Aurobindo Pharma Limited,"Efavirenz 600mg, tablets, 30 Tabs",Efavirenz,Generic,600mg,Tablet,30,63967,289770.51,4.53,0.15,"Aurobindo Unit III, India",True,5491.0,15331.49,624.75
3183,22091,105-DO-T30,FPQ-11295,SCMS-172501,ASN-22113,Dominican Republic,PMO - US,Direct Drop,EXW,Air,2012-12-17,2013-01-15,2013-10-29,2013-10-29,2013-11-01,HRDT,HIV test,"Orgenics, Ltd","HIV 1/2, Determine Complete HIV Kit, 100 Tests","HIV 1/2, Determine Complete HIV Kit",Determine,no_dosage,Test kit,100,1775,163300.0,92.0,0.92,"Alere Medical Co., Ltd.",True,721.0,9165.29,202.0
3184,22116,133-NG-T30,FPQ-10349,SCMS-155310,ASN-16603,Nigeria,PMO - US,Direct Drop,EXW,Air,2012-07-17,2012-08-10,2012-10-08,2012-10-08,2012-10-08,HRDT,HIV test,"CHEMBIO DIAGNOSTIC SYSTEMS, INC.","HIV 1/2, Stat-Pak HIV, Kit, 20 Tests","HIV 1/2, Stat-Pak HIV, Kit",Stat-Pak,no_dosage,Test kit,20,3401,98629.0,29.0,1.45,Chembio Diagnostics Sys. Inc.,True,972.0,6418.11,138.28
3185,22160,106-HT-T30,FPQ-14083,SCMS-240201,ASN-27545,Haiti,PMO - US,Direct Drop,EXW,Ocean,2014-05-11,2014-06-02,2014-10-20,2014-10-20,2014-11-06,ARV,Adult,MYLAN LABORATORIES LTD (FORMERLY MATRIX LABORATORIES),"Efavirenz/Lamivudine/Tenofovir Disoproxil Fumarate 600/300/300mg, tablets, 30 Tabs",Efavirenz/Lamivudine/Tenofovir Disoproxil Fumarate,Generic,600/300/300mg,Tablet - FDC,30,46500,499410.0,10.74,0.36,Mylan (formerly Matrix) Nashik,True,5342.0,9195.61,513.39
3186,22176,116-ZA-T30,FPQ-13973,SCMS-238556,ASN-31854,South Africa,PMO - US,Direct Drop,DDP,Truck,2014-04-30,2015-04-28,2015-04-28,2015-04-28,2015-04-28,ARV,Pediatric,PHARMACY DIRECT,"Efavirenz 50mg, capsule, 30 Caps",Efavirenz,Generic,50mg,Capsule,30,15,45.09,3.01,0.1,"Aurobindo Unit III, India",False,5256.0,0.0,0.05
3187,22186,108-VN-T30,FPQ-3896,SCMS-48260,ASN-5132,Vietnam,PMO - US,Direct Drop,EXW,Air,2009-06-25,2009-06-26,2009-10-23,2009-10-23,2009-10-23,ARV,Adult,Aurobindo Pharma Limited,"Lamivudine/Zidovudine 150/300mg, tablets, 60 Tabs",Lamivudine/Zidovudine,Generic,150/300mg,Tablet - FDC,60,1008,8678.88,8.61,0.14,"Aurobindo Unit III, India",True,1015.0,3796.95,17.01
3188,22191,112-NG-T30,FPQ-3635,SCMS-48420,ASN-4850,Nigeria,PMO - US,Direct Drop,CIP,Air,2009-05-08,2009-08-05,2009-09-23,2009-09-23,2009-09-23,HRDT,HIV test,BIO-RAD LABORATORIES PTY LTD. (SOUTH AFRICA),"HIV 2, New LAV Blot 2 HIV Kit, 18 Tests","HIV 2, New LAV Blot 2 HIV Kit",LAV,no_dosage,Test kit,18,1,750.29,750.29,41.68,Bio-Rad Laboratories,True,18.0,0.0,1.47
3189,22196,108-VN-T30,FPQ-13976,SCMS-236100,ASN-28777,Vietnam,PMO - US,Direct Drop,EXW,Air,2014-04-08,2014-04-30,2014-11-26,2014-11-26,2014-11-26,ARV,Adult,MICRO LABS LIMITED,"Efavirenz 600mg, tablets, 30 Tabs",Efavirenz,Generic,600mg,Tablet,30,21000,62580.0,2.98,0.1,"Micro labs, Verna, Goa, India",True,3244.0,6195.84,64.33
3190,22222,116-ZA-T30,FPQ-14942,SCMS-259071,ASN-29597,South Africa,PMO - US,Direct Drop,DDP,Truck,2014-09-11,2014-11-28,2014-11-28,2014-11-28,2014-11-28,ARV,Adult,PHARMACY DIRECT,"Lamivudine/Zidovudine 150/300mg, tablets, 60 Tabs",Lamivudine/Zidovudine,Generic,150/300mg,Tablet - FDC,60,18,405.71,22.54,0.38,"Aurobindo Unit III, India",False,55.0,0.0,0.42
3191,22275,161-ZA-T30,FPQ-5648,SCMS-75940,ASN-8443,South Africa,PMO - US,Direct Drop,DDP,Ocean,2010-06-02,2010-06-17,2010-11-17,2010-11-17,2010-11-17,ARV,Adult,STRIDES ARCOLAB LIMITED,"Nevirapine 200mg, tablets, 60 Tabs",Nevirapine,Generic,200mg,Tablet,60,100000,282000.0,2.82,0.05,"Strides, Bangalore, India.",True,6297.0,7526.14,607.99
3192,22280,116-ZA-T30,FPQ-12522,SCMS-199283,ASN-27979,South Africa,PMO - US,Direct Drop,DDP,Truck,2013-07-11,2014-08-27,2014-08-27,2014-08-27,2014-08-27,ARV,Adult,S. BUYS WHOLESALER,"Lamivudine 150mg, tablets, 60 Tabs",Lamivudine,Generic,150mg,Tablet,60,183,1802.16,9.85,0.16,Hetero Unit III Hyderabad IN,False,668.5,0.0,2.23
3193,22281,116-ZA-T30,FPQ-14942,SCMS-259079,ASN-33852,South Africa,PMO - US,Direct Drop,DDP,Truck,2014-09-11,2014-10-09,2015-08-24,2015-08-24,2015-08-24,ARV,Pediatric,PHARMACY DIRECT,"Lamivudine 10mg/ml, oral solution, Bottle, 240 ml",Lamivudine,Generic,10mg/ml,Oral solution,240,17,91.92,5.41,0.02,"Aurobindo Unit III, India",False,50.0,0.0,0.09
3194,22290,110-ZM-T30,FPQ-12252,SCMS-189240,ASN-20481,Zambia,PMO - US,Direct Drop,EXW,Air,2013-05-02,2013-05-22,2013-08-05,2013-08-09,2013-08-09,HRDT,HIV test,"Orgenics, Ltd","HIV 1/2, Determine Complete HIV Kit, 100 Tests","HIV 1/2, Determine Complete HIV Kit",Determine,no_dosage,Test kit,100,3038,243040.0,80.0,0.8,"Alere Medical Co., Ltd.",True,1259.0,19517.12,300.64
3195,22295,161-ZA-T30,FPQ-6262,SCMS-83820,ASN-9487,South Africa,PMO - US,Direct Drop,DDP,Ocean,2010-08-31,2010-09-24,2011-03-10,2011-03-04,2011-03-04,ARV,Adult,Aurobindo Pharma Limited,"Efavirenz 600mg, tablets, 30 Tabs",Efavirenz,Generic,600mg,Tablet,30,108129,489824.37,4.53,0.15,"Aurobindo Unit III, India",True,9280.0,15331.51,1056.06
3196,22301,108-VN-T30,FPQ-10287,SCMS-156280,ASN-17513,Vietnam,PMO - US,Direct Drop,EXW,Air,2012-07-25,2012-08-14,2012-12-28,2012-12-28,2012-12-28,ARV,Adult,MYLAN LABORATORIES LTD (FORMERLY MATRIX LABORATORIES),"Efavirenz/Lamivudine/Tenofovir Disoproxil Fumarate 600/300/300mg, tablets, 30 Tabs",Efavirenz/Lamivudine/Tenofovir Disoproxil Fumarate,Generic,600/300/300mg,Tablet - FDC,30,23251,278779.49,11.99,0.4,Mylan (formerly Matrix) Nashik,True,2641.0,4503.42,390.85
3197,22312,106-HT-T30,FPQ-12590,SCMS-210500,ASN-24629,Haiti,PMO - US,Direct Drop,CIP,Air,2013-08-21,2013-10-23,2014-02-24,2014-02-24,2014-02-25,ARV,Adult,ETHNOR DEL ISTMO S.A.,"Darunavir 300mg [Prezista], tablets, 120 Tabs",Darunavir,Prezista,300mg,Tablet,120,22,1465.2,66.6,0.55,"Janssen Ortho LLC, Puerto Rico",True,668.5,0.0,1.81
3198,22323,116-ZA-T30,FPQ-13973,SCMS-238553,ASN-28021,South Africa,PMO - US,Direct Drop,DDP,Truck,2014-04-30,2014-08-28,2014-08-28,2014-08-28,2014-08-28,ARV,Adult,PHARMACY DIRECT,"Tenofovir Disoproxil Fumarate 300mg, tablets, 30 Tabs",Tenofovir Disoproxil Fumarate,Generic,300mg,Tablet,30,112,2141.49,19.12,0.64,Mylan (formerly Matrix) Nashik,False,24.0,0.0,2.2
3199,22328,161-ZA-T30,FPQ-6262,SCMS-83730,ASN-10249,South Africa,PMO - US,Direct Drop,DDP,Ocean,2010-08-31,2010-09-24,2011-05-03,2011-05-03,2011-05-03,ARV,Pediatric,Aurobindo Pharma Limited,"Efavirenz 200mg, capsule, 90 Caps",Efavirenz,Generic,200mg,Capsule,90,22643,225977.14,9.98,0.11,"Aurobindo Unit III, India",True,3000.0,4573.21,487.21
3200,22356,151-NG-T30,FPQ-11025,SCMS-169180,ASN-18584,Nigeria,PMO - US,Direct Drop,EXW,Air,2012-11-15,2012-12-18,2013-03-14,2013-03-14,2013-03-14,ARV,Pediatric,ABBVIE LOGISTICS (FORMERLY ABBOTT LOGISTICS BV),"Lopinavir/Ritonavir 100/25mg [Aluvia], tablets, 60 Tabs",Lopinavir/Ritonavir,Generic,100/25mg,Tablet,60,2221,13192.74,5.94,0.1,ABBVIE Ludwigshafen Germany,True,252.0,2969.34,16.32
3201,22357,107-RW-T30,FPQ-15065,SCMS-263330,ASN-30485,Rwanda,PMO - US,Direct Drop,EXW,Air,2014-10-15,2014-12-18,2015-02-18,2015-02-18,2015-02-19,HRDT,HIV test,"SHANGHAI KEHUA BIOENGINEERING CO.,LTD.  (KHB)","HIV 1/2, SKB Colloidal Gold, Diagnostic Kit, Antibody, 50 Tests","HIV 1/2, Colloidal Gold, Diagnostic Kit, Antibody",Colloidal Gold,no_dosage,Test kit,1,4032,98784.0,24.5,24.5,"KHB Test Kit Facility, Shanghai China",True,2688.0,35437.38,101.55
3202,22373,111-MZ-T30,FPQ-11915,SCMS-185210,ASN-20547,Mozambique,PMO - US,Direct Drop,EXW,Air,2013-03-20,2013-04-11,2013-08-13,2013-08-13,2013-08-13,ARV,Adult,HETERO LABS LIMITED,"Zidovudine 300mg, tablets, 60 Tabs",Zidovudine,Generic,300mg,Tablet,60,67098,369039.0,5.5,0.09,Hetero Unit III Hyderabad IN,True,3957.0,18263.45,456.5
3203,22387,161-ZA-T30,FPQ-7175,SCMS-103390,ASN-12170,South Africa,PMO - US,Direct Drop,DDP,Ocean,2011-03-10,2011-03-24,2011-10-10,2011-11-03,2011-11-03,ARV,Adult,Aurobindo Pharma Limited,"Efavirenz 600mg, tablets, 30 Tabs",Efavirenz,Generic,600mg,Tablet,30,64316,290065.16,4.51,0.15,"Aurobindo Unit III, India",True,5467.0,9323.3,478.61
3204,22417,106-HT-T30,FPQ-15038,SCMS-262890,ASN-32716,Haiti,PMO - US,Direct Drop,FCA,Air,2014-10-22,2015-01-30,2015-07-07,2015-07-07,2015-07-07,ARV,Pediatric,ABBVIE LOGISTICS (FORMERLY ABBOTT LOGISTICS BV),"Lopinavir/Ritonavir 100/25mg [Aluvia], tablets, 60 Tabs",Lopinavir/Ritonavir,Generic,100/25mg,Tablet,60,2697,16020.18,5.94,0.1,ABBVIE Ludwigshafen Germany,True,1825.0,4126.9,16.47
3205,22469,110-ZM-T30,FPQ-4691,SCMS-60710,ASN-6290,Zambia,PMO - US,Direct Drop,EXW,Air,2009-12-16,2009-12-22,2010-03-18,2010-03-18,2010-03-18,HRDT,HIV test,"Orgenics, Ltd","HIV 1/2, Determine Complete HIV Kit, 100 Tests","HIV 1/2, Determine Complete HIV Kit",Determine,no_dosage,Test kit,100,2639,190008.0,72.0,0.72,Inverness Japan,True,1276.0,20121.14,409.66
3206,22477,901-NA-T30,FPQ-14728,SCMS-252640,ASN-28482,Namibia,PMO - US,Direct Drop,EXW,Air,2014-07-30,2014-08-14,2014-10-22,2014-10-22,2014-10-22,ARV,Adult,HETERO LABS LIMITED,"Lamivudine/Tenofovir Disoproxil Fumarate 300/300mg, tablets, 30 Tabs",Lamivudine/Tenofovir Disoproxil Fumarate,Generic,300/300mg,Tablet - FDC,30,24672,113984.64,4.62,0.15,Hetero Unit III Hyderabad IN,True,2631.0,12463.74,117.18
3207,22511,110-ZM-T30,FPQ-14790,SCMS-253023,ASN-31631,Zambia,PMO - US,Direct Drop,FCA,Air,2014-08-13,2014-08-20,2015-04-23,2015-04-23,2015-04-23,ARV,Pediatric,ABBVIE LOGISTICS (FORMERLY ABBOTT LOGISTICS BV),"Lopinavir/Ritonavir 80/20mg/ml [Kaletra], oral solution, cool, Bottle 5 x 60 ml",Lopinavir/Ritonavir,Kaletra,80/20mg/ml,Oral solution,300,2266,69838.12,30.82,0.1,ABBVIE (Abbott) Logis. UK,True,2272.0,13949.95,71.79
3208,22516,116-ZA-T30,FPQ-12522,SCMS-199283,ASN-27978,South Africa,PMO - US,Direct Drop,DDP,Truck,2013-07-11,2014-08-27,2014-08-27,2014-08-27,2014-08-27,ARV,Pediatric,S. BUYS WHOLESALER,"Lamivudine 10mg/ml, oral solution w/syringe, Bottle, 240 ml",Lamivudine,Generic,10mg/ml,Oral solution,240,13,103.95,8.0,0.03,"Aurobindo Unit III, India",False,668.5,0.0,0.13
3209,22531,108-VN-T30,FPQ-4265,SCMS-56220,ASN-5683,Vietnam,PMO - US,Direct Drop,EXW,Air,2009-10-20,2009-11-02,2010-01-07,2010-01-07,2010-01-07,ARV,Adult,CIPLA LIMITED,"Lamivudine/Nevirapine/Stavudine 150/200/30mg, tablets, 60 Tabs",Lamivudine/Nevirapine/Stavudine,Generic,150/200/30mg,Tablet - FDC,60,19600,120540.0,6.15,0.1,"Cipla, Goa, India",True,1926.0,12423.96,236.26
3210,22595,104-CI-T30,FPQ-8366,SCMS-124280,ASN-13657,Côte d'Ivoire,PMO - US,Direct Drop,FCA,Ocean,2011-09-05,2011-10-11,2012-03-23,2012-03-23,2012-03-23,ARV,Adult,ABBVIE LOGISTICS (FORMERLY ABBOTT LOGISTICS BV),"Lopinavir/Ritonavir 200/50mg [Aluvia], tablets, 120 Tabs",Lopinavir/Ritonavir,Aluvia,200/50mg,Tablet,120,9800,302036.0,30.82,0.26,ABBVIE Ludwigshafen Germany,True,1428.5,40289.0,498.36
3211,22600,105-SS-T30,FPQ-11539,SCMS-176930,ASN-19142,South Sudan,PMO - US,Direct Drop,EXW,Air,2013-01-24,2013-02-26,2013-07-20,2013-07-20,2013-07-20,HRDT,HIV test,"Orgenics, Ltd","HIV 1/2, Determine Complete HIV Kit, 100 Tests","HIV 1/2, Determine Complete HIV Kit",Determine,no_dosage,Test kit,100,250,22250.0,89.0,0.89,"Alere Medical Co., Ltd.",True,115.0,2561.61,27.52
3212,22615,101-CD-T30,FPQ-13555,SCMS-234320,ASN-27483,"Congo, DRC",PMO - US,Direct Drop,EXW,Air,2014-03-19,2014-05-05,2014-09-30,2014-09-30,2014-10-29,ARV,Adult,STRIDES ARCOLAB LIMITED,"Lamivudine/Nevirapine/Zidovudine 150/200/300mg, tablets, 60 Tabs",Lamivudine/Nevirapine/Zidovudine,Generic,150/300/200mg,Tablet - FDC,60,980,7947.8,8.11,0.14,"Strides, Bangalore, India.",True,116.0,2322.08,8.17
3213,22616,161-ZA-T30,FPQ-7175,SCMS-123590,ASN-13054,South Africa,PMO - US,Direct Drop,DDP,Ocean,2011-03-10,2011-09-30,2012-01-16,2012-01-16,2012-01-16,ARV,Adult,Aurobindo Pharma Limited,"Efavirenz 600mg, tablets, 30 Tabs",Efavirenz,Generic,600mg,Tablet,30,128620,547921.2,4.26,0.14,"Aurobindo Unit III, India",True,10643.0,7292.26,904.07
3214,22620,901-NA-T30,FPQ-14728,SCMS-252640,ASN-28481,Namibia,PMO - US,Direct Drop,EXW,Air,2014-07-30,2014-08-14,2014-10-22,2014-10-22,2014-10-22,ARV,Adult,HETERO LABS LIMITED,"Lamivudine/Tenofovir Disoproxil Fumarate 300/300mg, tablets, 30 Tabs",Lamivudine/Tenofovir Disoproxil Fumarate,Generic,300/300mg,Tablet - FDC,30,24096,111323.52,4.62,0.15,Hetero Unit III Hyderabad IN,True,2630.0,12463.74,114.44
3215,22658,107-RW-T30,FPQ-8365,SCMS-126490,ASN-14125,Rwanda,PMO - US,Direct Drop,EXW,Air,2011-10-26,2011-11-09,2012-03-30,2012-03-30,2012-03-30,ARV,Adult,Aurobindo Pharma Limited,"Didanosine 400mg, delayed-release capsules, 30 Caps",Didanosine,Generic,400mg,Delayed-release capsules,30,150,3000.0,20.0,0.67,"Aurobindo Unit III, India",True,197.0,5906.43,4.95
3216,22661,106-HT-T30,FPQ-13797,SCMS-233970,ASN-27796,Haiti,PMO - US,Direct Drop,EXW,Air,2014-03-20,2014-04-30,2014-10-14,2014-10-14,2014-10-20,ARV,Adult,CIPLA LIMITED,"Lamivudine/Nevirapine/Zidovudine 150/200/300mg, tablets, 60 Tabs",Lamivudine/Nevirapine/Zidovudine,Generic,150/300/200mg,Tablet - FDC,60,19835,160663.5,8.1,0.13,"Cipla, Goa, India",True,2866.0,17036.99,165.16
3217,22670,133-NG-T30,FPQ-14305,SCMS-240830,ASN-27474,Nigeria,PMO - US,Direct Drop,EXW,Air,2014-05-16,2014-06-02,2014-08-19,2014-09-05,2014-09-17,HRDT,HIV test,"Orgenics, Ltd","HIV 1/2, Determine Complete HIV Kit, 100 Tests","HIV 1/2, Determine Complete HIV Kit",Determine,no_dosage,Test kit,100,4177,371753.0,89.0,0.89,"Alere Medical Co., Ltd.",True,2755.0,25709.5,382.16
3218,22675,113-ZW-T30,FPQ-13939,SCMS-234720,ASN-26118,Zimbabwe,PMO - US,Direct Drop,EXW,Air,2014-04-01,2014-05-08,2014-06-14,2014-06-14,2014-06-16,ARV,Adult,Aurobindo Pharma Limited,"Lamivudine/Tenofovir Disoproxil Fumarate 300/300mg, tablets, 30 Tabs",Lamivudine/Tenofovir Disoproxil Fumarate,Generic,300/300mg,Tablet - FDC,30,32760,152334.0,4.65,0.16,"Aurobindo Unit VII, IN",True,3155.0,25316.94,156.6
3219,22684,114-UG-T30,FPQ-7268,SCMS-104120,ASN-11009,Uganda,PMO - US,Direct Drop,DDP,Air,2011-03-11,2011-03-25,2011-05-31,2011-05-31,2011-05-31,ARV,Adult,ASPEN PHARMACARE,"Darunavir 300mg [Prezista], tablets, 120 Tabs",Darunavir,Prezista,300mg,Tablet,120,259,24123.26,93.14,0.78,"Aspen-OSD, Port Elizabeth, SA",True,43.0,466.0,39.8
3220,22698,105-GY-T30,FPQ-3837,SCMS-47960,ASN-4606,Guyana,PMO - US,Direct Drop,EXW,Air,2009-06-08,2009-06-29,2009-08-17,2009-08-17,2009-08-17,ARV,Adult,"PUETRO RICO PHARMACEUTICAL, INC.","Emtricitabine/Tenofovir Disoproxil Fumarate 200/300mg [Truvada], tablets, 30 Tabs",Emtricitabine/Tenofovir Disoproxil Fumarate,Truvada,300/200mg,Tablet - FDC,30,4900,147931.0,30.19,1.01,Gilead(Nycomed) Oranienburg DE,True,390.0,2748.16,289.94
3221,22722,102-SD-T30,FPQ-7321,SCMS-107780,ASN-11002,Sudan,PMO - US,Direct Drop,EXW,Air,2011-03-29,2011-05-02,2011-07-01,2011-07-01,2011-07-01,HRDT,HIV test,"Trinity Biotech, Plc","HIV 1/2, Uni-Gold HIV Kit, 20 Tests","HIV 1/2, Uni-Gold HIV Kit",Uni-Gold,no_dosage,Test kit,20,207,6624.0,32.0,1.6,"Trinity Biotech, Plc",True,71.0,1626.67,10.93
3222,22726,153-NA-T30,FPQ-8072,SCMS-117210,ASN-12115,Namibia,PMO - US,Direct Drop,EXW,Air,2011-07-22,2011-08-03,2011-09-20,2011-09-20,2011-09-20,HRDT,HIV test,"Orgenics, Ltd","HIV 1/2, Determine HIV Kit, without Lancets, 100 Tests","HIV 1/2, Determine HIV Kit, without Lancets",Determine,no_dosage,Test kit,100,150,11655.0,77.7,0.78,Inverness Japan,True,36.0,859.18,19.23
3223,22728,108-VN-T30,FPQ-4265,SCMS-56320,ASN-6060,Vietnam,PMO - US,Direct Drop,EXW,Air,2009-10-20,2009-11-03,2010-03-10,2010-03-10,2010-03-10,ARV,Adult,MYLAN LABORATORIES LTD (FORMERLY MATRIX LABORATORIES),"Efavirenz 600mg, tablets, 30 Tabs",Efavirenz,Generic,600mg,Tablet,30,30912,200928.0,6.5,0.22,Mylan (formerly Matrix) Nashik,True,2405.0,11448.01,393.82
3224,22752,116-ZA-T30,FPQ-12522,SCMS-199289,ASN-28037,South Africa,PMO - US,Direct Drop,DDP,Truck,2013-07-11,2014-08-29,2014-08-29,2014-08-29,2014-08-29,ARV,Adult,S. BUYS WHOLESALER,"Tenofovir Disoproxil Fumarate 300mg, tablets, 30 Tabs",Tenofovir Disoproxil Fumarate,Generic,300mg,Tablet,30,235,4891.53,20.82,0.69,Hetero Unit III Hyderabad IN,False,668.5,0.0,6.05
3225,22761,101-CD-T30,FPQ-14584,SCMS-249220,ASN-27933,"Congo, DRC",PMO - US,Direct Drop,EXW,Air,2014-07-16,2014-07-18,2014-11-10,2014-11-10,2014-11-13,ARV,Pediatric,Aurobindo Pharma Limited,"Didanosine 200mg, delayed-release capsules, 30 Caps",Didanosine,Generic,200mg,Delayed-release capsules,30,1100,12100.0,11.0,0.37,"Aurobindo Unit III, India",True,95.0,2453.16,12.44
3226,22778,161-ZA-T30,FPQ-6262,SCMS-83820,ASN-9175,South Africa,PMO - US,Direct Drop,DDP,Ocean,2010-08-31,2010-09-24,2011-01-11,2011-01-11,2011-01-11,ARV,Adult,Aurobindo Pharma Limited,"Zidovudine 300mg, tablets, 60 Tabs",Zidovudine,Generic,300mg,Tablet,60,1033,7571.89,7.33,0.12,"Aurobindo Unit III, India",True,52.0,4295.61,16.32
3227,22799,106-HT-T30,FPQ-9066,SCMS-138570,ASN-14148,Haiti,PMO - US,Direct Drop,EXW,Air,2012-01-06,2012-02-24,2012-04-10,2012-04-10,2012-04-10,ARV,Pediatric,Aurobindo Pharma Limited,"Didanosine 125mg, delayed-release capsules, 30 Caps",Didanosine,Generic,125mg,Delayed-release capsules,30,252,2142.0,8.5,0.28,"Aurobindo Unit III, India",True,16.0,1471.46,3.0
3228,22812,108-VN-T30,FPQ-15823,SCMS-277320,ASN-33209,Vietnam,PMO - US,Direct Drop,FCA,Air,2015-02-13,2015-03-02,2015-08-11,2015-08-11,2015-08-11,ARV,Adult,ABBVIE LOGISTICS (FORMERLY ABBOTT LOGISTICS BV),"Ritonavir 100mg [Norvir], film coated tablets, 30 Tabs",Ritonavir,Norvir,100mg,Tablet,30,400,9304.0,23.26,0.78,ABBVIE Ludwigshafen Germany,True,81.0,4400.805,10.95
3229,22815,161-ZA-T30,FPQ-5303,SCMS-68830,ASN-7191,South Africa,PMO - US,Direct Drop,DDP,Air,2010-03-18,2010-03-19,2010-07-27,2010-07-27,2010-07-27,ARV,Adult,STRIDES ARCOLAB LIMITED,"Lamivudine 150mg, tablets, 60 Tabs",Lamivudine,Generic,150mg,Tablet,60,294346,756469.22,2.57,0.04,"Strides, Bangalore, India.",True,14550.0,20706.21,1630.95
3230,22817,107-RW-T30,FPQ-4854,SCMS-63650,ASN-6167,Rwanda,PMO - US,Direct Drop,FCA,Air,2010-01-06,2010-01-20,2010-03-03,2010-03-03,2010-03-03,ARV,Adult,Hoffmann-La Roche ltd Basel,"Nelfinavir (as mesilate) 250mg [Viracept], tablets, 270 Tabs",Nelfinavir (as mesilate),Viracept,250mg,Tablet,270,40,5037.72,125.94,0.47,Roche Madrid,True,11.0,1049.3,10.86
3231,22843,108-VN-T30,FPQ-14516,SCMS-249141,ASN-29593,Vietnam,PMO - US,Direct Drop,FCA,Air,2014-07-09,2014-08-11,2015-01-16,2015-01-16,2015-02-24,ARV,Adult,ABBVIE LOGISTICS (FORMERLY ABBOTT LOGISTICS BV),"Ritonavir 100mg [Norvir], film coated tablets, 30 Tabs",Ritonavir,Norvir,100mg,Tablet,30,200,4652.0,23.26,0.78,ABBVIE Ludwigshafen Germany,True,22.0,4400.805,4.78
3232,22855,107-RW-T30,FPQ-10752,SCMS-162530,ASN-18216,Rwanda,PMO - US,Direct Drop,EXW,Ocean,2012-10-03,2012-11-09,2013-04-22,2013-04-22,2013-04-22,ARV,Adult,MYLAN LABORATORIES LTD (FORMERLY MATRIX LABORATORIES),"Abacavir 300mg, tablets, 60 Tabs",Abacavir,Generic,300mg,Tablet,60,37350,438862.5,11.75,0.2,Mylan (formerly Matrix) Nashik,True,3860.0,59186.46,615.29
3233,22869,116-ZA-T30,FPQ-14942,SCMS-259078,ASN-33473,South Africa,PMO - US,Direct Drop,DDP,Truck,2014-09-11,2014-10-09,2015-07-24,2015-07-24,2015-07-24,ARV,Adult,PHARMACY DIRECT,"Etravirine 100mg [Intelence], tablets, 120 Tabs",Etravirine,Intelence,100mg,Tablet,120,27,742.84,27.51,0.23,"Janssen-Cilag, Latina, IT",False,5.0,0.0,0.76
3234,22876,108-VN-T30,FPQ-15692,SCMS-274390,ASN-32269,Vietnam,PMO - US,Direct Drop,EXW,Air,2015-01-28,2015-02-17,2015-07-10,2015-07-07,2015-07-07,ARV,Adult,HETERO LABS LIMITED,"Efavirenz/Lamivudine/Tenofovir Disoproxil Fumarate 600/300/300mg, tablets, 30 Tabs",Efavirenz/Lamivudine/Tenofovir Disoproxil Fumarate,Generic,600/300/300mg,Tablet - FDC,30,17760,177600.0,10.0,0.33,Hetero Unit III Hyderabad IN,True,2519.5,4400.805,209.04
3235,22964,116-ZA-T30,FPQ-12522,SCMS-199289,ASN-28036,South Africa,PMO - US,Direct Drop,DDP,Truck,2013-07-11,2014-08-29,2014-08-29,2014-08-29,2014-08-29,ARV,Adult,S. BUYS WHOLESALER,"Lamivudine/Zidovudine 150/300mg, tablets, 60 Tabs",Lamivudine/Zidovudine,Generic,150/300mg,Tablet - FDC,60,292,9562.36,32.75,0.55,Hetero Unit III Hyderabad IN,False,30.0,0.0,11.83
3236,23015,133-NG-T30,FPQ-14995,SCMS-260700,ASN-29929,Nigeria,PMO - US,Direct Drop,EXW,Air,2014-09-22,2014-10-29,2015-01-19,2015-01-16,2015-01-22,HRDT,HIV test,"Orgenics, Ltd","HIV 1/2, Determine Complete HIV Kit, 100 Tests","HIV 1/2, Determine Complete HIV Kit",Determine,no_dosage,Test kit,100,6110,543790.0,89.0,0.89,"Alere Medical Co., Ltd.",True,2474.0,31305.04,559.02
3237,23023,153-NA-T30,FPQ-9698,SCMS-144310,ASN-15069,Namibia,PMO - US,Direct Drop,EXW,Air,2012-04-12,2012-05-02,2012-07-05,2012-07-05,2012-07-05,HRDT,HIV test,"Orgenics, Ltd","HIV 1/2, Determine HIV Kit, without Lancets, 100 Tests","HIV 1/2, Determine HIV Kit, without Lancets",Determine,no_dosage,Test kit,100,75,5827.5,77.7,0.78,Inverness Japan,True,19.0,718.32,8.17
3238,23024,161-ZA-T30,FPQ-7175,SCMS-103710,ASN-12153,South Africa,PMO - US,Direct Drop,DDP,Ocean,2011-03-10,2011-03-23,2011-10-17,2011-10-17,2011-10-17,ARV,Adult,HETERO LABS LIMITED,"Efavirenz 600mg, tablets, 30 Tabs",Efavirenz,Generic,600mg,Tablet,30,92500,435675.0,4.71,0.16,Hetero Unit III Hyderabad IN,True,7778.0,20684.73,718.86
3239,23050,104-CI-T30,FPQ-9065,SCMS-138120,ASN-15225,Côte d'Ivoire,PMO - US,Direct Drop,FCA,Air,2012-01-04,2012-03-08,2012-07-03,2012-07-03,2012-07-03,ARV,Adult,ABBVIE LOGISTICS (FORMERLY ABBOTT LOGISTICS BV),"Ritonavir 100mg [Norvir], film coated tablets, 60 Tabs",Ritonavir,Norvir,100mg,Tablet,60,760,5206.0,6.85,0.11,ABBVIE Ludwigshafen Germany,True,99.0,1462.71,7.3
3240,23051,109-TZ-T30,FPQ-12540,SCMS-198771,ASN-22835,Tanzania,PMO - US,Direct Drop,EXW,Air,2013-07-03,2013-08-27,2013-12-27,2013-12-27,2013-12-27,ARV,Adult,CIPLA LIMITED,"Lamivudine/Nevirapine/Zidovudine 150/200/300mg, tablets, 60 Tabs",Lamivudine/Nevirapine/Zidovudine,Generic,150/300/200mg,Tablet - FDC,60,16245,131584.5,8.1,0.13,"Cipla, Goa, India",True,2368.0,11363.07,162.77
3241,23070,102-MW-T30,FPQ-11638,SCMS-179341,ASN-21750,Malawi,PMO - US,Direct Drop,EXW,Air,2013-02-22,2013-03-14,2013-10-02,2013-10-02,2013-10-02,HRDT,HIV test,"Trinity Biotech, Plc","HIV 1/2, Uni-Gold HIV Kit, 20 Tests","HIV 1/2, Uni-Gold HIV Kit",Uni-Gold,no_dosage,Test kit,20,32,1024.0,32.0,1.6,"Trinity Biotech, Plc",True,17.0,703.25,1.27
3242,23076,105-SS-T30,FPQ-11754,SCMS-181381,ASN-20235,South Sudan,PMO - US,Direct Drop,EXW,Air,2013-02-22,2013-04-01,2013-09-12,2013-09-12,2013-09-12,HRDT,HIV test,"Trinity Biotech, Plc","HIV 1/2, Uni-Gold HIV Kit, 20 Tests","HIV 1/2, Uni-Gold HIV Kit",Uni-Gold,no_dosage,Test kit,20,450,14400.0,32.0,1.6,"Trinity Biotech, Plc",True,165.0,2329.14,17.81
3243,23096,116-ZA-T30,FPQ-14942,SCMS-259079,ASN-33855,South Africa,PMO - US,Direct Drop,DDP,Truck,2014-09-11,2014-10-09,2015-08-24,2015-08-24,2015-08-24,ARV,Adult,PHARMACY DIRECT,"Raltegravir 400mg [Isentress], tablets, 60 Tabs",Raltegravir,Isentress,400mg,Tablet,60,1,65.75,65.75,1.1,"MSD, Haarlem, NL",True,63.0,0.0,0.07
3244,23105,108-VN-T30,FPQ-6818,SCMS-98180,ASN-10619,Vietnam,PMO - US,Direct Drop,FCA,Air,2011-01-17,2011-02-09,2011-05-09,2011-05-09,2011-05-09,ARV,Adult,ABBVIE LOGISTICS (FORMERLY ABBOTT LOGISTICS BV),"Ritonavir 100mg [Norvir], capsules, cool, 4 x 84 Caps",Ritonavir,Norvir,100mg,Capsule,336,14,2891.14,206.51,0.61,ABBVIE (Abbott) Logis. UK,True,52.0,7339.84,4.77
3245,23120,116-ZA-T30,FPQ-14942,SCMS-259079,ASN-33852,South Africa,PMO - US,Direct Drop,DDP,Truck,2014-09-11,2014-10-09,2015-08-24,2015-08-24,2015-08-24,ARV,Adult,PHARMACY DIRECT,"Tenofovir Disoproxil Fumarate 300mg, tablets, 30 Tabs",Tenofovir Disoproxil Fumarate,Generic,300mg,Tablet,30,36,534.69,14.85,0.5,Mylan (formerly Matrix) Nashik,False,22.0,0.0,0.55
3246,23149,105-SS-T30,FPQ-15569,SCMS-272170,ASN-32106,South Sudan,PMO - US,Direct Drop,EXW,Air,2014-12-29,2015-02-20,2015-07-02,2015-07-07,2015-07-07,HRDT,HIV test - Ancillary,"Orgenics, Ltd","Capillary Tubes, for Determine, EDTA, 50uL,100 Pcs","HIV, Capillary Tubes, for Determine, EDTA, 50uL,100 Pcs",Determine,no_dosage,Test kit - Ancillary,100,20,160.0,8.0,0.08,"Alere Medical Co., Ltd.",False,30.0,2575.925,0.19
3247,23156,108-VN-T30,FPQ-13524,SCMS-226260,ASN-26928,Vietnam,PMO - US,Direct Drop,EXW,Air,2014-02-06,2014-03-10,2014-08-13,2014-07-30,2014-08-01,ARV,Adult,HETERO LABS LIMITED,"Efavirenz/Lamivudine/Tenofovir Disoproxil Fumarate 600/300/300mg, tablets, 30 Tabs",Efavirenz/Lamivudine/Tenofovir Disoproxil Fumarate,Generic,600/300/300mg,Tablet - FDC,30,16528,173544.0,10.5,0.35,Hetero Unit III Hyderabad IN,True,3283.0,5173.14,178.4
3248,23159,108-VN-T30,FPQ-5899,SCMS-77170,ASN-7779,Vietnam,PMO - US,Direct Drop,FCA,Air,2010-06-23,2010-07-01,2010-09-06,2010-09-06,2010-09-06,ARV,Adult,ABBVIE LOGISTICS (FORMERLY ABBOTT LOGISTICS BV),"Ritonavir 100mg [Norvir], capsules, cool, 4 x 84 Caps",Ritonavir,Norvir,100mg,Capsule,336,24,7365.12,306.88,0.91,ABBVIE (Abbott) Logis. UK,True,60.0,3981.97,15.88
3249,23173,106-HT-T30,FPQ-14895,SCMS-261110,ASN-30364,Haiti,PMO - US,Direct Drop,EXW,Ocean,2014-09-24,2014-11-14,2015-03-31,2015-03-31,2015-04-01,ARV,Adult,MYLAN LABORATORIES LTD (FORMERLY MATRIX LABORATORIES),"Lamivudine/Zidovudine 150/300mg, tablets, 60 Tabs",Lamivudine/Zidovudine,Generic,150/300mg,Tablet - FDC,60,75816,492045.84,6.49,0.11,Mylan (formerly Matrix) Nashik,True,6452.0,10477.63,505.82
3250,23192,108-VN-T30,FPQ-13034,SCMS-210120,ASN-24394,Vietnam,PMO - US,Direct Drop,EXW,Air,2013-10-04,2013-10-10,2014-04-23,2014-04-23,2014-04-23,ARV,Adult,HETERO LABS LIMITED,"Tenofovir Disoproxil Fumarate 300mg, tablets, 30 Tabs",Tenofovir Disoproxil Fumarate,Generic,300mg,Tablet,30,9683,34374.65,3.55,0.12,Hetero Unit III Hyderabad IN,False,668.5,4400.805,42.52
3251,23194,106-HT-T30,FPQ-7066,SCMS-100140,ASN-10007,Haiti,PMO - US,Direct Drop,FCA,Air,2011-01-27,2011-02-15,2011-04-05,2011-04-05,2011-04-05,ARV,Pediatric,BRISTOL-MYERS SQUIBB,"Didanosine 25mg [Videx], chewable tablets, 60 Tabs",Didanosine,Videx,25mg,Chewable/dispersible tablet,60,160,1120.0,7.0,0.12,"BMS Meymac, France",True,43.0,1082.89,1.85
3252,23211,109-TZ-T30,FPQ-13927,SCMS-233190,ASN-25567,Tanzania,PMO - US,Direct Drop,EXW,Ocean,2014-03-21,2014-03-31,2014-05-27,2014-05-27,2014-06-12,ARV,Adult,MYLAN LABORATORIES LTD (FORMERLY MATRIX LABORATORIES),"Efavirenz/Emtricitabine/Tenofovir Disoproxil Fumarate 600/200/300mg, tablets, 30 Tabs",Efavirenz/Emtricitabine/Tenofovir Disoproxil Fumarate,Generic,600/200/300mg,Tablet - FDC,30,35000,410900.0,11.74,0.39,Mylan (formerly Matrix) Nashik,False,2657.0,27478.63,422.41
3253,23223,116-ZA-T30,FPQ-12523,SCMS-199315,ASN-27210,South Africa,PMO - US,Direct Drop,DDP,Truck,2013-07-12,2014-07-11,2014-07-11,2014-07-11,2014-07-11,ARV,Pediatric,S. BUYS WHOLESALER,"Atazanavir 150mg [Reyataz], capsules, 60 Caps",Atazanavir,Reyataz,150mg,Capsule,60,2,51.37,25.68,0.43,"BMS Evansville, US",True,1.0,0.0,0.06
3254,23224,161-ZA-T30,FPQ-7175,SCMS-103510,ASN-11886,South Africa,PMO - US,Direct Drop,DDP,Ocean,2011-03-10,2011-03-24,2011-10-10,2011-10-10,2011-10-10,ARV,Adult,Aurobindo Pharma Limited,"Efavirenz 600mg, tablets, 30 Tabs",Efavirenz,Generic,600mg,Tablet,30,110291,497412.41,4.51,0.15,"Aurobindo Unit III, India",True,9375.0,9951.38,820.73
3255,23238,106-HT-T30,FPQ-14083,SCMS-240201,ASN-27545,Haiti,PMO - US,Direct Drop,EXW,Ocean,2014-05-11,2014-06-02,2014-10-20,2014-10-20,2014-11-06,ARV,Pediatric,MYLAN LABORATORIES LTD (FORMERLY MATRIX LABORATORIES),"Abacavir/Lamivudine 60/30mg, tablets, 60 Tabs",Abacavir/Lamivudine,Generic,60/30mg,Tablet - FDC,60,2160,8532.0,3.95,0.07,Mylan (formerly Matrix) Nashik,False,1122.0,7785.125,8.77
3256,23267,116-ZA-T30,FPQ-12522,SCMS-199289,ASN-28037,South Africa,PMO - US,Direct Drop,DDP,Truck,2013-07-11,2014-08-29,2014-08-29,2014-08-29,2014-08-29,ARV,Pediatric,S. BUYS WHOLESALER,"Efavirenz 50mg, capsule, 30 Caps",Efavirenz,Generic,50mg,Capsule,30,92,305.1,3.32,0.11,"Aurobindo Unit III, India",False,363.0,0.0,0.38
3257,23280,161-ZA-T30,FPQ-5303,SCMS-68910,ASN-7439,South Africa,PMO - US,Direct Drop,DDP,Air,2010-03-18,2010-03-19,2010-08-24,2010-08-24,2010-08-24,ARV,Adult,Aurobindo Pharma Limited,"Efavirenz 600mg, tablets, 30 Tabs",Efavirenz,Generic,600mg,Tablet,30,57600,268992.0,4.67,0.16,"Aurobindo Unit III, India",True,4872.0,5886.9,579.95
3258,23283,161-ZA-T30,FPQ-5303,SCMS-68980,ASN-8251,South Africa,PMO - US,Direct Drop,DDP,Air,2010-03-18,2010-03-19,2010-08-24,2010-11-19,2010-11-19,ARV,Adult,Aurobindo Pharma Limited,"Lamivudine 150mg, tablets, 60 Tabs",Lamivudine,Generic,150mg,Tablet,60,2004,5070.12,2.53,0.04,"Aurobindo Unit III, India",True,3.0,1791.41,10.93
3259,23315,107-RW-T30,FPQ-15654,SCMS-272600,ASN-30399,Rwanda,PMO - US,Direct Drop,EXW,Air,2014-12-23,2015-01-19,2015-02-17,2015-02-17,2015-02-17,ARV,Pediatric,EMCURE PHARMACEUTICALS LTD,"Atazanavir 150mg, capsules, 60 Caps",Atazanavir,Generic,150mg,Capsule,60,912,18240.0,20.0,0.33,"Emcure Plot No.P-2, I.T-B.T. Park, Phase II, MIDC, Hinjwadi, Pune, India",True,102.0,1600.98,21.47
3260,23340,123-NG-T30,FPQ-8755,SCMS-129160,ASN-13338,Nigeria,PMO - US,Direct Drop,EXW,Air,2011-11-11,2011-12-09,2012-01-09,2012-01-09,2012-01-09,ANTM,Malaria,IDA FOUNDATION,"Sulfadoxine/Pyrimethamine 500/25mg, tablets, Blister 10 x 3 Tabs",Sulfadoxine/Pyrimethamine,Generic,500/25mg,Tablet - FDC + blister,30,300,477.0,1.59,0.05,"Micro Labs Ltd. (Brown & Burk), India",True,14.0,350.02,0.67
3261,23365,107-RW-T30,FPQ-3859,SCMS-48872,ASN-6489,Rwanda,PMO - US,Direct Drop,CIP,Air,2009-06-30,2009-07-07,2010-04-15,2010-04-15,2010-04-15,ARV,Adult,Aurobindo Pharma Limited,"Didanosine 250mg, delayed-release capsules, 30 Caps",Didanosine,Generic,250mg,Delayed-release capsules,30,558,8174.7,14.65,0.49,"Aurobindo Unit III, India",True,1297.0,23760.45,16.02
3262,23370,102-ZW-T30,FPQ-13030,SCMS-210650,ASN-22850,Zimbabwe,PMO - US,Direct Drop,EXW,Air,2013-10-04,2013-10-16,2014-01-21,2014-01-21,2014-01-22,ARV,Adult,MYLAN LABORATORIES LTD (FORMERLY MATRIX LABORATORIES),"Abacavir/Lamivudine 600/300mg, tablets, 30 Tabs",Abacavir/Lamivudine,Generic,600/300mg,Tablet - FDC,30,9810,132336.9,13.49,0.45,Mylan (formerly Matrix) Nashik,True,962.0,6773.13,163.7
3263,23375,106-HT-T30,FPQ-15038,SCMS-263030,ASN-30812,Haiti,PMO - US,Direct Drop,EXW,Air,2014-10-22,2014-12-24,2015-03-26,2015-03-26,2015-03-30,ARV,Adult,HETERO LABS LIMITED,"Lamivudine 150mg, tablets, 60 Tabs",Lamivudine,Generic,150mg,Tablet,60,3600,6480.0,1.8,0.03,Hetero Unit III Hyderabad IN,True,216.0,2612.79,6.66
3264,23381,100-ZW-T30,FPQ-6716,SCMS-95570,ASN-10269,Zimbabwe,PMO - US,Direct Drop,CIF,Air,2010-12-10,2011-01-12,2011-05-10,2011-05-10,2011-05-10,HRDT,HIV test,BIOLYTICAL LABORATORIES INC.,"#109440**HIV 1/2, INSTI HIV Antibody Individual POC, 1 Test","HIV 1/2, INSTI HIV Antibody Individual POC, 1 Test",INSTi,no_dosage,Test kit,1,7199,23396.75,3.25,3.25,bioLytical Laboratories,True,369.0,1014.5,38.6
3265,23387,116-ZA-T30,FPQ-14942,SCMS-259078,ASN-33470,South Africa,PMO - US,Direct Drop,DDP,Truck,2014-09-11,2014-10-09,2015-07-24,2015-07-24,2015-07-24,ARV,Adult,PHARMACY DIRECT,"Lamivudine 150mg, tablets, 60 Tabs",Lamivudine,Generic,150mg,Tablet,60,74,521.82,7.05,0.12,"Aurobindo Unit III, India",False,668.5,0.0,0.54
3266,23404,105-SS-T30,FPQ-15569,SCMS-272160,ASN-31323,South Sudan,PMO - US,Direct Drop,EXW,Air,2014-12-29,2015-02-20,2015-06-03,2015-06-03,2015-06-05,HRDT,HIV test - Ancillary,"Orgenics, Ltd","Chase Buffer, Determine, 100 Tests, 2.5ml x 1 Vial","Chase Buffer, Determine, 100 Tests, 2.5ml x 1 Vial",Determine,no_dosage,Test kit - Ancillary,1,20,100.0,5.0,5.0,"Alere Medical Co., Ltd.",False,30.0,2575.925,0.12
3267,23445,104-CI-T30,FPQ-12806,SCMS-206591,ASN-26596,Côte d'Ivoire,PMO - US,Direct Drop,EXW,Air,2013-08-09,2014-02-10,2014-06-30,2014-06-30,2014-07-07,ARV,Adult,MYLAN LABORATORIES LTD (FORMERLY MATRIX LABORATORIES),"Atazanavir/Ritonavir 300/100mg, tablets, 30 Tabs",Atazanavir/Ritonavir,Generic,300/100mg,Tablet,30,2100,42000.0,20.0,0.67,Mylan (formerly Matrix) Nashik,True,293.0,3316.79,51.95
3268,23452,200-ZW-T30,FPQ-6488,SCMS-90690,ASN-13957,Zimbabwe,PMO - US,Direct Drop,FCA,Air,2010-10-26,2010-11-10,2012-04-02,2012-04-02,2012-04-02,ARV,Pediatric,ABBVIE LOGISTICS (FORMERLY ABBOTT LOGISTICS BV),"Lopinavir/Ritonavir 80/20mg/ml [Kaletra], oral solution, cool, Bottle 5 x 60 ml",Lopinavir/Ritonavir,Kaletra,80/20mg/ml,Oral solution,300,1251,38555.82,30.82,0.1,ABBVIE (Abbott) Logis. UK,True,1254.0,12894.85,83.13
3269,23466,107-RW-T30,FPQ-3859,SCMS-48890,ASN-6725,Rwanda,PMO - US,Direct Drop,CIP,Air,2009-06-30,2009-07-16,2010-04-26,2010-04-26,2010-04-26,ARV,Adult,Aurobindo Pharma Limited,"Lopinavir/Ritonavir 200/50mg, tablets, 120 Tabs",Lopinavir/Ritonavir,Generic,200/50mg,Tablet,120,2240,83686.4,37.36,0.31,"Aurobindo Unit III, India",True,554.0,7531.78,164.03
3270,23467,161-ZA-T30,FPQ-7175,SCMS-104070,ASN-11381,South Africa,PMO - US,Direct Drop,DDP,Ocean,2011-03-10,2011-03-28,2011-11-02,2011-11-02,2011-11-02,ARV,Adult,CIPLA LIMITED,"Nevirapine 200mg, tablets, 60 Tabs",Nevirapine,Generic,200mg,Tablet,60,89674,243913.28,2.72,0.05,"Cipla, Goa, India",True,9667.0,17703.62,402.46
3271,23488,105-SS-T30,FPQ-14470,SCMS-245230,ASN-27241,South Sudan,PMO - US,Direct Drop,EXW,Air,2014-06-17,2014-07-01,2014-09-29,2014-09-29,2014-09-30,HRDT,HIV test,"Trinity Biotech, Plc","HIV 1/2, Uni-Gold HIV Kit, 20 Tests","HIV 1/2, Uni-Gold HIV Kit",Uni-Gold,no_dosage,Test kit,20,25,800.0,32.0,1.6,"Trinity Biotech, Plc",True,175.0,4011.66,0.82
3272,23509,116-ZA-T30,FPQ-3560,SCMS-49641,ASN-5157,South Africa,PMO - US,Direct Drop,DDP,Truck,2009-05-07,2009-07-21,2009-08-12,2009-08-12,2009-08-12,ARV,Adult,S. BUYS WHOLESALER,"Lopinavir/Ritonavir 200/50mg [Aluvia], tablets, 120 Tabs",Lopinavir/Ritonavir,Aluvia,200/50mg,Tablet,120,8000,375880.98,46.99,0.39,ABBVIE Ludwigshafen Germany,True,1023.0,0.0,736.73
3273,23524,104-CI-T30,FPQ-7654,SCMS-113780,ASN-13752,Côte d'Ivoire,PMO - US,Direct Drop,CIP,Air,2011-05-03,2011-07-08,2012-02-20,2012-02-20,2012-02-20,ARV,Pediatric,MERCK SHARP & DOHME IDEA GMBH (FORMALLY MERCK SHARP & DOHME B.V.),"Efavirenz 30mg/ml [Stocrin/Sustiva], oral solution, Bottle, 180 ml",Efavirenz,Stocrin/Sustiva,30mg/ml,Oral solution,180,1184,20080.64,16.96,0.09,"MSD, Haarlem, NL",True,361.0,783.22,33.13
3274,23557,116-ZA-T30,FPQ-3560,SCMS-49610,ASN-5004,South Africa,PMO - US,Direct Drop,DDP,Truck,2009-05-07,2009-07-21,2009-08-11,2009-08-12,2009-08-12,ARV,Adult,S. BUYS WHOLESALER,"Tenofovir Disoproxil Fumarate 300mg [Viread], tablets, 30 Tabs",Tenofovir Disoproxil Fumarate,Viread,300mg,Tablet,30,2837,73030.7,25.74,0.86,"Aspen-OSD, Port Elizabeth, SA",True,668.5,0.0,143.14
3275,23573,133-NG-T30,FPQ-7553,SCMS-108720,ASN-11271,Nigeria,PMO - US,Direct Drop,EXW,Air,2011-04-28,2011-05-23,2011-07-27,2011-07-27,2011-07-27,HRDT,HIV test,"Orgenics, Ltd","HIV 1/2, Determine Complete HIV Kit, 100 Tests","HIV 1/2, Determine Complete HIV Kit",Determine,no_dosage,Test kit,100,2687,239143.0,89.0,0.89,Inverness Japan,True,1277.0,26014.88,394.59
3276,23584,114-UG-T30,FPQ-3891,SCMS-52560,ASN-5281,Uganda,PMO - US,Direct Drop,CIP,Air,2009-07-22,2009-09-14,2009-11-17,2009-11-17,2009-11-17,ARV,Adult,MERCK SHARP & DOHME IDEA GMBH (FORMALLY MERCK SHARP & DOHME B.V.),"Indinavir 400mg [Crixivan], capsules, 180 Caps",Indinavir,Crixivan,400mg,Capsule,180,48,2400.0,50.0,0.28,"MSD, Haarlem, NL",True,11.0,48.0,4.7
3277,23596,116-ZA-T30,FPQ-13035,SCMS-215370,ASN-24415,South Africa,PMO - US,Direct Drop,DDP,Truck,2013-10-08,2013-12-02,2014-02-06,2014-02-06,2014-02-06,ARV,Adult,S. BUYS WHOLESALER,"Nevirapine 200mg, tablets, 60 Tabs",Nevirapine,Generic,200mg,Tablet,60,226,4088.15,18.09,0.3,"Cipla, Goa, India",True,668.5,0.0,5.06
3278,23664,108-VN-T30,FPQ-5317,SCMS-69730,ASN-8446,Vietnam,PMO - US,Direct Drop,EXW,Air,2010-03-22,2010-03-29,2010-11-09,2010-11-09,2010-11-09,ARV,Adult,MYLAN LABORATORIES LTD (FORMERLY MATRIX LABORATORIES),"Efavirenz 600mg, tablets, 30 Tabs",Efavirenz,Generic,600mg,Tablet,30,42836,184194.8,4.3,0.14,Mylan (formerly Matrix) Nashik,True,3494.0,10711.06,397.12
3279,23666,116-ZA-T30,FPQ-13214,SCMS-215410,ASN-23875,South Africa,PMO - US,Direct Drop,DDP,Truck,2013-11-14,2013-12-02,2014-01-13,2014-01-13,2014-01-13,ARV,Pediatric,S. BUYS WHOLESALER,"Lamivudine 10mg/ml, oral solution w/syringe, Bottle, 240 ml",Lamivudine,Generic,10mg/ml,Oral solution,240,54,382.47,7.08,0.03,"Aurobindo Unit III, India",False,668.5,0.0,0.39
3280,23691,108-VN-T30,FPQ-11418,SCMS-176200,ASN-19695,Vietnam,PMO - US,Direct Drop,EXW,Air,2013-01-29,2013-02-05,2013-07-02,2013-07-02,2013-07-02,ARV,Adult,MICRO LABS LIMITED,"Efavirenz 600mg, tablets, 30 Tabs",Efavirenz,Generic,600mg,Tablet,30,30118,97281.14,3.23,0.11,"Micro labs, Verna, Goa, India",True,1782.0,9648.44,120.34
3281,23718,144-BW-T30,FPQ-4487,SCMS-57522,ASN-6033,Botswana,PMO - US,Direct Drop,EXW,Air,2009-11-02,2009-11-13,2010-03-04,2010-03-04,2010-03-04,HRDT,HIV test - Ancillary,"Trinity Biotech, Plc","#109436**HIV 1, Uni-Gold Recombigen HIV Control, Vial 2 x 0.5 ml","HIV 1, Uni-Gold Recombigen HIV Control, Vial 2 x 0.5 ml",Uni-Gold,no_dosage,Test kit - Ancillary,2,15,465.0,31.0,15.5,"Trinity Biotech, Plc",True,1.0,599.73,1.0
3282,23724,161-ZA-T30,FPQ-7400,SCMS-104170,ASN-11477,South Africa,PMO - US,Direct Drop,DDP,Ocean,2011-03-11,2011-03-30,2011-09-23,2011-09-23,2011-09-23,ARV,Pediatric,GLAXOSMITHKLINE EXPORT LIMITED,"Abacavir 20mg/ml [Ziagen], oral solution, Bottle, 240 ml",Abacavir,Ziagen,20mg/ml,Oral solution,240,20000,185600.0,9.28,0.04,GSK Mississauga (Canada),True,7656.0,9650.6,306.24
3283,23727,116-ZA-T30,FPQ-14942,SCMS-295800,ASN-33865,South Africa,PMO - US,Direct Drop,DDP,Truck,2014-09-11,2015-08-24,2015-08-24,2015-08-24,2015-08-24,ARV,Adult,PHARMACY DIRECT,"Didanosine 250mg, delayed-release capsules, 30 Caps",Didanosine,Generic,250mg,Delayed-release capsules,30,6,71.03,11.84,0.39,"Aurobindo Unit III, India",True,9.0,0.0,0.07
3284,23750,109-TZ-T30,FPQ-11919,SCMS-205460,ASN-22365,Tanzania,PMO - US,Direct Drop,EXW,Air,2013-03-25,2013-09-11,2013-12-23,2013-12-23,2014-01-03,HRDT,HIV test,"Trinity Biotech, Plc","HIV 1/2, Uni-Gold HIV Kit, 20 Tests","HIV 1/2, Uni-Gold HIV Kit",Uni-Gold,no_dosage,Test kit,20,3,96.0,32.0,1.6,"Trinity Biotech, Plc",True,0.0,1002.35,0.12
3285,23756,901-NA-T30,FPQ-14689,SCMS-253440,ASN-29096,Namibia,PMO - US,Direct Drop,EXW,Air,2014-07-30,2014-08-29,2014-11-19,2014-11-19,2014-12-03,ARV,Adult,HETERO LABS LIMITED,"Lamivudine/Nevirapine/Zidovudine 150/200/300mg, tablets, 60 Tabs",Lamivudine/Nevirapine/Zidovudine,Generic,150/300/200mg,Tablet - FDC,60,33516,277847.64,8.29,0.14,"Hetero, Jadcherla, unit 5, IN",True,4237.0,6786.64,285.63
3286,23787,144-BW-T30,FPQ-4167,SCMS-54110,ASN-5951,Botswana,PMO - US,Direct Drop,EXW,Air,2009-09-09,2009-09-30,2010-03-03,2010-03-03,2010-03-03,HRDT,HIV test,"Trinity Biotech, Plc","HIV 1/2, Uni-Gold HIV Kit, 20 Tests","HIV 1/2, Uni-Gold HIV Kit",Uni-Gold,no_dosage,Test kit,20,5,160.0,32.0,1.6,"Trinity Biotech, Plc",True,3.0,603.53,0.31
3287,23791,116-ZA-T30,FPQ-13973,SCMS-238554,ASN-28626,South Africa,PMO - US,Direct Drop,DDP,Truck,2014-04-30,2014-10-03,2014-10-03,2014-10-03,2014-10-03,ARV,Adult,PHARMACY DIRECT,"Raltegravir 400mg [Isentress], tablets, 60 Tabs",Raltegravir,Isentress,400mg,Tablet,60,6,507.86,84.64,1.41,"MSD, Haarlem, NL",True,9.0,0.0,0.52
3288,23831,106-HT-T30,FPQ-13494,SCMS-225420,ASN-24982,Haiti,PMO - US,Direct Drop,EXW,Air,2014-01-21,2014-02-19,2014-04-14,2014-04-14,2014-04-16,HRDT,HIV test,"SHANGHAI KEHUA BIOENGINEERING CO.,LTD.  (KHB)","HIV 1/2, SKB Colloidal Gold, Diagnostic Kit, Antibody, 50 Tests","HIV 1/2, Colloidal Gold, Diagnostic Kit, Antibody",Colloidal Gold,no_dosage,Test kit,1,350,8575.0,24.5,24.5,"KHB Test Kit Facility, Shanghai China",True,240.0,3126.61,8.82
3289,23842,116-ZA-T30,FPQ-12522,SCMS-199289,ASN-28034,South Africa,PMO - US,Direct Drop,DDP,Truck,2013-07-11,2014-08-29,2014-08-29,2014-08-29,2014-08-29,ARV,Adult,S. BUYS WHOLESALER,"Lopinavir/Ritonavir 200/50mg [Aluvia], tablets, 120 Tabs",Lopinavir/Ritonavir,Aluvia,200/50mg,Tablet,120,101,2601.73,25.76,0.21,ABBVIE Ludwigshafen Germany,False,668.5,0.0,3.22
3290,23866,108-VN-T30,FPQ-3934,SCMS-48730,ASN-4803,Vietnam,PMO - US,Direct Drop,FCA,Air,2009-07-06,2009-07-14,2009-09-15,2009-09-15,2009-09-15,ARV,Adult,ABBVIE LOGISTICS (FORMERLY ABBOTT LOGISTICS BV),"Lopinavir/Ritonavir 200/50mg [Aluvia], tablets, 120 Tabs",Lopinavir/Ritonavir,Aluvia,200/50mg,Tablet,120,560,46032.0,82.2,0.68,ABBVIE Ludwigshafen Germany,True,83.0,436.86,90.22
3291,23875,104-CI-T30,FPQ-8327,SCMS-124790,ASN-13316,Côte d'Ivoire,PMO - US,Direct Drop,FCA,Ocean,2011-09-08,2011-11-18,2012-03-23,2012-03-23,2012-03-23,ARV,Adult,ABBVIE LOGISTICS (FORMERLY ABBOTT LOGISTICS BV),"Lopinavir/Ritonavir 200/50mg [Aluvia], tablets, 120 Tabs",Lopinavir/Ritonavir,Aluvia,200/50mg,Tablet,120,20580,634275.6,30.82,0.26,ABBVIE Ludwigshafen Germany,True,5139.0,40289.0,1046.55
3292,23904,108-VN-T30,FPQ-4266,SCMS-56250,ASN-6253,Vietnam,PMO - US,Direct Drop,EXW,Air,2009-10-20,2009-11-02,2010-03-20,2010-03-20,2010-03-20,ARV,Adult,MYLAN LABORATORIES LTD (FORMERLY MATRIX LABORATORIES),"Zidovudine 300mg, tablets, 60 Tabs",Zidovudine,Generic,300mg,Tablet,60,168,1260.0,7.5,0.12,Mylan (formerly Matrix) Nashik,True,9.0,4138.11,2.47
3293,23939,161-ZA-T30,FPQ-7175,SCMS-103370,ASN-12256,South Africa,PMO - US,Direct Drop,DDP,Ocean,2011-03-10,2011-03-24,2011-11-08,2011-11-08,2011-11-08,ARV,Adult,Aurobindo Pharma Limited,"Efavirenz 600mg, tablets, 30 Tabs",Efavirenz,Generic,600mg,Tablet,30,249500,1125245.0,4.51,0.15,"Aurobindo Unit III, India",True,21205.0,25129.15,1856.65
3294,23957,108-VN-T30,FPQ-14516,SCMS-249050,ASN-29373,Vietnam,PMO - US,Direct Drop,EXW,Air,2014-07-09,2014-08-11,2014-12-17,2014-12-17,2014-12-17,ARV,Adult,HETERO LABS LIMITED,"Efavirenz/Lamivudine/Tenofovir Disoproxil Fumarate 600/300/300mg, tablets, 30 Tabs",Efavirenz/Lamivudine/Tenofovir Disoproxil Fumarate,Generic,600/300/300mg,Tablet - FDC,30,19200,201600.0,10.5,0.35,Hetero Unit III Hyderabad IN,True,2877.0,4312.92,207.24
3295,23967,116-ZA-T30,FPQ-13973,SCMS-238555,ASN-29257,South Africa,PMO - US,Direct Drop,DDP,Truck,2014-04-30,2014-11-04,2014-11-05,2014-11-05,2014-11-05,ARV,Adult,PHARMACY DIRECT,"Abacavir 300mg, tablets, 60 Tabs",Abacavir,Generic,300mg,Tablet,60,84,5795.22,68.99,1.15,"Aurobindo Unit III, India",False,6.0,0.0,5.96
3296,23993,100-DO-T30,FPQ-6126,SCMS-83580,ASN-8577,Dominican Republic,PMO - US,Direct Drop,EXW,Truck,2010-08-19,2010-09-02,2010-10-22,2010-10-22,2010-10-22,ARV,Adult,"ABBVIE, SRL (FORMALLY ABBOTT LABORATORIES INTERNATIONAL CO.)","Ritonavir 100mg [Norvir], capsules, cool, 2 x 84 Caps",Ritonavir,Norvir,100mg,Capsule,168,52,7488.0,144.0,0.86,ABBVIE (Abbott) St. P'burg USA,True,38.0,666.66,16.14
3297,24018,102-KE-T30,FPQ-3976,SCMS-52792,ASN-5143,Kenya,PMO - US,Direct Drop,EXW,Air,2009-07-20,2009-09-03,2009-11-06,2009-11-06,2009-11-06,HRDT,HIV test,"Orgenics, Ltd","HIV 1/2, Determine Complete HIV Kit, 100 Tests","HIV 1/2, Determine Complete HIV Kit",Determine,no_dosage,Test kit,100,20000,1600000.0,80.0,0.8,Inverness Japan,True,5902.0,52057.8,3136.0
3298,24028,133-NG-T30,FPQ-10765,SCMS-162440,ASN-18599,Nigeria,PMO - US,Direct Drop,EXW,Air,2012-10-05,2012-10-16,2013-01-09,2013-03-20,2013-03-20,HRDT,HIV test,"Orgenics, Ltd","HIV 1/2, Determine Complete HIV Kit, 100 Tests","HIV 1/2, Determine Complete HIV Kit",Determine,no_dosage,Test kit,100,2874,255786.0,89.0,0.89,"Alere Medical Co., Ltd.",True,1252.0,26380.35,358.61
3299,24048,101-CD-T30,FPQ-14654,SCMS-253260,ASN-28279,"Congo, DRC",PMO - US,Direct Drop,EXW,Air,2014-08-11,2014-08-27,2014-11-04,2014-11-04,2014-11-20,HRDT,HIV test,"Trinity Biotech, Plc","HIV 1/2, Uni-Gold HIV Kit, 20 Tests","HIV 1/2, Uni-Gold HIV Kit",Uni-Gold,no_dosage,Test kit,20,353,11296.0,32.0,1.6,"Trinity Biotech, Plc",False,394.0,2346.5699999999997,11.61
3300,24051,109-TZ-T30,FPQ-4157,SCMS-52776,ASN-5222,Tanzania,PMO - US,Direct Drop,EXW,Air,2009-08-27,2009-09-11,2009-12-24,2009-12-24,2009-12-24,HRDT,HIV test,"Standard Diagnostics, Inc.","HIV 1/2, Bioline 3.0 Kit, (no accessories), 30 Tests","HIV 1/2, Bioline 3.0 Kit (no accessories)",Bioline,no_dosage,Test kit,30,9720,233280.0,24.0,0.8,"Standard Diagnostics, Korea",True,3240.0,36096.76,457.23
3301,24053,109-TZ-T30,FPQ-10809,SCMS-162831,ASN-18313,Tanzania,PMO - US,Direct Drop,EXW,Air,2012-10-11,2012-10-18,2013-04-23,2013-04-23,2013-04-23,HRDT,HIV test,"Trinity Biotech, Plc","HIV 1/2, Uni-Gold HIV Kit, 20 Tests","HIV 1/2, Uni-Gold HIV Kit",Uni-Gold,no_dosage,Test kit,20,107,3424.0,32.0,1.6,"Trinity Biotech, Plc",True,39.0,1158.73,4.24
3302,24060,107-RW-T30,FPQ-4047,SCMS-50800,ASN-5455,Rwanda,PMO - US,Direct Drop,CIP,Air,2009-07-28,2009-08-18,2009-11-23,2009-11-23,2009-11-23,ARV,Adult,HETERO LABS LIMITED,"Lamivudine 150mg, tablets, 60 Tabs",Lamivudine,Generic,150mg,Tablet,60,10620,27505.8,2.59,0.04,Hetero Unit III Hyderabad IN,True,593.0,730.81,53.91
3303,24063,109-TZ-T30,FPQ-11881,SCMS-182810,ASN-19486,Tanzania,PMO - US,Direct Drop,EXW,Air,2013-03-14,2013-04-11,2013-06-11,2013-06-11,2013-06-11,HRDT,HIV test,"Trinity Biotech, Plc","HIV 1/2, Uni-Gold HIV Kit, 20 Tests","HIV 1/2, Uni-Gold HIV Kit",Uni-Gold,no_dosage,Test kit,20,311,9952.0,32.0,1.6,"Trinity Biotech, Plc",True,1.0,1979.1,12.31
3304,24115,102-KE-T30,FPQ-9127,SCMS-134410,ASN-13751,Kenya,PMO - US,Direct Drop,CIP,Air,2012-01-13,2012-01-19,2012-02-21,2012-02-21,2012-02-21,HRDT,HIV test,EY Laboratories,"HIV 1/2, InstantChek HIV 1+2 Kit, 100 Tests","HIV 1/2, InstantChek HIV 1+2 Kit",InstantCHEK,no_dosage,Test kit,100,15,1125.0,75.0,0.75,"EY Laboratories, USA",True,18.0,803.6,1.58
3305,24116,116-ZA-T30,FPQ-12522,SCMS-199283,ASN-27976,South Africa,PMO - US,Direct Drop,DDP,Truck,2013-07-11,2014-08-27,2014-08-27,2014-08-27,2014-08-27,ARV,Pediatric,S. BUYS WHOLESALER,"Efavirenz 200mg, capsule, 90 Caps",Efavirenz,Generic,200mg,Capsule,90,25,659.22,26.37,0.29,"Aurobindo Unit III, India",True,3.0,0.0,0.82
3306,24123,103-ZW-T30,FPQ-13325,SCMS-216230,ASN-26314,Zimbabwe,PMO - US,Direct Drop,FCA,Air,2013-11-26,2013-11-28,2014-06-24,2014-06-24,2014-06-25,ARV,Pediatric,ABBVIE LOGISTICS (FORMERLY ABBOTT LOGISTICS BV),"Lopinavir/Ritonavir 100/25mg [Aluvia], tablets, 60 Tabs",Lopinavir/Ritonavir,Generic,100/25mg,Tablet,60,9670,57439.8,5.94,0.1,ABBVIE Ludwigshafen Germany,True,1128.0,13330.73,59.05
3307,24129,102-SD-T30,FPQ-8261,SCMS-120442,ASN-12833,Sudan,PMO - US,Direct Drop,EXW,Air,2011-08-29,2011-09-14,2012-01-06,2012-01-06,2012-01-06,HRDT,HIV test,"Orgenics, Ltd","HIV 1/2, Determine Complete HIV Kit, 100 Tests","HIV 1/2, Determine Complete HIV Kit",Determine,no_dosage,Test kit,100,77,6853.0,89.0,0.89,"Alere Medical Co., Ltd.",True,36.0,1712.6,11.31
3308,24151,106-HT-T30,FPQ-15884,SCMS-288090,ASN-33666,Haiti,PMO - US,Direct Drop,CIP,Air,2015-03-04,2015-05-18,2015-09-07,2015-09-07,2015-09-08,ARV,Adult,"MSD LATIN AMERICA SERVICES, S. DE R.L. DE C.V.","Raltegravir 400mg [Isentress], tablets, 60 Tabs",Raltegravir,Isentress,400mg,Tablet,60,400,22200.0,55.5,0.92,"MSD, Haarlem, NL",True,81.0,0.0,26.13
3309,24187,161-ZA-T30,FPQ-6262,SCMS-83830,ASN-9486,South Africa,PMO - US,Direct Drop,DDP,Ocean,2010-08-31,2010-09-24,2011-02-01,2011-03-04,2011-03-04,ARV,Adult,Aurobindo Pharma Limited,"Efavirenz 600mg, tablets, 30 Tabs",Efavirenz,Generic,600mg,Tablet,30,116218,526467.54,4.53,0.15,"Aurobindo Unit III, India",True,12410.0,10446.37,1135.06
3310,24192,102-KE-T30,FPQ-6406,SCMS-88211,ASN-9549,Kenya,PMO - US,Direct Drop,EXW,Air,2010-09-27,2010-11-22,2011-02-10,2011-02-10,2011-02-10,HRDT,HIV test,"Orgenics, Ltd","HIV 1/2, Determine Complete HIV Kit, 100 Tests","HIV 1/2, Determine Complete HIV Kit",Determine,no_dosage,Test kit,100,1,89.0,89.0,0.89,Inverness Japan,True,800.0,8826.0,0.19
3311,24246,117-ET-T30,FPQ-9990,SCMS-148080,ASN-15260,Ethiopia,PMO - US,Direct Drop,FCA,Air,2012-05-24,2012-06-01,2012-06-27,2012-06-27,2012-06-27,ARV,Pediatric,ABBVIE LOGISTICS (FORMERLY ABBOTT LOGISTICS BV),"Lopinavir/Ritonavir 80/20mg/ml [Kaletra], oral solution, cool, Bottle 5 x 60 ml",Lopinavir/Ritonavir,Kaletra,80/20mg/ml,Oral solution,300,700,21574.0,30.82,0.1,ABBVIE (Abbott) Logis. UK,True,1050.0,4672.77,30.25
3312,24270,161-ZA-T30,FPQ-5303,SCMS-68980,ASN-7687,South Africa,PMO - US,Direct Drop,DDP,Air,2010-03-18,2010-03-19,2010-08-24,2010-09-20,2010-09-20,ARV,Adult,Aurobindo Pharma Limited,"Lamivudine 150mg, tablets, 60 Tabs",Lamivudine,Generic,150mg,Tablet,60,34067,86189.51,2.53,0.04,"Aurobindo Unit III, India",True,1828.0,1791.42,185.82
3313,24276,113-ZW-T30,FPQ-13669,SCMS-225840,ASN-28465,Zimbabwe,PMO - US,Direct Drop,EXW,Air,2014-02-03,2014-02-12,2014-11-07,2014-11-07,2014-11-07,HRDT,HIV test,"Orgenics, Ltd","HIV 1/2, Determine Complete HIV Kit, 100 Tests","HIV 1/2, Determine Complete HIV Kit",Determine,no_dosage,Test kit,100,7233,578640.0,80.0,0.8,"Alere Medical Co., Ltd.",True,2933.0,42028.45,594.84
3314,24285,116-ZA-T30,FPQ-13973,SCMS-238554,ASN-28627,South Africa,PMO - US,Direct Drop,DDP,Truck,2014-04-30,2014-10-03,2014-10-03,2014-10-03,2014-10-03,ARV,Adult,PHARMACY DIRECT,"Didanosine 250mg, delayed-release capsules, 30 Caps",Didanosine,Generic,250mg,Delayed-release capsules,30,1,15.25,15.25,0.51,"Aurobindo Unit III, India",False,63.0,0.0,0.02
3315,24297,101-CD-T30,FPQ-14244,SCMS-240240,ASN-26540,"Congo, DRC",PMO - US,Direct Drop,EXW,Air,2014-05-15,2014-05-23,2014-10-09,2014-10-09,2014-10-21,ANTM,Malaria,AMSTELFARMA B.V.,"Sulfadoxine/Pyrimethamine 500/25mg, tablets, 1000 Tabs",Sulfadoxine/Pyrimethamine,Generic,500/25mg,Tablet - FDC,1000,1070,25680.0,24.0,0.02,"Micro Labs, Hosur, India",True,902.0,5914.0,26.4
3316,24300,116-ZA-T30,FPQ-12522,SCMS-199283,ASN-27976,South Africa,PMO - US,Direct Drop,DDP,Truck,2013-07-11,2014-08-27,2014-08-27,2014-08-27,2014-08-27,ARV,Pediatric,S. BUYS WHOLESALER,"Lamivudine 10mg/ml, oral solution w/syringe, Bottle, 240 ml",Lamivudine,Generic,10mg/ml,Oral solution,240,13,103.95,8.0,0.03,"Aurobindo Unit III, India",False,668.5,0.0,0.13
3317,24324,161-ZA-T30,FPQ-5303,SCMS-68790,ASN-6911,South Africa,PMO - US,Direct Drop,DDP,Air,2010-03-18,2010-03-19,2010-07-07,2010-07-07,2010-07-07,ARV,Adult,STRIDES ARCOLAB LIMITED,"Lamivudine 150mg, tablets, 60 Tabs",Lamivudine,Generic,150mg,Tablet,60,303125,779031.25,2.57,0.04,"Strides, Bangalore, India.",True,15006.0,20134.62,1679.59
3318,24345,108-VN-T30,FPQ-5094,SCMS-68500,ASN-7171,Vietnam,PMO - US,Direct Drop,EXW,Air,2010-03-15,2010-03-24,2010-06-22,2010-06-22,2010-06-22,ARV,Adult,STRIDES ARCOLAB LIMITED,"Lamivudine/Nevirapine/Zidovudine 150/200/300mg, tablets, 60 Tabs",Lamivudine/Nevirapine/Zidovudine,Generic,150/300/200mg,Tablet - FDC,60,20651,227161.0,11.0,0.18,"Strides, Bangalore, India.",True,2367.0,10648.45,489.76
3319,24358,109-TZ-T30,FPQ-14049,SCMS-239380,ASN-27718,Tanzania,PMO - US,Direct Drop,FCA,Air,2014-04-11,2014-05-16,2014-10-02,2014-10-02,2014-10-03,ARV,Pediatric,ABBVIE LOGISTICS (FORMERLY ABBOTT LOGISTICS BV),"Lopinavir/Ritonavir 100/25mg [Aluvia], tablets, 60 Tabs",Lopinavir/Ritonavir,Generic,100/25mg,Tablet,60,5273,31321.62,5.94,0.1,ABBVIE Ludwigshafen Germany,True,668.0,4835.39,32.2
3320,24366,117-ET-T30,FPQ-9098,SCMS-133590,ASN-14914,Ethiopia,PMO - US,Direct Drop,EXW,Air,2012-01-10,2012-01-23,2012-05-18,2012-05-18,2012-05-18,HRDT,HIV test,"SHANGHAI KEHUA BIOENGINEERING CO.,LTD.  (KHB)","HIV 1/2, SKB Colloidal Gold, Diagnostic Kit, Antibody, 50 Tests","HIV 1/2, Colloidal Gold, Diagnostic Kit, Antibody",Colloidal Gold,no_dosage,Test kit,1,1362,33369.0,24.5,24.5,"KHB Test Kit Facility, Shanghai China",True,970.0,9718.85,46.78
3321,24368,106-HT-T30,FPQ-15038,SCMS-262930,ASN-31826,Haiti,PMO - US,Direct Drop,EXW,Air,2014-10-22,2015-01-20,2015-06-10,2015-06-10,2015-06-11,ARV,Pediatric,Aurobindo Pharma Limited,"Zidovudine 10mg/ml, oral solution, Bottle, 240 ml",Zidovudine,Generic,10mg/ml,Oral solution,240,5730,10887.0,1.9,0.01,"Aurobindo Unit III, India",True,2254.0,12791.34,11.19
3322,24374,107-RW-T30,FPQ-3859,SCMS-48920,ASN-5840,Rwanda,PMO - US,Direct Drop,CIP,Air,2009-06-30,2009-07-17,2010-01-27,2010-01-27,2010-01-27,ARV,Adult,Aurobindo Pharma Limited,"Tenofovir Disoproxil Fumarate 300mg, tablets, 30 Tabs",Tenofovir Disoproxil Fumarate,Generic,300mg,Tablet,30,5520,47251.2,8.56,0.29,"Aurobindo Unit III, India",True,516.0,2355.52,92.61
3323,24384,114-UG-T30,FPQ-10788,SCMS-162740,ASN-17430,Uganda,PMO - US,Direct Drop,DAP,Air,2012-10-10,2012-10-25,2012-12-14,2012-12-14,2012-12-14,ARV,Adult,ASPEN PHARMACARE,"Darunavir 300mg [Prezista], tablets, 120 Tabs",Darunavir,Prezista,300mg,Tablet,120,288,19180.8,66.6,0.55,"Aspen-OSD, Port Elizabeth, SA",True,94.0,1061.0,23.73
3324,24386,151-NG-T30,FPQ-16312,SCMS-287700,ASN-32527,Nigeria,PMO - US,Direct Drop,EXW,Air,2015-05-04,2015-05-07,2015-06-24,2015-06-24,2015-06-30,ARV,Adult,HETERO LABS LIMITED,"Lamivudine/Zidovudine 150/300mg, tablets, 60 Tabs",Lamivudine/Zidovudine,Generic,150/300mg,Tablet - FDC,60,58462,385849.2,6.6,0.11,Hetero Unit III Hyderabad IN,True,6093.0,42199.11,454.14
3325,24427,110-ZM-T30,FPQ-4141,SCMS-53261,ASN-5853,Zambia,PMO - US,Direct Drop,EXW,Air,2009-08-31,2009-09-11,2010-01-28,2010-01-28,2010-01-28,HRDT,HIV test - Ancillary,"Orgenics, Ltd","HIV, Lancet, Safety, for HIV Test kits, 100 Pcs","HIV, Lancet, Safety, for HIV Test kits, 100 Pcs",Generic,no_dosage,Test kit - Ancillary,100,7000,35000.0,5.0,0.05,Inverness Japan,True,1382.0,18369.56,68.6
3326,24440,116-ZA-T30,FPQ-12522,SCMS-199287,ASN-27748,South Africa,PMO - US,Direct Drop,DDP,Truck,2013-07-11,2014-08-13,2014-08-13,2014-08-13,2014-08-13,ARV,Pediatric,S. BUYS WHOLESALER,"Lopinavir/Ritonavir 80/20mg/ml [Kaletra], oral solution, cool, Bottle 5 x 60 ml",Lopinavir/Ritonavir,Kaletra,80/20mg/ml,Oral solution,300,2,46.9,23.45,0.08,ABBVIE (Abbott) Logis. UK,True,1.0,0.0,0.06
3327,24461,116-ZA-T30,FPQ-12522,SCMS-199289,ASN-28036,South Africa,PMO - US,Direct Drop,DDP,Truck,2013-07-11,2014-08-29,2014-08-29,2014-08-29,2014-08-29,ARV,Pediatric,S. BUYS WHOLESALER,"Efavirenz 50mg, capsule, 30 Caps",Efavirenz,Generic,50mg,Capsule,30,119,394.64,3.32,0.11,"Aurobindo Unit III, India",False,668.5,0.0,0.49
3328,24473,114-UG-T30,FPQ-9365,SCMS-143500,ASN-15426,Uganda,PMO - US,Direct Drop,DDP,Air,2012-03-15,2012-04-17,2012-07-05,2012-07-05,2012-07-05,ARV,Adult,ASPEN PHARMACARE,"Etravirine 100mg [Intelence], tablets, 120 Tabs",Etravirine,Intelence,100mg,Tablet,120,144,10800.0,75.0,0.62,"Janssen-Cilag, Latina, IT",True,47.0,449.0,15.14
3329,24488,116-ZA-T30,FPQ-14942,SCMS-259074,ASN-31069,South Africa,PMO - US,Direct Drop,DDP,Truck,2014-09-11,2015-03-09,2015-03-09,2015-03-09,2015-03-09,ARV,Adult,PHARMACY DIRECT,"Darunavir 300mg [Prezista], tablets, 120 Tabs",Darunavir,Prezista,300mg,Tablet,120,47,2215.03,47.13,0.39,"Janssen-Cilag, Latina, IT",True,668.5,0.0,2.28
3330,24519,107-RW-T30,FPQ-7987,SCMS-118030,ASN-12645,Rwanda,PMO - US,Direct Drop,EXW,Air,2011-07-25,2011-08-12,2011-11-23,2011-11-23,2011-11-23,HRDT,HIV test,"Trinity Biotech, Plc","HIV 1/2, Uni-Gold HIV Kit, 20 Tests","HIV 1/2, Uni-Gold HIV Kit",Uni-Gold,no_dosage,Test kit,20,873,27936.0,32.0,1.6,"Trinity Biotech, Plc",True,292.0,6233.79,46.09
3331,24530,127-KE-T30,FPQ-8155,SCMS-119180,ASN-12300,Kenya,PMO - US,Direct Drop,EXW,Air,2011-08-05,2011-08-29,2011-11-04,2011-11-04,2011-11-04,HRDT,HIV test,"Trinity Biotech, Plc","HIV 1/2, Uni-Gold HIV Kit, 20 Tests","HIV 1/2, Uni-Gold HIV Kit",Uni-Gold,no_dosage,Test kit,20,1500,48000.0,32.0,1.6,"Trinity Biotech, Plc",True,499.0,4976.33,79.2
3332,24547,102-GY-T30,FPQ-5495,SCMS-71620,ASN-7512,Guyana,PMO - US,Direct Drop,EXW,Air,2010-04-15,2010-06-21,2010-08-09,2010-08-09,2010-08-09,HRDT,HIV test,"Orgenics, Ltd","HIV 1/2, Determine Complete HIV Kit, 100 Tests","HIV 1/2, Determine Complete HIV Kit",Determine,no_dosage,Test kit,100,618,55620.0,90.0,0.9,Inverness Japan,True,304.0,6363.92,119.92
3333,24571,901-NA-T30,FPQ-14689,SCMS-253440,ASN-29097,Namibia,PMO - US,Direct Drop,EXW,Air,2014-07-30,2014-08-29,2014-11-19,2014-11-19,2014-11-19,ARV,Adult,HETERO LABS LIMITED,"Lamivudine/Nevirapine/Zidovudine 150/200/300mg, tablets, 60 Tabs",Lamivudine/Nevirapine/Zidovudine,Generic,150/300/200mg,Tablet - FDC,60,12788,106012.52,8.29,0.14,"Hetero, Jadcherla, unit 5, IN",False,668.5,2541.8,108.98
3334,24581,116-ZA-T30,FPQ-14942,SCMS-259075,ASN-32138,South Africa,PMO - US,Direct Drop,DDP,Truck,2014-09-11,2015-05-11,2015-05-12,2015-05-12,2015-05-12,ARV,Adult,PHARMACY DIRECT,"Etravirine 100mg [Intelence], tablets, 120 Tabs",Etravirine,Intelence,100mg,Tablet,120,3,76.78,25.59,0.21,"Janssen-Cilag, Latina, IT",False,1.0,0.0,0.08
3335,24591,108-VN-T30,FPQ-6818,SCMS-98060,ASN-10712,Vietnam,PMO - US,Direct Drop,FCA,Air,2011-01-17,2011-02-15,2011-05-28,2011-05-28,2011-05-28,ARV,Adult,ABBVIE LOGISTICS (FORMERLY ABBOTT LOGISTICS BV),"Lopinavir/Ritonavir 200/50mg [Aluvia], tablets, 120 Tabs",Lopinavir/Ritonavir,Aluvia,200/50mg,Tablet,120,3010,247422.0,82.2,0.68,ABBVIE Ludwigshafen Germany,True,756.0,9193.82,408.25
3336,24604,106-HT-T30,FPQ-15038,SCMS-262900,ASN-31866,Haiti,PMO - US,Direct Drop,FCA,Air,2014-10-22,2014-12-24,2015-06-05,2015-06-05,2015-06-08,ARV,Pediatric,ABBVIE LOGISTICS (FORMERLY ABBOTT LOGISTICS BV),"Lopinavir/Ritonavir 80/20mg/ml [Kaletra], oral solution, cool, Bottle 5 x 60 ml",Lopinavir/Ritonavir,Kaletra,80/20mg/ml,Oral solution,300,420,12944.4,30.82,0.1,ABBVIE (Abbott) Logis. UK,True,494.0,2737.95,13.31
3337,24620,104-CI-T30,FPQ-4698,SCMS-64950,ASN-7285,Côte d'Ivoire,PMO - US,Direct Drop,CIP,Air,2009-12-28,2010-02-12,2010-06-28,2010-06-28,2010-06-28,ARV,Pediatric,MERCK SHARP & DOHME IDEA GMBH (FORMALLY MERCK SHARP & DOHME B.V.),"Efavirenz 30mg/ml [Stocrin/Sustiva], oral solution, Bottle, 180 ml",Efavirenz,Stocrin/Sustiva,30mg/ml,Oral solution,180,2737,46419.52,16.96,0.09,"MSD, Haarlem, NL",True,805.0,1659.71,100.08
3338,24653,109-TZ-T30,FPQ-12197,SCMS-189360,ASN-21231,Tanzania,PMO - US,Direct Drop,EXW,Air,2013-04-30,2013-05-29,2013-09-17,2013-09-15,2013-09-15,HRDT,HIV test,"Standard Diagnostics, Inc.","HIV 1/2, Determine Complete HIV Kit, 100 Tests","HIV 1/2, Determine Complete HIV Kit",Determine,no_dosage,Test kit,100,3029,0.0,0.0,0.0,"Alere Medical Co., Ltd.",True,1255.0,21384.75,0.0
3339,24706,106-HT-T30,FPQ-11442,SCMS-177130,ASN-21190,Haiti,PMO - US,Direct Drop,FCA,Air,2013-01-30,2013-02-11,2013-09-03,2013-09-03,2013-09-03,ARV,Pediatric,BRISTOL-MYERS SQUIBB,"Didanosine 25mg [Videx], chewable tablets, 60 Tabs",Didanosine,Videx,25mg,Chewable/dispersible tablet,60,1040,7280.0,7.0,0.12,Bristol-Myers Squibb Anagni IT,True,226.0,1962.1,9.01
3340,24754,116-ZA-T30,FPQ-12522,SCMS-199283,ASN-27979,South Africa,PMO - US,Direct Drop,DDP,Truck,2013-07-11,2014-08-27,2014-08-27,2014-08-27,2014-08-27,ARV,Adult,S. BUYS WHOLESALER,"Lamivudine/Zidovudine 150/300mg, tablets, 60 Tabs",Lamivudine/Zidovudine,Generic,150/300mg,Tablet - FDC,60,31,1022.62,32.99,0.55,Hetero Unit III Hyderabad IN,False,4.0,0.0,1.26
3341,24766,116-ZA-T30,FPQ-5535,SCMS-71370,ASN-7373,South Africa,PMO - US,Direct Drop,DDP,Truck,2010-04-19,2010-04-21,2010-05-31,2010-05-31,2010-05-31,ARV,Adult,S. BUYS WHOLESALER,"Tenofovir Disoproxil Fumarate 300mg [Viread], tablets, 30 Tabs",Tenofovir Disoproxil Fumarate,Viread,300mg,Tablet,30,1200,34631.24,28.86,0.96,"Aspen-OSD, Port Elizabeth, SA",False,128.0,0.0,74.66
3342,24790,108-VN-T30,FPQ-11418,SCMS-176300,ASN-19787,Vietnam,PMO - US,Direct Drop,EXW,Air,2013-01-29,2013-02-06,2013-07-01,2013-07-01,2013-07-01,ARV,Adult,HETERO LABS LIMITED,"Abacavir 300mg, tablets, 60 Tabs",Abacavir,Generic,300mg,Tablet,60,717,8783.25,12.25,0.2,Hetero Unit III Hyderabad IN,False,668.5,4400.805,10.86
3343,24819,105-GY-T30,FPQ-10249,SCMS-153880,ASN-16583,Guyana,PMO - US,Direct Drop,EXW,Air,2012-07-05,2012-07-26,2012-10-15,2012-10-15,2012-10-15,HRDT,HIV test,"Orgenics, Ltd","HIV 1/2, Determine Complete HIV Kit, 100 Tests","HIV 1/2, Determine Complete HIV Kit",Determine,no_dosage,Test kit,100,564,56400.0,100.0,1.0,"Alere Medical Co., Ltd.",True,272.0,8128.95,79.07
3344,24842,900-TZ-T30,FPQ-10396,SCMS-157660,ASN-16907,Tanzania,PMO - US,Direct Drop,EXW,Air,2012-07-31,2012-08-21,2012-11-20,2012-11-20,2012-11-20,HRDT,HIV test,"Orgenics, Ltd","HIV 1/2, Determine Complete HIV Kit, 100 Tests","HIV 1/2, Determine Complete HIV Kit",Determine,no_dosage,Test kit,100,8000,640000.0,80.0,0.8,"Alere Medical Co., Ltd.",True,3803.0,64075.1,897.28
3345,24862,116-ZA-T30,FPQ-13035,SCMS-215370,ASN-24415,South Africa,PMO - US,Direct Drop,DDP,Truck,2013-10-08,2013-12-02,2014-02-06,2014-02-06,2014-02-06,ARV,Pediatric,S. BUYS WHOLESALER,"Lopinavir/Ritonavir 100/25mg [Aluvia], tablets, 60 Tabs",Lopinavir/Ritonavir,Generic,100/25mg,Tablet,60,17,98.29,5.78,0.1,ABBVIE Ludwigshafen Germany,False,50.0,0.0,0.12
3346,24865,161-ZA-T30,FPQ-5303,SCMS-69010,ASN-7316,South Africa,PMO - US,Direct Drop,DDP,Air,2010-03-18,2010-03-19,2010-06-24,2010-06-24,2010-06-24,ARV,Adult,Aurobindo Pharma Limited,"Zidovudine 300mg, tablets, 60 Tabs",Zidovudine,Generic,300mg,Tablet,60,60234,447538.62,7.43,0.12,"Aurobindo Unit III, India",True,3221.0,3296.57,964.89
3347,24868,108-VN-T30,FPQ-10811,SCMS-164530,ASN-18729,Vietnam,PMO - US,Direct Drop,FCA,Air,2012-10-15,2012-11-07,2013-04-09,2013-04-09,2013-04-09,ARV,Adult,ABBVIE LOGISTICS (FORMERLY ABBOTT LOGISTICS BV),"Lopinavir/Ritonavir 200/50mg [Aluvia], tablets, 120 Tabs",Lopinavir/Ritonavir,Aluvia,200/50mg,Tablet,120,4164,253254.48,60.82,0.51,ABBVIE Ludwigshafen Germany,True,992.0,3212.25,313.28
3348,24872,108-VN-T30,FPQ-11417,SCMS-174380,ASN-18759,Vietnam,PMO - US,Direct Drop,EXW,Air,2013-01-10,2013-01-22,2013-05-13,2013-05-13,2013-05-13,ARV,Adult,HETERO LABS LIMITED,"Nevirapine 200mg, tablets, 60 Tabs",Nevirapine,Generic,200mg,Tablet,60,26997,59663.37,2.21,0.04,Hetero Unit III Hyderabad IN,True,1726.0,11984.91,73.8
3349,24875,108-VN-T30,FPQ-13524,SCMS-226250,ASN-27132,Vietnam,PMO - US,Direct Drop,EXW,Air,2014-02-06,2014-03-10,2014-08-16,2014-08-16,2014-08-25,ARV,Adult,MYLAN LABORATORIES LTD (FORMERLY MATRIX LABORATORIES),"Lamivudine/Nevirapine/Zidovudine 150/200/300mg, tablets, 60 Tabs",Lamivudine/Nevirapine/Zidovudine,Generic,150/300/200mg,Tablet - FDC,60,27900,225990.0,8.1,0.13,Mylan (formerly Matrix) Nashik,True,3868.0,7238.46,232.32
3350,24884,110-ZM-T30,FPQ-9074,SCMS-134290,ASN-13651,Zambia,PMO - US,Direct Drop,EXW,Air,2011-12-22,2012-01-24,2012-02-29,2012-02-29,2012-02-29,ARV,Adult,Aurobindo Pharma Limited,"Emtricitabine/Tenofovir Disoproxil Fumarate 200/300mg, tablets, 30 Tabs",Emtricitabine/Tenofovir Disoproxil Fumarate,Generic,200/300mg,Tablet - FDC,30,100000,735000.0,7.35,0.24,"Aurobindo Unit III, India",True,9369.0,50030.37,1030.47
3351,24905,114-UG-T30,FPQ-12777,SCMS-202560,ASN-22982,Uganda,PMO - US,Direct Drop,EXW,Air,2013-08-05,2013-08-09,2013-12-10,2013-12-10,2013-12-10,ARV,Pediatric,Aurobindo Pharma Limited,"Nevirapine 10mg/ml, oral suspension w/syringe, Bottle, 100 ml",Nevirapine,Generic,10mg/ml,Oral suspension,100,10368,13478.4,1.3,0.01,"Aurobindo Unit III, India",True,2127.0,10898.13,16.67
3352,24934,151-NG-T30,FPQ-5124,SCMS-66900,ASN-6712,Nigeria,PMO - US,Direct Drop,FCA,Air,2010-02-15,2010-03-05,2010-06-21,2010-06-21,2010-06-21,ARV,Adult,Hoffmann-La Roche ltd Basel,"Saquinavir 500mg [Invirase], tablets, 120 Tabs",Saquinavir,Invirase,500mg,Tablet,120,430,40713.32,94.68,0.79,Roche Basel,True,77.0,729.03,87.78
3353,24970,116-ZA-T30,FPQ-12522,SCMS-199289,ASN-28034,South Africa,PMO - US,Direct Drop,DDP,Truck,2013-07-11,2014-08-29,2014-08-29,2014-08-29,2014-08-29,ARV,Adult,S. BUYS WHOLESALER,"Efavirenz 600mg, tablets, 30 Tabs",Efavirenz,Generic,600mg,Tablet,30,915,15162.72,16.57,0.55,Hetero Unit III Hyderabad IN,False,51.0,0.0,18.76
3354,24974,107-RW-T30,FPQ-6341,SCMS-84920,ASN-9798,Rwanda,PMO - US,Direct Drop,EXW,Ocean,2010-09-03,2010-09-27,2011-03-31,2011-03-31,2011-03-31,ARV,Adult,CIPLA LIMITED,"Lopinavir/Ritonavir 200/50mg, tablets, 120 Tabs",Lopinavir/Ritonavir,Generic,200/50mg,Tablet,120,17587,587405.8,33.4,0.28,Cipla Ltd A-42 MIDC Mahar. IN,True,5480.0,19123.35,1266.45
3355,24983,106-HT-T30,FPQ-15038,SCMS-263170,ASN-31572,Haiti,PMO - US,Direct Drop,EXW,Air,2014-10-22,2014-12-24,2015-05-11,2015-05-11,2015-05-13,ARV,Adult,Aurobindo Pharma Limited,"Lamivudine/Nevirapine/Zidovudine 150/200/300mg, tablets, 60 Tabs",Lamivudine/Nevirapine/Zidovudine,Generic,150/300/200mg,Tablet - FDC,60,24000,196800.0,8.2,0.14,"Aurobindo Unit III, India",True,2830.0,2946.7200000000003,202.31
3356,24990,119-NA-T30,FPQ-4267,SCMS-54590,ASN-5308,Namibia,PMO - US,Direct Drop,EXW,Air,2009-09-15,2009-10-06,2009-11-11,2009-11-11,2009-11-11,HRDT,HIV test,"Trinity Biotech, Plc","HIV 1/2, Uni-Gold HIV Kit, 20 Tests","HIV 1/2, Uni-Gold HIV Kit",Uni-Gold,no_dosage,Test kit,20,25,0.25,0.01,0.0,"Trinity Biotech, Plc",True,10.0,751.43,0.0
3357,24993,108-VN-T30,FPQ-13976,SCMS-236100,ASN-28777,Vietnam,PMO - US,Direct Drop,EXW,Air,2014-04-08,2014-04-30,2014-11-26,2014-11-26,2014-11-26,ARV,Adult,MICRO LABS LIMITED,"Lamivudine 150mg, tablets, 60 Tabs",Lamivudine,Generic,150mg,Tablet,60,14500,24940.0,1.72,0.03,"Micro labs, Verna, Goa, India",False,1640.0,4400.805,25.64
3358,24999,107-RW-T30,FPQ-3859,SCMS-48871,ASN-5799,Rwanda,PMO - US,Direct Drop,CIP,Air,2009-06-30,2009-12-08,2010-01-27,2010-01-27,2010-01-27,ARV,Adult,Aurobindo Pharma Limited,"Tenofovir Disoproxil Fumarate 300mg, tablets, 30 Tabs",Tenofovir Disoproxil Fumarate,Generic,300mg,Tablet,30,1630,13952.8,8.56,0.29,"Aurobindo Unit III, India",True,153.0,2483.49,27.35
3359,25019,116-ZA-T30,FPQ-13973,SCMS-238553,ASN-28021,South Africa,PMO - US,Direct Drop,DDP,Truck,2014-04-30,2014-08-28,2014-08-28,2014-08-28,2014-08-28,ARV,Adult,PHARMACY DIRECT,"Lamivudine 150mg, tablets, 60 Tabs",Lamivudine,Generic,150mg,Tablet,60,220,2011.46,9.14,0.15,"Aurobindo Unit III, India",False,31.0,0.0,2.07
3360,25037,161-ZA-T30,FPQ-6708,SCMS-93570,ASN-11701,South Africa,PMO - US,Direct Drop,DDP,Ocean,2010-11-26,2010-12-14,2011-10-05,2011-10-05,2011-10-05,ARV,Adult,Aurobindo Pharma Limited,"Tenofovir Disoproxil Fumarate 300mg, tablets, 30 Tabs",Tenofovir Disoproxil Fumarate,Generic,300mg,Tablet,30,71984,478693.6,6.65,0.22,"Aurobindo Unit III, India",True,6719.0,9726.54,789.84
3361,25074,111-MZ-T30,FPQ-14294,SCMS-247360,ASN-27768,Mozambique,PMO - US,Direct Drop,EXW,Air,2014-05-15,2014-07-30,2014-09-10,2014-09-10,2014-10-03,HRDT,HIV test,"Orgenics, Ltd","HIV 1/2, Determine Complete HIV Kit, 100 Tests","HIV 1/2, Determine Complete HIV Kit",Determine,no_dosage,Test kit,100,3319,265520.0,80.0,0.8,"Alere Medical Co., Ltd.",True,1351.0,9168.48,272.95
3362,25075,104-CI-T30,FPQ-14253,SCMS-243790,ASN-30570,Côte d'Ivoire,PMO - US,Direct Drop,EXW,Air,2014-05-14,2014-07-09,2015-02-20,2015-02-20,2015-02-20,HRDT,HIV test,"CHEMBIO DIAGNOSTIC SYSTEMS, INC.","HIV 1/2, Stat-Pak HIV, Kit, 20 Tests","HIV 1/2, Stat-Pak HIV, Kit",Stat-Pak,no_dosage,Test kit,20,2120,65720.0,31.0,1.55,Chembio Diagnostics Sys. Inc.,True,610.0,8231.14,67.56
3363,25083,102-SZ-T30,FPQ-10537,SCMS-159080,ASN-16585,Swaziland,PMO - US,Direct Drop,EXW,Air,2012-08-23,2012-09-12,2013-06-18,2013-06-18,2013-06-18,HRDT,HIV test,"Trinity Biotech, Plc","HIV 1/2, Uni-Gold HIV Kit, 20 Tests","HIV 1/2, Uni-Gold HIV Kit",Uni-Gold,no_dosage,Test kit,20,150,4800.0,32.0,1.6,"Trinity Biotech, Plc",True,54.0,752.58,6.73
3364,25085,117-ET-T30,FPQ-6608,SCMS-92050,ASN-10239,Ethiopia,PMO - US,Direct Drop,EXW,Air,2010-11-09,2010-11-24,2011-04-08,2011-04-08,2011-04-08,HRDT,HIV test,"Trinity Biotech, Plc","HIV 1/2, Uni-Gold HIV Kit, 20 Tests","HIV 1/2, Uni-Gold HIV Kit",Uni-Gold,no_dosage,Test kit,20,336,10752.0,32.0,1.6,"Trinity Biotech, Plc",True,139.0,1921.14,17.74
3365,25103,109-TZ-T30,FPQ-8071,SCMS-116860,ASN-13529,Tanzania,PMO - US,Direct Drop,EXW,Air,2011-07-22,2011-08-01,2012-02-09,2012-02-09,2012-02-09,HRDT,HIV test,"Orgenics, Ltd","HIV 1/2, Determine Complete HIV Kit, 100 Tests","HIV 1/2, Determine Complete HIV Kit",Determine,no_dosage,Test kit,100,3500,280000.0,80.0,0.8,Inverness Japan,True,1669.0,30754.1,462.0
3366,25127,116-ZA-T30,FPQ-4359,SCMS-54980,ASN-5373,South Africa,PMO - US,Direct Drop,DDP,Truck,2009-10-08,2009-10-15,2009-10-19,2009-10-19,2009-10-19,ARV,Pediatric,S. BUYS WHOLESALER,"Didanosine 100mg [Videx],chewable tablets, 60 Tabs",Didanosine,Videx,100mg,Chewable/dispersible tablet,60,10,162.9,16.29,0.27,"BMS Meymac, France",False,38.0,0.0,0.32
3367,25141,116-ZA-T30,FPQ-14942,SCMS-295800,ASN-33865,South Africa,PMO - US,Direct Drop,DDP,Truck,2014-09-11,2015-08-24,2015-08-24,2015-08-24,2015-08-24,ARV,Pediatric,PHARMACY DIRECT,"Abacavir 20mg/ml, oral solution, Bottle, 240 ml",Abacavir,Generic,20mg/ml,Oral solution,240,17,322.98,19.0,0.08,"Aurobindo Unit III, India",False,50.0,0.0,0.33
3368,25189,116-ZA-T30,FPQ-13973,SCMS-238556,ASN-31854,South Africa,PMO - US,Direct Drop,DDP,Truck,2014-04-30,2015-04-28,2015-04-28,2015-04-28,2015-04-28,ARV,Adult,PHARMACY DIRECT,"Didanosine 250mg, delayed-release capsules, 30 Caps",Didanosine,Generic,250mg,Delayed-release capsules,30,4,60.98,15.24,0.51,"Aurobindo Unit III, India",False,78.0,0.0,0.06
3369,25201,108-VN-T30,FPQ-4266,SCMS-56530,ASN-7262,Vietnam,PMO - US,Direct Drop,EXW,Air,2009-10-20,2009-11-09,2010-07-06,2010-07-06,2010-07-06,ARV,Adult,Aurobindo Pharma Limited,"Lamivudine/Nevirapine/Zidovudine 150/200/300mg, tablets, 60 Tabs",Lamivudine/Nevirapine/Zidovudine,Generic,150/300/200mg,Tablet - FDC,60,16500,183975.0,11.15,0.19,"Aurobindo Unit III, India",True,3802.0,26084.14,360.59
3370,25220,133-NG-T30,FPQ-10765,SCMS-162440,ASN-17647,Nigeria,PMO - US,Direct Drop,EXW,Air,2012-10-05,2012-10-16,2013-01-09,2013-01-28,2013-01-28,HRDT,HIV test,"Orgenics, Ltd","HIV 1/2, Determine Complete HIV Kit, 100 Tests","HIV 1/2, Determine Complete HIV Kit",Determine,no_dosage,Test kit,100,2352,209328.0,89.0,0.89,"Alere Medical Co., Ltd.",True,1058.0,21683.23,293.48
3371,25230,161-ZA-T30,FPQ-7175,SCMS-103330,ASN-11045,South Africa,PMO - US,Direct Drop,DDP,Ocean,2011-03-10,2011-03-24,2011-09-02,2011-09-02,2011-09-02,ARV,Adult,Aurobindo Pharma Limited,"Efavirenz 600mg, tablets, 30 Tabs",Efavirenz,Generic,600mg,Tablet,30,174500,786995.0,4.51,0.15,"Aurobindo Unit III, India",True,14833.0,21555.16,1298.54
3372,25279,114-UG-T30,FPQ-15314,SCMS-264750,ASN-31498,Uganda,PMO - US,Direct Drop,EXW,Air,2014-11-11,2014-12-04,2015-05-05,2015-05-05,2015-05-05,HRDT,HIV test,"Orgenics, Ltd","HIV 1/2, Determine Complete HIV Kit, 100 Tests","HIV 1/2, Determine Complete HIV Kit",Determine,no_dosage,Test kit,100,5655,452400.0,80.0,0.8,"Alere Medical Co., Ltd.",True,2290.0,18423.91,532.47
3373,25293,107-RW-T30,FPQ-4248,SCMS-43810,ASN-5827,Rwanda,PMO - US,Direct Drop,CIP,Air,2009-02-27,2009-04-15,2010-02-03,2010-02-03,2010-02-03,ARV,Adult,MYLAN LABORATORIES LTD (FORMERLY MATRIX LABORATORIES),"Lamivudine/Zidovudine 150/300mg, tablets, 60 Tabs",Lamivudine/Zidovudine,Generic,150/300mg,Tablet - FDC,60,34464,310176.0,9.0,0.15,Mylan (formerly Matrix) Nashik,True,2768.0,29603.24,607.94
3374,25319,116-ZA-T30,FPQ-5381,SCMS-69591,ASN-7345,South Africa,PMO - US,Direct Drop,DDP,Truck,2010-03-23,2010-03-25,2010-06-04,2010-06-04,2010-06-04,ARV,Adult,S. BUYS WHOLESALER,"Stavudine 20mg [Zerit], capsules, 60 Caps",Stavudine,Zerit,20mg,Capsule,60,150,910.31,6.07,0.1,"BMS Meymac, France",True,53.5,0.0,1.96
3375,25323,108-VN-T30,FPQ-16194,SCMS-285500,ASN-33269,Vietnam,PMO - US,Direct Drop,EXW,Air,2015-04-14,2015-05-13,2015-09-03,2015-09-03,2015-09-03,ARV,Adult,HETERO LABS LIMITED,"Nevirapine 200mg, tablets, 60 Tabs",Nevirapine,Generic,200mg,Tablet,60,2500,5400.0,2.16,0.04,Hetero Unit III Hyderabad IN,True,284.0,4400.805,6.36
3376,25328,116-ZA-T30,FPQ-4770,SCMS-60170,ASN-5934,South Africa,PMO - US,Direct Drop,DDP,Truck,2009-12-17,2009-12-23,2009-12-28,2009-12-28,2009-12-28,ARV,Adult,S. BUYS WHOLESALER,"Lopinavir/Ritonavir 200/50mg [Aluvia], tablets, 120 Tabs",Lopinavir/Ritonavir,Aluvia,200/50mg,Tablet,120,150,6083.68,40.56,0.34,ABBVIE Ludwigshafen Germany,True,53.5,0.0,13.12
3377,25343,105-GY-T30,FPQ-10249,SCMS-153850,ASN-16935,Guyana,PMO - US,Direct Drop,EXW,Air,2012-07-05,2012-07-26,2012-11-07,2012-11-07,2012-11-07,HRDT,HIV test,"Trinity Biotech, Plc","HIV 1/2, Uni-Gold HIV Kit, 20 Tests","HIV 1/2, Uni-Gold HIV Kit",Uni-Gold,no_dosage,Test kit,20,461,14752.0,32.0,1.6,"Trinity Biotech, Plc",True,149.0,2115.21,20.68
3378,25393,103-CM-T30,FPQ-10128,SCMS-151590,ASN-15819,Cameroon,PMO - US,Direct Drop,EXW,Air,2012-06-22,2012-07-16,2012-08-17,2012-08-17,2012-08-17,HRDT,HIV test,Orasure Technologies Inc.,"HIV 1/2, OraQuick Advance HIV Rapid Antibody Kit, 100 Tests","HIV 1/2, OraQuick Advance HIV Rapid Antibody Kit",OraQuick,no_dosage,Test kit,100,30,10500.0,350.0,3.5,"Pacific Biotech, Thailand",True,72.0,1765.54,14.72
3379,25412,111-MZ-T30,FPQ-7270,SCMS-103120,ASN-10799,Mozambique,PMO - US,Direct Drop,EXW,Ocean,2011-03-04,2011-03-30,2011-11-22,2011-11-22,2011-11-22,HRDT,HIV test,"Trinity Biotech, Plc","HIV 1/2, Uni-Gold HIV Kit, 20 Tests","HIV 1/2, Uni-Gold HIV Kit",Uni-Gold,no_dosage,Test kit,20,1065,34080.0,32.0,1.6,"Trinity Biotech, Plc",True,394.0,23408.33,56.23
3380,25423,114-UG-T30,FPQ-9365,SCMS-143490,ASN-14880,Uganda,PMO - US,Direct Drop,DDP,Air,2012-03-15,2012-04-17,2012-05-18,2012-05-18,2012-05-18,ARV,Adult,ASPEN PHARMACARE,"Darunavir 300mg [Prezista], tablets, 120 Tabs",Darunavir,Prezista,300mg,Tablet,120,63,4195.8,66.6,0.55,"Aspen-OSD, Port Elizabeth, SA",True,57.0,548.2,5.88
3381,25476,116-ZA-T30,FPQ-14942,SCMS-259073,ASN-30671,South Africa,PMO - US,Direct Drop,DDP,Truck,2014-09-11,2015-02-12,2015-02-12,2015-02-12,2015-02-12,ARV,Adult,PHARMACY DIRECT,"Emtricitabine/Tenofovir Disoproxil Fumarate 200/300mg, tablets, 30 Tabs",Emtricitabine/Tenofovir Disoproxil Fumarate,Generic,200/300mg,Tablet - FDC,30,11,240.13,21.83,0.73,"Aurobindo Unit III, India",False,17.0,0.0,0.25
3382,25477,114-UG-T30,FPQ-7268,SCMS-104110,ASN-12478,Uganda,PMO - US,Direct Drop,CIP,Air,2011-03-11,2011-03-25,2011-10-19,2011-10-19,2011-10-19,ARV,Adult,MERCK SHARP & DOHME IDEA GMBH (FORMALLY MERCK SHARP & DOHME B.V.),"Raltegravir 400mg [Isentress], tablets, 60 Tabs",Raltegravir,Isentress,400mg,Tablet,60,274,25071.0,91.5,1.52,"MSD, Haarlem, NL",True,28.0,501.0,41.37
3383,25483,900-TG-T30,FPQ-15921,SCMS-278370,ASN-31081,Togo,PMO - US,Direct Drop,EXW,Air,2015-02-18,2015-02-27,2015-04-23,2015-04-23,2015-06-01,ARV,Adult,HETERO LABS LIMITED,"Lamivudine/Tenofovir Disoproxil Fumarate 300/300mg, tablets, 30 Tabs",Lamivudine/Tenofovir Disoproxil Fumarate,Generic,300/300mg,Tablet - FDC,30,6678,30051.0,4.5,0.15,Hetero Unit III Hyderabad IN,True,734.0,3710.65,35.37
3384,25521,161-ZA-T30,FPQ-6262,SCMS-83830,ASN-9178,South Africa,PMO - US,Direct Drop,DDP,Ocean,2010-08-31,2010-09-24,2010-12-08,2011-02-01,2011-02-01,ARV,Adult,Aurobindo Pharma Limited,"Zidovudine 300mg, tablets, 60 Tabs",Zidovudine,Generic,300mg,Tablet,60,10357,75916.81,7.33,0.12,"Aurobindo Unit III, India",True,523.0,3161.68,163.68
3385,25522,108-VN-T30,FPQ-6384,SCMS-87770,ASN-9407,Vietnam,PMO - US,Direct Drop,EXW,Air,2010-09-30,2010-10-18,2011-02-09,2011-02-09,2011-02-09,ARV,Adult,HETERO LABS LIMITED,"Nevirapine 200mg, tablets, 60 Tabs",Nevirapine,Generic,200mg,Tablet,60,5977,14524.11,2.43,0.04,Hetero Unit III Hyderabad IN,False,668.5,4400.805,31.31
3386,25536,151-NG-T30,FPQ-12803,SCMS-206340,ASN-23739,Nigeria,PMO - US,Direct Drop,EXW,Air,2013-08-13,2013-09-17,2014-02-11,2014-02-11,2014-02-13,ARV,Pediatric,CIPLA LIMITED,"Abacavir 60mg, dispersible tablets, 60 Tabs",Abacavir,Generic,60mg,Chewable/dispersible tablet,60,7325,36625.0,5.0,0.08,"Cipla, Patalganga, India",True,455.0,4967.03,45.31
3387,25539,116-ZA-T30,FPQ-15950,SCMS-277981,ASN-32394,South Africa,PMO - US,Direct Drop,DDP,Truck,2015-02-20,2015-05-29,2015-05-26,2015-05-26,2015-05-26,ARV,Pediatric,PHARMACY DIRECT,"Ritonavir 80mg/ml [Norvir], oral solution, cool, Bottle, 90 ml",Ritonavir,Norvir,80mg/ml,Oral solution,90,2,9.24,4.62,0.05,ABBVIE (Abbott) France,True,1.0,0.0,0.01
3388,25566,116-ZA-T30,FPQ-14942,SCMS-259071,ASN-29597,South Africa,PMO - US,Direct Drop,DDP,Truck,2014-09-11,2014-11-28,2014-11-28,2014-11-28,2014-11-28,ARV,Adult,PHARMACY DIRECT,"Efavirenz 600mg, tablets, 30 Tabs",Efavirenz,Generic,600mg,Tablet,30,132,1487.53,11.27,0.38,"Aurobindo Unit III, India",False,17.5,0.0,1.53
3389,25587,114-UG-T30,FPQ-13116,SCMS-212350,ASN-24416,Uganda,PMO - US,Direct Drop,EXW,Air,2013-10-23,2013-10-30,2014-03-21,2014-03-21,2014-03-21,ARV,Pediatric,CIPLA LIMITED,"Lamivudine/Nevirapine/Zidovudine 30/50/60mg, dispersible tablets, 60 Tabs",Lamivudine/Nevirapine/Zidovudine,Generic,30/50/60mg,Chewable/dispersible tablet - FDC,60,15021,60084.0,4.0,0.07,"Cipla, Goa, India",True,1411.0,13983.98,61.77
3390,25599,113-ZW-T30,FPQ-13939,SCMS-234750,ASN-25953,Zimbabwe,PMO - US,Direct Drop,EXW,Air Charter,2014-04-01,2014-04-11,2014-06-14,2014-06-14,2014-06-16,ARV,Adult,MICRO LABS LIMITED,"Nevirapine 200mg, tablets, 60 Tabs",Nevirapine,Generic,200mg,Tablet,60,55000,114400.0,2.08,0.03,"Micro labs, Verna, Goa, India",True,5810.0,46213.4,117.6
3391,25642,102-GY-T30,FPQ-5495,SCMS-71630,ASN-8224,Guyana,PMO - US,Direct Drop,EXW,Air,2010-04-15,2010-06-21,2010-10-27,2010-10-27,2010-10-27,HRDT,HIV test,"Orgenics, Ltd","HIV 1/2, Determine Complete HIV Kit, 100 Tests","HIV 1/2, Determine Complete HIV Kit",Determine,no_dosage,Test kit,100,336,30240.0,90.0,0.9,Inverness Japan,True,154.0,4268.93,65.2
3392,25676,116-ZA-T30,FPQ-14942,SCMS-259077,ASN-33477,South Africa,PMO - US,Direct Drop,DDP,Truck,2014-09-11,2014-10-09,2015-07-24,2015-07-24,2015-07-24,ARV,Adult,PHARMACY DIRECT,"Didanosine 250mg, delayed-release capsules, 30 Caps",Didanosine,Generic,250mg,Delayed-release capsules,30,5,55.08,11.02,0.37,"Aurobindo Unit III, India",True,842.0,0.0,0.06
3393,25706,106-HT-T30,FPQ-12538,SCMS-198150,ASN-21072,Haiti,PMO - US,Direct Drop,EXW,Air,2013-06-25,2013-07-22,2013-08-30,2013-08-30,2013-08-30,ARV,Adult,MYLAN LABORATORIES LTD (FORMERLY MATRIX LABORATORIES),"Atazanavir/Ritonavir 300/100mg, tablets, 30 Tabs",Atazanavir/Ritonavir,Generic,300/100mg,Tablet,30,4816,96320.0,20.0,0.67,Mylan (formerly Matrix) Nashik,True,647.0,4444.33,119.15
3394,25726,107-RW-T30,FPQ-4954,SCMS-64520,ASN-7396,Rwanda,PMO - US,Direct Drop,CIP,Air,2010-01-29,2010-02-09,2010-06-30,2010-06-30,2010-06-30,ARV,Adult,MYLAN LABORATORIES LTD (FORMERLY MATRIX LABORATORIES),"Abacavir 300mg, tablets, 60 Tabs",Abacavir,Generic,300mg,Tablet,60,26100,424125.0,16.25,0.27,Mylan (formerly Matrix) Nashik,True,2586.0,1170.2,914.41
3395,25749,106-HT-T30,FPQ-6834,SCMS-96430,ASN-9759,Haiti,Haiti Field Office,Direct Drop,EXW,Air,2010-12-14,2011-01-12,2011-03-11,2011-03-11,2011-03-11,HRDT,HIV test,Orasure Technologies Inc.,"HIV 1/2, OraQuick Advance HIV Rapid Antibody Kit, 100 Tests","HIV 1/2, OraQuick Advance HIV Rapid Antibody Kit",OraQuick,no_dosage,Test kit,100,127,44450.0,350.0,3.5,"Orasure Technologies, Inc",True,22.0,4625.81,73.34
3396,25752,161-ZA-T30,FPQ-5303,SCMS-68710,ASN-6750,South Africa,PMO - US,Direct Drop,DDP,Air,2010-03-18,2010-03-19,2010-06-11,2010-06-11,2010-06-11,ARV,Adult,CIPLA LIMITED,"Tenofovir Disoproxil Fumarate 300mg, tablets, 30 Tabs",Tenofovir Disoproxil Fumarate,Generic,300mg,Tablet,30,38890,304119.8,7.82,0.26,"Cipla, Goa, India",True,2649.0,3908.55,655.68
3397,25760,108-VN-T30,FPQ-5899,SCMS-77430,ASN-8081,Vietnam,PMO - US,Direct Drop,EXW,Air,2010-06-23,2010-07-01,2010-09-21,2010-09-21,2010-09-21,ARV,Adult,STRIDES ARCOLAB LIMITED,"Nevirapine 200mg, tablets, 60 Tabs",Nevirapine,Generic,200mg,Tablet,60,1247,3167.38,2.54,0.04,"Strides, Bangalore, India.",True,71.0,4035.45,6.83
3398,25767,102-MW-T30,FPQ-11638,SCMS-179350,ASN-19144,Malawi,PMO - US,Direct Drop,EXW,Air,2013-02-22,2013-03-14,2013-04-30,2013-04-30,2013-04-30,HRDT,HIV test,"Orgenics, Ltd","HIV 1/2, Determine Complete HIV Kit, 100 Tests","HIV 1/2, Determine Complete HIV Kit",Determine,no_dosage,Test kit,100,461,36880.0,80.0,0.8,"Alere Medical Co., Ltd.",True,207.0,5248.93,45.62
3399,25782,108-VN-T30,FPQ-13976,SCMS-236120,ASN-27809,Vietnam,PMO - US,Direct Drop,EXW,Air,2014-04-08,2014-04-30,2014-09-16,2014-09-16,2014-10-01,ARV,Adult,HETERO LABS LIMITED,"Abacavir 300mg, tablets, 60 Tabs",Abacavir,Generic,300mg,Tablet,60,600,6870.0,11.45,0.19,Hetero Unit III Hyderabad IN,False,231.5,4400.805,7.06
3400,25796,108-VN-T30,FPQ-12051,SCMS-188660,ASN-22072,Vietnam,PMO - US,Direct Drop,EXW,Air,2013-05-03,2013-05-15,2013-11-27,2013-11-27,2013-11-27,ARV,Adult,MYLAN LABORATORIES LTD (FORMERLY MATRIX LABORATORIES),"Lamivudine/Zidovudine 150/300mg, tablets, 60 Tabs",Lamivudine/Zidovudine,Generic,150/300mg,Tablet - FDC,60,23063,155675.25,6.75,0.11,Mylan (formerly Matrix) Nashik,True,1984.0,3225.12,192.57
3401,25809,108-VN-T30,FPQ-12051,SCMS-188680,ASN-20555,Vietnam,PMO - US,Direct Drop,EXW,Air,2013-05-03,2013-05-17,2013-09-03,2013-09-03,2013-09-03,ARV,Adult,Aurobindo Pharma Limited,"Lamivudine/Nevirapine/Zidovudine 150/200/300mg, tablets, 60 Tabs",Lamivudine/Nevirapine/Zidovudine,Generic,150/300/200mg,Tablet - FDC,60,12488,101777.2,8.15,0.14,"Aurobindo Unit III, India",True,1846.0,3314.03,125.9
3402,25824,111-MZ-T30,FPQ-8116,SCMS-118370,ASN-12475,Mozambique,PMO - US,Direct Drop,EXW,Air,2011-08-04,2011-08-30,2011-11-22,2011-11-22,2011-11-22,HRDT,HIV test,"Orgenics, Ltd","HIV 1/2, Determine HIV Kit, without Lancets, 100 Tests","HIV 1/2, Determine HIV Kit, without Lancets",Determine,no_dosage,Test kit,100,7409,575679.3,77.7,0.78,Inverness Japan,True,1275.0,15873.44,949.87
3403,25828,161-ZA-T30,FPQ-6708,SCMS-93580,ASN-10111,South Africa,PMO - US,Direct Drop,DDP,Ocean,2010-11-26,2010-12-14,2011-04-08,2011-05-05,2011-05-05,ARV,Adult,CIPLA LIMITED,"Tenofovir Disoproxil Fumarate 300mg, tablets, 30 Tabs",Tenofovir Disoproxil Fumarate,Generic,300mg,Tablet,30,12346,84693.56,6.86,0.23,"Cipla, Goa, India",True,820.0,9177.19,139.74
3404,25830,161-ZA-T30,FPQ-5303,SCMS-68980,ASN-8160,South Africa,PMO - US,Direct Drop,DDP,Air,2010-03-18,2010-03-19,2010-08-24,2010-12-08,2010-12-08,ARV,Pediatric,Aurobindo Pharma Limited,"Lamivudine 10mg/ml, oral solution w/syringe, Bottle, 240 ml",Lamivudine,Generic,10mg/ml,Oral solution,240,11640,34920.0,3.0,0.01,"Aurobindo Unit III, India",True,4386.0,12917.3,75.29
3405,25844,109-TZ-T30,FPQ-9211,SCMS-136920,ASN-14276,Tanzania,PMO - US,Direct Drop,EXW,Air,2012-01-25,2012-02-17,2012-05-08,2012-05-08,2012-05-08,HRDT,HIV test,"Orgenics, Ltd","HIV 1/2, Determine Complete HIV Kit, 100 Tests","HIV 1/2, Determine Complete HIV Kit",Determine,no_dosage,Test kit,100,1130,90400.0,80.0,0.8,"Alere Medical Co., Ltd.",True,537.0,10626.8,126.74
3406,25854,123-NG-T30,FPQ-8934,SCMS-140020,ASN-15131,Nigeria,PMO - US,Direct Drop,EXW,Air,2012-02-08,2012-05-15,2012-06-29,2012-06-29,2012-06-29,ACT,ACT,NOVARTIS PHARMA SERVICES AG,"Artemether/Lumefantrine 20/120mg [Coartem], scored tablets, Blister 30 x 24 Tabs",Artemether/Lumefantrine,Coartem,20/120mg,Tablet - FDC + blister,720,2884,131510.4,45.6,0.06,"Novartis Pharma Suffern, USA",True,2006.0,12723.32,184.38
3407,25886,108-VN-T30,FPQ-3896,SCMS-48270,ASN-5131,Vietnam,PMO - US,Direct Drop,EXW,Air,2009-06-25,2009-06-26,2009-10-26,2009-10-26,2009-10-26,ARV,Adult,Aurobindo Pharma Limited,"Lamivudine/Nevirapine/Zidovudine 150/200/300mg, tablets, 60 Tabs",Lamivudine/Nevirapine/Zidovudine,Generic,150/300/200mg,Tablet - FDC,60,8500,94775.0,11.15,0.19,"Aurobindo Unit III, India",True,3099.0,5018.69,185.76
3408,25915,105-SS-T30,FPQ-15569,SCMS-272170,ASN-32109,South Sudan,PMO - US,Direct Drop,EXW,Air,2014-12-29,2015-02-20,2015-07-02,2015-07-07,2015-07-07,HRDT,HIV test - Ancillary,"Orgenics, Ltd","Chase Buffer, Determine, 100 Tests, 2.5ml x 1 Vial","Chase Buffer, Determine, 100 Tests, 2.5ml x 1 Vial",Determine,no_dosage,Test kit - Ancillary,1,45,225.0,5.0,5.0,"Alere Medical Co., Ltd.",True,29.0,2575.925,0.26
3409,25926,108-VN-T30,FPQ-13976,SCMS-236060,ASN-27812,Vietnam,PMO - US,Direct Drop,EXW,Air,2014-04-08,2014-04-30,2014-09-22,2014-09-22,2014-11-04,ARV,Adult,HETERO LABS LIMITED,"Tenofovir Disoproxil Fumarate 300mg, tablets, 30 Tabs",Tenofovir Disoproxil Fumarate,Generic,300mg,Tablet,30,7000,24850.0,3.55,0.12,Hetero Unit III Hyderabad IN,True,2190.0,3467.7,25.55
3410,25928,106-HT-T30,FPQ-15038,SCMS-262980,ASN-30463,Haiti,PMO - US,Direct Drop,EXW,Ocean,2014-10-22,2015-01-07,2015-04-09,2015-04-09,2015-04-13,ARV,Adult,HETERO LABS LIMITED,"Nevirapine 200mg, tablets, 60 Tabs",Nevirapine,Generic,200mg,Tablet,60,12600,27216.0,2.16,0.04,Hetero Unit III Hyderabad IN,False,1278.0,7785.125,27.98
3411,25930,104-CI-T30,FPQ-6739,SCMS-94620,ASN-10120,Côte d'Ivoire,PMO - US,Direct Drop,EXW,Air,2010-11-19,2010-12-22,2011-03-28,2011-03-28,2011-03-28,HRDT,HIV test,"Orgenics, Ltd","HIV 1/2, Determine HIV Kit, without Lancets, 100 Tests","HIV 1/2, Determine HIV Kit, without Lancets",Determine,no_dosage,Test kit,100,3293,255866.1,77.7,0.78,Inverness Japan,True,747.0,14934.26,422.18
3412,25956,901-CM-T30,FPQ-12837,SCMS-206310,ASN-22467,Cameroon,PMO - US,Direct Drop,EXW,Air,2013-08-19,2013-09-13,2013-11-07,2013-11-07,2013-11-08,ARV,Adult,STRIDES ARCOLAB LIMITED,"Efavirenz 600mg, tablets, 30 Tabs",Efavirenz,Generic,600mg,Tablet,30,25945,82764.55,3.19,0.11,"Strides, Bangalore, India.",True,1638.0,18141.62,102.38
3413,25967,133-NG-T30,FPQ-10349,SCMS-155321,ASN-17166,Nigeria,PMO - US,Direct Drop,EXW,Air,2012-07-17,2012-08-13,2012-11-28,2012-11-27,2012-11-27,HRDT,HIV test,"Orgenics, Ltd","HIV 1/2, Determine Complete HIV Kit, 100 Tests","HIV 1/2, Determine Complete HIV Kit",Determine,no_dosage,Test kit,100,2744,244216.0,89.0,0.89,"Alere Medical Co., Ltd.",True,1303.0,28734.43,342.39
3414,25982,102-SD-T30,FPQ-6171,SCMS-81730,ASN-8853,Sudan,PMO - US,Direct Drop,EXW,Air,2010-08-05,2010-08-23,2010-12-01,2010-12-01,2010-12-01,HRDT,HIV test,"Standard Diagnostics, Inc.","HIV 1/2, Bioline 3.0 Kit, Lancets, Capillary pipets, Alcohol swabs included, 25 Tests","HIV 1/2, Bioline 3.0 Kit, Lancets, Capillary pipets, Alcohol swabs included",Bioline,no_dosage,Test kit,25,16,320.0,20.0,0.8,"Standard Diagnostics, Korea",True,139.0,1629.85,0.69
3415,25990,900-SS-T30,FPQ-10504,SCMS-157880,ASN-16852,South Sudan,PMO - US,Direct Drop,EXW,Air,2012-08-15,2012-08-21,2012-12-13,2012-12-13,2012-12-13,HRDT,HIV test - Ancillary,"Orgenics, Ltd","Capillary Tubes, for Determine, EDTA, 50uL,100 Pcs","HIV, Capillary Tubes, for Determine, EDTA, 50uL,100 Pcs",Determine,no_dosage,Test kit - Ancillary,100,640,5120.0,8.0,0.08,"Alere Medical Co., Ltd.",True,331.0,7539.52,7.18
3416,26002,101-CD-T30,FPQ-13548,SCMS-224840,ASN-24721,"Congo, DRC",PMO - US,Direct Drop,EXW,Air,2014-01-22,2014-01-28,2014-04-04,2014-04-04,2014-04-28,HRDT,HIV test,"Trinity Biotech, Plc","HIV 1/2, Uni-Gold HIV Kit, 20 Tests","HIV 1/2, Uni-Gold HIV Kit",Uni-Gold,no_dosage,Test kit,20,17,544.0,32.0,1.6,"Trinity Biotech, Plc",False,244.0,2346.5699999999997,0.56
3417,26015,116-ZA-T30,FPQ-3596,SCMS-50370,ASN-5458,South Africa,PMO - US,Direct Drop,DDP,Truck,2009-05-07,2009-09-22,2009-10-27,2009-10-27,2009-10-27,ARV,Pediatric,S. BUYS WHOLESALER,"Efavirenz 50mg, capsule, 30 Caps",Efavirenz,Generic,50mg,Capsule,30,708,2696.29,3.81,0.13,"Aurobindo Unit III, India",True,668.5,0.0,5.28
3418,26019,107-RW-T30,FPQ-9965,SCMS-148040,ASN-15289,Rwanda,PMO - US,Direct Drop,FCA,Air,2012-05-25,2012-06-01,2012-06-29,2012-06-29,2012-06-29,ARV,Pediatric,ABBVIE LOGISTICS (FORMERLY ABBOTT LOGISTICS BV),"Lopinavir/Ritonavir 80/20mg/ml [Kaletra], oral solution, cool, Bottle 5 x 60 ml",Lopinavir/Ritonavir,Kaletra,80/20mg/ml,Oral solution,300,255,7859.1,30.82,0.1,ABBVIE (Abbott) Logis. UK,True,253.0,2455.7,11.02
3419,26082,107-RW-T30,FPQ-6185,SCMS-84440,ASN-9043,Rwanda,PMO - US,Direct Drop,CIP,Air,2010-09-03,2010-09-17,2010-12-09,2010-12-09,2010-12-09,ARV,Adult,HETERO LABS LIMITED,"Nevirapine 200mg, tablets, 60 Tabs",Nevirapine,Generic,200mg,Tablet,60,62671,165451.44,2.64,0.04,Hetero Unit III Hyderabad IN,True,3666.0,14890.63,356.71
3420,26093,107-RW-T30,FPQ-10223,SCMS-152910,ASN-15896,Rwanda,PMO - US,Direct Drop,EXW,Air,2012-07-05,2012-07-16,2012-09-09,2012-09-09,2012-09-09,ARV,Adult,Aurobindo Pharma Limited,"Nevirapine 200mg, tablets, 60 Tabs",Nevirapine,Generic,200mg,Tablet,60,57364,129069.0,2.25,0.04,"Aurobindo Unit III, India",True,5468.0,48501.5,180.95
3421,26117,116-ZA-T30,FPQ-14942,SCMS-295800,ASN-33865,South Africa,PMO - US,Direct Drop,DDP,Truck,2014-09-11,2015-08-24,2015-08-24,2015-08-24,2015-08-24,ARV,Adult,PHARMACY DIRECT,"Lamivudine/Zidovudine 150/300mg, tablets, 60 Tabs",Lamivudine/Zidovudine,Generic,150/300mg,Tablet - FDC,60,24,551.92,23.0,0.38,"Aurobindo Unit III, India",False,14.5,0.0,0.57
3422,26121,116-ZA-T30,FPQ-3560,SCMS-49641,ASN-5136,South Africa,PMO - US,Direct Drop,DDP,Truck,2009-05-07,2009-07-21,2009-08-05,2009-08-05,2009-08-05,ARV,Adult,S. BUYS WHOLESALER,"Efavirenz 600mg, tablets, 30 Tabs",Efavirenz,Generic,600mg,Tablet,30,6715,127912.01,19.05,0.64,"Cipla, Goa, India",False,668.5,0.0,250.71
3423,26131,110-ZM-T30,FPQ-8315,SCMS-120583,ASN-16493,Zambia,PMO - US,Direct Drop,EXW,Air,2011-08-31,2011-09-19,2012-10-17,2012-10-17,2012-10-17,HRDT,HIV test,"Trinity Biotech, Plc","HIV 1/2, Uni-Gold HIV Kit, 20 Tests","HIV 1/2, Uni-Gold HIV Kit",Uni-Gold,no_dosage,Test kit,20,3640,116480.0,32.0,1.6,"Trinity Biotech, Plc",True,1213.0,15504.42,192.19
3424,26171,107-RW-T30,FPQ-3859,SCMS-48831,ASN-5800,Rwanda,PMO - US,Direct Drop,CIP,Air,2009-06-30,2009-07-16,2010-01-27,2010-01-27,2010-01-27,ARV,Adult,Aurobindo Pharma Limited,"Tenofovir Disoproxil Fumarate 300mg, tablets, 30 Tabs",Tenofovir Disoproxil Fumarate,Generic,300mg,Tablet,30,276,2362.56,8.56,0.29,"Aurobindo Unit III, India",True,26.0,2187.01,4.63
3425,26188,109-TZ-T30,FPQ-7909,SCMS-114980,ASN-11930,Tanzania,PMO - US,Direct Drop,EXW,Air,2011-06-24,2011-07-18,2011-09-29,2011-09-29,2011-09-29,HRDT,HIV test,"Standard Diagnostics, Inc.","HIV 1/2, Bioline 3.0 Kit, Lancets, Capillary pipets, Alcohol swabs included, 25 Tests","HIV 1/2, Bioline 3.0 Kit, Lancets, Capillary pipets, Alcohol swabs included",Bioline,no_dosage,Test kit,25,10000,200000.0,20.0,0.8,"Standard Diagnostics, Korea",True,3334.0,23030.38,330.0
3426,26192,108-VN-T30,FPQ-15040,SCMS-263630,ASN-31648,Vietnam,PMO - US,Direct Drop,EXW,Air,2014-10-30,2014-12-08,2015-06-01,2015-06-01,2015-06-01,ARV,Adult,MYLAN LABORATORIES LTD (FORMERLY MATRIX LABORATORIES),"Efavirenz/Lamivudine/Tenofovir Disoproxil Fumarate 600/300/300mg, tablets, 30 Tabs",Efavirenz/Lamivudine/Tenofovir Disoproxil Fumarate,Generic,600/300/300mg,Tablet - FDC,30,18616,188952.4,10.15,0.34,Mylan (formerly Matrix) Nashik,True,2101.0,4384.01,194.24
3427,26208,116-ZA-T30,FPQ-11828,SCMS-183950,ASN-19166,South Africa,South Africa Field Office,Direct Drop,DDP,Truck,2013-03-18,2012-10-16,2013-04-16,2013-04-16,2013-04-16,ARV,Adult,S. BUYS WHOLESALER,"Efavirenz 600mg, tablets, 30 Tabs",Efavirenz,Generic,600mg,Tablet,30,22333,359064.74,16.08,0.54,"Cipla, Goa, India",False,668.5,0.0,444.16
3428,26250,102-KE-T30,FPQ-3976,SCMS-52791,ASN-4981,Kenya,PMO - US,Direct Drop,EXW,Air,2009-07-20,2009-09-03,2009-10-13,2009-10-13,2009-10-13,HRDT,HIV test,"Trinity Biotech, Plc","HIV 1/2, Uni-Gold HIV Kit, 20 Tests","HIV 1/2, Uni-Gold HIV Kit",Uni-Gold,no_dosage,Test kit,20,2000,64000.0,32.0,1.6,"Trinity Biotech, Plc",True,682.0,7258.89,125.44
3429,26260,102-BI-T30,FPQ-15492,SCMS-269300,ASN-32092,Burundi,PMO - US,Direct Drop,EXW,Air,2014-12-04,2015-01-26,2015-07-07,2015-07-07,2015-07-08,HRDT,HIV test,"Orgenics, Ltd","HIV 1/2, Determine Complete HIV Kit, 100 Tests","HIV 1/2, Determine Complete HIV Kit",Determine,no_dosage,Test kit,100,1582,126560.0,80.0,0.8,"Alere Medical Co., Ltd.",True,394.0,3544.4849999999997,148.96
3430,26265,103-ZW-T30,FPQ-15220,SCMS-261590,ASN-31188,Zimbabwe,PMO - US,Direct Drop,FCA,Air,2014-10-27,2014-10-30,2015-05-07,2015-05-07,2015-05-07,ARV,Pediatric,ABBVIE LOGISTICS (FORMERLY ABBOTT LOGISTICS BV),"Lopinavir/Ritonavir 80/20mg/ml [Kaletra], oral solution, cool, Bottle 5 x 60 ml",Lopinavir/Ritonavir,Kaletra,80/20mg/ml,Oral solution,300,2626,80933.32,30.82,0.1,ABBVIE (Abbott) Logis. UK,True,2584.0,20480.64,95.26
3431,26294,116-ZA-T30,FPQ-14942,SCMS-259072,ASN-30376,South Africa,PMO - US,Direct Drop,DDP,Truck,2014-09-11,2015-01-26,2015-01-26,2015-01-26,2015-01-26,ARV,Adult,PHARMACY DIRECT,"Saquinavir 200mg [Invirase], capsules, 270 Caps",Saquinavir,Invirase,200mg,Capsule,270,27,1498.82,55.51,0.21,Roche Madrid,True,5.0,0.0,1.54
3432,26341,116-ZA-T30,FPQ-11828,SCMS-183950,ASN-19166,South Africa,South Africa Field Office,Direct Drop,DDP,Truck,2013-03-18,2012-10-16,2013-04-16,2013-04-16,2013-04-16,ARV,Adult,S. BUYS WHOLESALER,"Lamivudine 150mg [Epivir], tablets, 60 Tabs",Lamivudine,Epivir,150mg,Tablet,60,3532,41483.17,11.74,0.2,GSK Ware (UK),False,668.5,0.0,51.31
3433,26345,900-SS-T30,FPQ-11623,SCMS-178030,ASN-19143,South Sudan,PMO - US,Direct Drop,EXW,Air,2013-02-08,2013-02-27,2013-08-16,2013-08-16,2013-08-16,HRDT,HIV test - Ancillary,"Orgenics, Ltd","Capillary Tubes, for Determine, EDTA, 50uL,100 Pcs","HIV, Capillary Tubes, for Determine, EDTA, 50uL,100 Pcs",Determine,no_dosage,Test kit - Ancillary,100,214,1712.0,8.0,0.08,"Alere Medical Co., Ltd.",True,97.0,2590.24,2.12
3434,26397,127-KE-T30,FPQ-7907,SCMS-115320,ASN-12097,Kenya,PMO - US,Direct Drop,EXW,Air,2011-06-23,2011-07-20,2011-09-30,2011-09-30,2011-09-30,HRDT,HIV test,"Orgenics, Ltd","HIV 1/2, Determine Complete HIV Kit, 100 Tests","HIV 1/2, Determine Complete HIV Kit",Determine,no_dosage,Test kit,100,7318,651302.0,89.0,0.89,Inverness Japan,True,2556.0,29339.63,1074.65
3435,26410,119-NA-T30,FPQ-4186,SCMS-53270,ASN-5204,Namibia,PMO - US,Direct Drop,EXW,Air,2009-09-03,2009-09-11,2009-10-27,2009-10-27,2009-10-27,HRDT,HIV test,"Trinity Biotech, Plc","HIV 1/2, Uni-Gold HIV Kit, 20 Tests","HIV 1/2, Uni-Gold HIV Kit",Uni-Gold,no_dosage,Test kit,20,1000,32000.0,32.0,1.6,"Trinity Biotech, Plc",True,345.0,8858.67,62.72
3436,26427,116-ZA-T30,FPQ-12522,SCMS-199283,ASN-27978,South Africa,PMO - US,Direct Drop,DDP,Truck,2013-07-11,2014-08-27,2014-08-27,2014-08-27,2014-08-27,ARV,Adult,S. BUYS WHOLESALER,"Tenofovir Disoproxil Fumarate 300mg, tablets, 30 Tabs",Tenofovir Disoproxil Fumarate,Generic,300mg,Tablet,30,211,4768.7,22.6,0.75,"Aurobindo Unit III, India",False,668.5,0.0,5.9
3437,26440,110-ZM-T30,FPQ-6263,SCMS-87290,ASN-8998,Zambia,PMO - US,Direct Drop,EXW,Air,2010-09-08,2010-10-07,2010-12-17,2010-12-17,2010-12-17,HRDT,HIV test,"Orgenics, Ltd","HIV 1/2, Determine Complete HIV Kit, 100 Tests","HIV 1/2, Determine Complete HIV Kit",Determine,no_dosage,Test kit,100,2730,218400.0,80.0,0.8,Inverness Japan,True,1318.0,21737.72,470.87
3438,26466,123-NG-T30,FPQ-9201,SCMS-144320,ASN-14987,Nigeria,PMO - US,Direct Drop,EXW,Air,2012-03-19,2012-05-01,2012-06-05,2012-06-05,2012-06-05,ANTM,Malaria,IDA FOUNDATION,"Sulfadoxine/Pyrimethamine 500/25mg, tablets, Blister 10 x 3 Tabs",Sulfadoxine/Pyrimethamine,Generic,500/25mg,Tablet - FDC + blister,30,1200,1836.0,1.53,0.05,"Micro Labs Ltd. (Brown & Burk), India",True,52.0,428.66,2.57
3439,26505,102-ML-T30,FPQ-13391,SCMS-221920,ASN-24156,Mali,PMO - US,Direct Drop,EXW,Air,2013-12-16,2014-01-22,2014-02-12,2014-02-12,2014-02-20,HRDT,HIV test,Orasure Technologies Inc.,"HIV 1/2, OraQuick Advance HIV Rapid Antibody Kit, 100 Tests","HIV 1/2, OraQuick Advance HIV Rapid Antibody Kit",OraQuick,no_dosage,Test kit,100,4,1400.0,350.0,3.5,"Pacific Biotech, Thailand",True,11.0,1195.24,1.44
3440,26558,123-NG-T30,FPQ-7742,SCMS-111230,ASN-11793,Nigeria,PMO - US,Direct Drop,EXW,Air,2011-05-31,2011-06-21,2011-09-13,2011-09-13,2011-09-13,ANTM,Malaria,IDA FOUNDATION,"Sulfadoxine/Pyrimethamine 500/25mg, tablets, Blister 10 x 3 Tabs",Sulfadoxine/Pyrimethamine,Generic,500/25mg,Tablet - FDC + blister,30,300,330.0,1.1,0.04,"Remedica, Limassol, Cyprus",True,13.0,365.48,0.54
3441,26571,144-BW-T30,FPQ-4167,SCMS-54170,ASN-5725,Botswana,PMO - US,Direct Drop,EXW,Air,2009-09-09,2009-09-30,2010-02-05,2010-02-05,2010-02-05,HRDT,HIV test - Ancillary,Orasure Technologies Inc.,"#109435**HIV, OraQuick Controls Kit, 3 Vials","HIV, OraQuick Controls Kit, 3 Vials",OraQuick,no_dosage,Test kit - Ancillary,3,10,250.0,25.0,8.33,"Orasure Technologies, Inc USA",True,6.0,322.12,0.49
3442,26576,116-ZA-T30,FPQ-14942,SCMS-259072,ASN-30376,South Africa,PMO - US,Direct Drop,DDP,Truck,2014-09-11,2015-01-26,2015-01-26,2015-01-26,2015-01-26,ARV,Pediatric,PHARMACY DIRECT,"Atazanavir 150mg [Reyataz], capsules, 60 Caps",Atazanavir,Reyataz,150mg,Capsule,60,6,95.4,15.9,0.26,"BMS Evansville, US",False,9.0,0.0,0.1
3443,26590,116-ZA-T30,FPQ-12522,SCMS-199289,ASN-28036,South Africa,PMO - US,Direct Drop,DDP,Truck,2013-07-11,2014-08-29,2014-08-29,2014-08-29,2014-08-29,ARV,Adult,S. BUYS WHOLESALER,"Didanosine 400mg, delayed-release capsules, 30 Caps",Didanosine,Generic,400mg,Delayed-release capsules,30,31,672.87,21.71,0.72,"Aurobindo Unit III, India",False,4.0,0.0,0.83
3444,26591,161-ZA-T30,FPQ-5303,SCMS-68860,ASN-6932,South Africa,PMO - US,Direct Drop,DDP,Air,2010-03-18,2010-03-19,2010-06-01,2010-06-04,2010-06-04,ARV,Adult,Aurobindo Pharma Limited,"Efavirenz 600mg, tablets, 30 Tabs",Efavirenz,Generic,600mg,Tablet,30,53954,251965.18,4.67,0.16,"Aurobindo Unit III, India",True,4564.0,6105.79,543.24
3445,26612,108-VN-T30,FPQ-13524,SCMS-226260,ASN-26927,Vietnam,PMO - US,Direct Drop,EXW,Air,2014-02-06,2014-03-10,2014-08-13,2014-08-13,2014-08-25,ARV,Adult,HETERO LABS LIMITED,"Lamivudine 150mg, tablets, 60 Tabs",Lamivudine,Generic,150mg,Tablet,60,18600,34410.0,1.85,0.03,Hetero Unit III Hyderabad IN,True,2175.0,4354.8,35.37
3446,26617,114-UG-T30,FPQ-9365,SCMS-142240,ASN-14834,Uganda,PMO - US,Direct Drop,CIP,Air,2012-03-15,2012-04-04,2012-05-21,2012-05-21,2012-05-21,ARV,Adult,MERCK SHARP & DOHME IDEA GMBH (FORMALLY MERCK SHARP & DOHME B.V.),"Raltegravir 400mg [Isentress], tablets, 60 Tabs",Raltegravir,Isentress,400mg,Tablet,60,189,10489.5,55.5,0.92,"MSD, Haarlem, NL",True,19.0,710.0,14.71
3447,26619,105-SS-T30,FPQ-15569,SCMS-272160,ASN-31337,South Sudan,PMO - US,Direct Drop,EXW,Air,2014-12-29,2015-02-20,2015-06-03,2015-06-03,2015-06-05,HRDT,HIV test - Ancillary,"Orgenics, Ltd","Chase Buffer, Determine, 100 Tests, 2.5ml x 1 Vial","Chase Buffer, Determine, 100 Tests, 2.5ml x 1 Vial",Determine,no_dosage,Test kit - Ancillary,1,45,225.0,5.0,5.0,"Alere Medical Co., Ltd.",True,29.0,2575.925,0.26
3448,26655,116-ZA-T30,FPQ-13973,SCMS-238554,ASN-28627,South Africa,PMO - US,Direct Drop,DDP,Truck,2014-04-30,2014-10-03,2014-10-03,2014-10-03,2014-10-03,ARV,Adult,PHARMACY DIRECT,"Nevirapine 200mg, tablets, 60 Tabs",Nevirapine,Generic,200mg,Tablet,60,12,212.96,17.75,0.3,"Aurobindo Unit III, India",False,48.0,0.0,0.22
3449,26686,102-BW-T30,FPQ-10435,SCMS-155770,ASN-15983,Botswana,PMO - US,Direct Drop,EXW,Air,2012-07-27,2012-08-02,2012-08-27,2012-08-27,2012-08-27,HRDT,HIV test,"Trinity Biotech, Plc","HIV 1/2, Uni-Gold HIV Kit, 20 Tests","HIV 1/2, Uni-Gold HIV Kit",Uni-Gold,no_dosage,Test kit,20,4000,128000.0,32.0,1.6,"Trinity Biotech, Plc",True,1315.0,13179.8,179.46
3450,26718,108-VN-T30,FPQ-11418,SCMS-176190,ASN-19193,Vietnam,PMO - US,Direct Drop,EXW,Air,2013-01-29,2013-02-05,2013-05-24,2013-05-24,2013-05-24,ARV,Pediatric,Aurobindo Pharma Limited,"Zidovudine 10mg/ml, oral solution w/syringe, Bottle, 240 ml",Zidovudine,Generic,10mg/ml,Oral solution,240,179,375.9,2.1,0.01,"Aurobindo Unit III, India",False,668.5,4400.805,0.46
3451,26741,103-SS-T30,FPQ-11382,SCMS-173330,ASN-18684,South Sudan,PMO - US,Direct Drop,EXW,Air,2013-01-04,2013-01-22,2013-05-09,2013-05-09,2013-05-09,HRDT,HIV test,"Orgenics, Ltd","HIV 1/2, Determine Complete HIV Kit, 100 Tests","HIV 1/2, Determine Complete HIV Kit",Determine,no_dosage,Test kit,100,544,48416.0,89.0,0.89,"Alere Medical Co., Ltd.",True,226.0,5613.63,59.89
3452,26786,116-ZA-T30,FPQ-11828,SCMS-183950,ASN-19166,South Africa,South Africa Field Office,Direct Drop,DDP,Truck,2013-03-18,2012-10-15,2013-04-15,2013-04-16,2013-04-16,ARV,Pediatric,S. BUYS WHOLESALER,"Lamivudine 10mg/ml, oral solution, Bottle, 240 ml",Lamivudine,Generic,10mg/ml,Oral solution,240,43,317.79,7.39,0.03,"Cipla, Goa, India",False,2.0,0.0,0.39
3453,26791,116-ZA-T30,FPQ-13214,SCMS-215410,ASN-23875,South Africa,PMO - US,Direct Drop,DDP,Truck,2013-11-14,2013-12-02,2014-01-13,2014-01-13,2014-01-13,ARV,Adult,S. BUYS WHOLESALER,"Lamivudine 150mg [Epivir], tablets, 60 Tabs",Lamivudine,Epivir,150mg,Tablet,60,2314,26605.58,11.5,0.19,GSK Cape Town Factory (South Africa),False,668.5,0.0,27.35
3454,26800,133-NG-T30,FPQ-16329,SCMS-289130,ASN-32958,Nigeria,PMO - US,Direct Drop,EXW,Air,2015-05-07,2015-05-26,2015-07-14,2015-07-09,2015-07-09,HRDT,HIV test,"Orgenics, Ltd","HIV 1/2, Determine Complete HIV Kit, 100 Tests","HIV 1/2, Determine Complete HIV Kit",Determine,no_dosage,Test kit,100,6392,568888.0,89.0,0.89,"Alere Medical Co., Ltd.",True,2592.0,0.0,669.58
3455,26821,109-TZ-T30,FPQ-4157,SCMS-52774,ASN-5621,Tanzania,PMO - US,Direct Drop,EXW,Air,2009-08-27,2009-09-03,2009-12-11,2009-12-11,2009-12-11,HRDT,HIV test,"Orgenics, Ltd","HIV 1/2, Determine HIV Kit, without Lancets, 100 Tests","HIV 1/2, Determine HIV Kit, without Lancets",Determine,no_dosage,Test kit,100,950,66500.0,70.0,0.7,Inverness Japan,True,216.0,3744.18,130.34
3456,26829,161-ZA-T30,FPQ-5303,SCMS-68750,ASN-8702,South Africa,PMO - US,Direct Drop,DDP,Air,2010-03-18,2010-03-19,2010-10-13,2010-11-29,2010-11-29,ARV,Adult,CIPLA LIMITED,"Tenofovir Disoproxil Fumarate 300mg, tablets, 30 Tabs",Tenofovir Disoproxil Fumarate,Generic,300mg,Tablet,30,44717,349686.94,7.82,0.26,"Cipla, Goa, India",True,3071.0,3646.13,753.93
3457,27604,107-RW-T30,FPQ-15065,SCMS-263320,ASN-30383,Rwanda,PMO - US,Direct Drop,EXW,Air,2014-10-15,2014-12-16,2015-02-25,2015-02-25,2015-02-25,HRDT,HIV test,"Orgenics, Ltd","HIV 1/2, Determine Complete HIV Kit, 100 Tests","HIV 1/2, Determine Complete HIV Kit",Determine,no_dosage,Test kit,100,1144,91520.0,80.0,0.8,"Alere Medical Co., Ltd.",True,468.0,8806.76,94.08
3458,26841,111-MZ-T30,FPQ-4740,SCMS-62330,ASN-6688,Mozambique,PMO - US,Direct Drop,CIP,Air,2009-12-23,2010-01-25,2010-04-20,2010-04-20,2010-04-20,ARV,Adult,INTERNATIONAL HEALTHCARE DISTRIBUTORS,"Ritonavir 100mg [Norvir], capsules, cool, 84 Caps",Ritonavir,Norvir,100mg,Capsule,84,620,6417.0,10.35,0.12,ABBVIE (Abbott) Logis. UK,True,668.5,0.0,13.84
3459,26843,102-SD-T30,FPQ-8261,SCMS-120463,ASN-12332,Sudan,PMO - US,Direct Drop,EXW,Air,2011-08-29,2011-09-07,2012-01-11,2012-01-11,2012-01-11,HRDT,HIV test,"Trinity Biotech, Plc","HIV 1/2, Uni-Gold HIV Kit, 20 Tests","HIV 1/2, Uni-Gold HIV Kit",Uni-Gold,no_dosage,Test kit,20,11,352.0,32.0,1.6,"Trinity Biotech, Plc",True,5.0,578.73,0.58
3460,26849,161-ZA-T30,FPQ-5648,SCMS-75660,ASN-8694,South Africa,PMO - US,Direct Drop,DDP,Ocean,2010-06-02,2010-06-17,2010-10-12,2010-12-15,2010-12-15,ARV,Adult,Aurobindo Pharma Limited,"Efavirenz 600mg, tablets, 30 Tabs",Efavirenz,Generic,600mg,Tablet,30,108211,488031.61,4.51,0.15,"Aurobindo Unit III, India",True,668.5,0.0,1052.2
3461,26879,161-ZA-T30,FPQ-6262,SCMS-83790,ASN-9477,South Africa,PMO - US,Direct Drop,DDP,Ocean,2010-08-31,2010-09-24,2011-01-06,2011-03-10,2011-03-10,ARV,Pediatric,Aurobindo Pharma Limited,"Nevirapine 10mg/ml, oral suspension w/syringe, Bottle, 240 ml",Nevirapine,Generic,10mg/ml,Oral suspension,240,10233,21693.96,2.12,0.01,"Aurobindo Unit III, India",True,3542.0,6660.05,46.77
3462,26895,901-CM-T30,FPQ-12837,SCMS-204290,ASN-23339,Cameroon,PMO - US,Direct Drop,EXW,Air,2013-08-19,2013-08-23,2014-01-08,2014-01-08,2014-01-10,ARV,Adult,Aurobindo Pharma Limited,"Efavirenz/Lamivudine/Tenofovir Disoproxil Fumarate 600/300/300mg, tablets, 30 Tabs",Efavirenz/Lamivudine/Tenofovir Disoproxil Fumarate,Generic,600/300/300mg,Tablet - FDC,30,1531,17070.65,11.15,0.37,"Aurobindo Unit VII, IN",True,668.5,27460.25,21.12
3463,26898,106-HT-T30,FPQ-11065,SCMS-169350,ASN-18782,Haiti,PMO - US,Direct Drop,EXW,Air,2012-11-26,2012-12-12,2013-04-25,2013-04-25,2013-04-25,HRDT,HIV test,"SHANGHAI KEHUA BIOENGINEERING CO.,LTD.  (KHB)","HIV 1/2, SKB Colloidal Gold, Diagnostic Kit, Antibody, 50 Tests","HIV 1/2, Colloidal Gold, Diagnostic Kit, Antibody",Colloidal Gold,no_dosage,Test kit,1,250,6125.0,24.5,24.5,"KHB Test Kit Facility, Shanghai China",True,164.0,2179.49,7.58
3464,26917,117-ET-T30,FPQ-6608,SCMS-92100,ASN-9295,Ethiopia,PMO - US,Direct Drop,EXW,Air,2010-11-09,2010-11-24,2011-01-13,2011-01-13,2011-01-13,HRDT,HIV test,"SHANGHAI KEHUA BIOENGINEERING CO.,LTD.  (KHB)","HIV 1/2, SKB Colloidal Gold, Diagnostic Kit, Antibody, 50 Tests","HIV 1/2, Colloidal Gold, Diagnostic Kit, Antibody",Colloidal Gold,no_dosage,Test kit,1,990,22770.0,23.0,23.0,"KHB Test Kit Facility, Shanghai China",True,718.0,6161.42,37.57
3465,26927,116-ZA-T30,FPQ-13035,SCMS-215370,ASN-24415,South Africa,PMO - US,Direct Drop,DDP,Truck,2013-10-08,2013-12-02,2014-02-06,2014-02-06,2014-02-06,ARV,Adult,S. BUYS WHOLESALER,"Zidovudine 300mg, tablets, 60 Tabs",Zidovudine,Generic,300mg,Tablet,60,62,1448.18,23.36,0.39,"Aurobindo Unit III, India",False,5.0,0.0,1.79
3466,26961,106-HT-T30,FPQ-14083,SCMS-240110,ASN-27824,Haiti,PMO - US,Direct Drop,FCA,Air,2014-05-11,2014-05-28,2014-09-26,2014-09-26,2014-10-06,ARV,Adult,ABBVIE LOGISTICS (FORMERLY ABBOTT LOGISTICS BV),"Lopinavir/Ritonavir 200/50mg [Aluvia], tablets, 120 Tabs",Lopinavir/Ritonavir,Aluvia,200/50mg,Tablet,120,1008,18809.28,18.66,0.16,ABBVIE Ludwigshafen Germany,True,406.0,2562.6,19.34
3467,26965,114-UG-T30,FPQ-14325,SCMS-244370,ASN-29012,Uganda,PMO - US,Direct Drop,FCA,Air,2014-05-26,2014-06-23,2014-11-08,2014-11-08,2014-11-12,ARV,Adult,ABBVIE LOGISTICS (FORMERLY ABBOTT LOGISTICS BV),"Ritonavir 100mg [Norvir], film coated tablets, 60 Tabs",Ritonavir,Norvir,100mg,Tablet,60,579,3966.15,6.85,0.11,ABBVIE Ludwigshafen Germany,True,83.0,800.0,4.08
3468,26985,108-VN-T30,FPQ-10811,SCMS-164660,ASN-18971,Vietnam,PMO - US,Direct Drop,EXW,Air,2012-10-15,2012-11-07,2013-05-16,2013-05-16,2013-05-16,ARV,Pediatric,STRIDES ARCOLAB LIMITED,"Lamivudine/Nevirapine/Zidovudine 30/50/60mg, dispersible tablets, 60 Tabs",Lamivudine/Nevirapine/Zidovudine,Generic,30/50/60mg,Chewable/dispersible tablet - FDC,60,3881,15524.0,4.0,0.07,"Strides, Bangalore, India.",False,668.5,4400.805,19.2
3469,26996,116-ZA-T30,FPQ-14942,SCMS-259071,ASN-29597,South Africa,PMO - US,Direct Drop,DDP,Truck,2014-09-11,2014-11-28,2014-11-28,2014-11-28,2014-11-28,ARV,Adult,PHARMACY DIRECT,"Nevirapine 200mg, tablets, 60 Tabs",Nevirapine,Generic,200mg,Tablet,60,22,282.13,12.82,0.21,"Aurobindo Unit III, India",False,668.5,0.0,0.29
3470,27015,104-CI-T30,FPQ-10636,SCMS-162550,ASN-18558,Côte d'Ivoire,PMO - US,Direct Drop,EXW,Air,2012-09-19,2012-10-12,2013-03-21,2013-03-21,2013-03-21,ARV,Adult,MYLAN LABORATORIES LTD (FORMERLY MATRIX LABORATORIES),"Atazanavir/Ritonavir 300/100mg, tablets, 30 Tabs",Atazanavir/Ritonavir,Generic,300/100mg,Tablet,30,1400,31500.0,22.5,0.75,Mylan (formerly Matrix) Nashik,True,364.0,4171.65,44.16
3471,27026,161-ZA-T30,FPQ-5303,SCMS-68720,ASN-7537,South Africa,PMO - US,Direct Drop,DDP,Air,2010-03-18,2010-03-19,2010-07-19,2010-07-29,2010-07-29,ARV,Adult,CIPLA LIMITED,"Tenofovir Disoproxil Fumarate 300mg, tablets, 30 Tabs",Tenofovir Disoproxil Fumarate,Generic,300mg,Tablet,30,2016,15765.12,7.82,0.26,"Cipla, Goa, India",True,136.0,1881.24,33.99
3472,27049,105-GH-T30,FPQ-13809,SCMS-234100,ASN-27344,Ghana,PMO - US,Direct Drop,EXW,Air,2014-03-07,2014-04-14,2014-09-08,2014-09-08,2014-09-10,ARV,Adult,HETERO LABS LIMITED,"Lamivudine/Tenofovir Disoproxil Fumarate 300/300mg, tablets, 30 Tabs",Lamivudine/Tenofovir Disoproxil Fumarate,Generic,300/300mg,Tablet - FDC,30,17447,80605.14,4.62,0.15,Hetero Unit III Hyderabad IN,True,1825.0,10790.63,82.86
3473,27067,133-NG-T30,FPQ-12458,SCMS-196570,ASN-21226,Nigeria,PMO - US,Direct Drop,EXW,Air,2013-06-10,2013-07-10,2013-08-27,2013-08-27,2013-08-27,HRDT,HIV test,"CHEMBIO DIAGNOSTIC SYSTEMS, INC.","HIV 1/2, Stat-Pak HIV, Kit, 20 Tests","HIV 1/2, Stat-Pak HIV, Kit",Stat-Pak,no_dosage,Test kit,20,202,6464.0,32.0,1.6,Chembio Diagnostics Sys. Inc.,True,60.0,624.92,8.0
3474,27092,114-UG-T30,FPQ-11141,SCMS-173430,ASN-20630,Uganda,PMO - US,Direct Drop,FCA,Air,2012-12-13,2013-02-04,2013-07-26,2013-07-26,2013-07-26,ARV,Pediatric,ABBVIE LOGISTICS (FORMERLY ABBOTT LOGISTICS BV),"Lopinavir/Ritonavir 100/25mg [Aluvia], tablets, 60 Tabs",Lopinavir/Ritonavir,Generic,100/25mg,Tablet,60,2565,15236.1,5.94,0.1,ABBVIE Ludwigshafen Germany,True,304.0,2808.12,18.85
3475,27118,133-NG-T30,FPQ-12812,SCMS-210351,ASN-23950,Nigeria,PMO - US,Direct Drop,EXW,Air,2013-08-13,2013-11-01,2014-02-18,2014-02-14,2014-03-19,HRDT,HIV test,"Orgenics, Ltd","HIV 1/2, Determine Complete HIV Kit, 100 Tests","HIV 1/2, Determine Complete HIV Kit",Determine,no_dosage,Test kit,100,9241,822449.0,89.0,0.89,"Alere Medical Co., Ltd.",True,3744.0,57484.06,1017.37
3476,27177,106-HT-T30,FPQ-8801,SCMS-130210,ASN-13748,Haiti,PMO - US,Direct Drop,EXW,Air,2011-12-07,2012-01-09,2012-03-05,2012-03-05,2012-03-05,HRDT,HIV test,"SHANGHAI KEHUA BIOENGINEERING CO.,LTD.  (KHB)","HIV 1/2, SKB Colloidal Gold, Diagnostic Kit, Antibody, 50 Tests","HIV 1/2, Colloidal Gold, Diagnostic Kit, Antibody",Colloidal Gold,no_dosage,Test kit,1,505,12372.5,24.5,24.5,"KHB Test Kit Facility, Shanghai China",True,367.0,3638.86,17.35
3477,27185,116-ZA-T30,FPQ-7176,SCMS-104360,ASN-11044,South Africa,PMO - US,Direct Drop,DDP,Ocean,2011-03-10,2011-04-01,2011-09-02,2011-09-02,2011-09-02,ARV,Pediatric,Aurobindo Pharma Limited,"Efavirenz 200mg, capsule, 90 Caps",Efavirenz,Generic,200mg,Capsule,90,300,2451.0,8.17,0.09,"Aurobindo Unit III, India",True,40.0,422.84,4.04
3478,27186,116-ZA-T30,FPQ-4054,SCMS-51250,ASN-5057,South Africa,PMO - US,Direct Drop,DDP,Truck,2009-07-29,2009-08-07,2009-08-31,2009-08-31,2009-08-31,ARV,Adult,S. BUYS WHOLESALER,"Tenofovir Disoproxil Fumarate 300mg [Viread], tablets, 30 Tabs",Tenofovir Disoproxil Fumarate,Viread,300mg,Tablet,30,100,2733.35,27.33,0.91,"Aspen-OSD, Port Elizabeth, SA",True,36.0,0.0,5.36
3479,27200,161-ZA-T30,FPQ-7175,SCMS-103720,ASN-11563,South Africa,PMO - US,Direct Drop,DDP,Air,2011-03-10,2011-03-23,2011-09-02,2011-09-02,2011-09-02,ARV,Adult,HETERO LABS LIMITED,"Efavirenz 600mg, tablets, 30 Tabs",Efavirenz,Generic,600mg,Tablet,30,92500,435675.0,4.71,0.16,Hetero Unit III Hyderabad IN,True,8025.0,9706.85,718.86
3480,27234,107-RW-T30,FPQ-14813,SCMS-261770,ASN-29892,Rwanda,PMO - US,Direct Drop,EXW,Air,2014-10-09,2014-12-15,2015-01-15,2015-01-15,2015-02-24,ARV,Pediatric,Aurobindo Pharma Limited,"Lopinavir/Ritonavir 100/25mg, tablets, 60 Tabs",Lopinavir/Ritonavir,Generic,100/25mg,Tablet,60,607,4880.28,8.04,0.13,"Aurobindo Unit III, India",True,66.0,1026.4,5.02
3481,27236,106-HT-T30,FPQ-11443,SCMS-180960,ASN-20434,Haiti,PMO - US,Direct Drop,EXW,Air,2013-02-07,2013-03-22,2013-08-14,2013-08-14,2013-08-14,ARV,Adult,MICRO LABS LIMITED,"Lamivudine 150mg, tablets, 60 Tabs",Lamivudine,Generic,150mg,Tablet,60,1260,2318.4,1.84,0.03,"Micro labs, Verna, Goa, India",False,194.0,2946.7200000000003,2.87
3482,27238,102-SD-T30,FPQ-8261,SCMS-120470,ASN-13278,Sudan,PMO - US,Direct Drop,EXW,Air,2011-08-29,2011-09-07,2012-02-07,2012-02-07,2012-02-07,HRDT,HIV test,"Trinity Biotech, Plc","HIV 1/2, Uni-Gold HIV Kit, 20 Tests","HIV 1/2, Uni-Gold HIV Kit",Uni-Gold,no_dosage,Test kit,20,53,1696.0,32.0,1.6,"Trinity Biotech, Plc",True,18.0,569.11,2.8
3483,27267,108-VN-T30,FPQ-10286,SCMS-156130,ASN-17075,Vietnam,PMO - US,Direct Drop,EXW,Air,2012-07-25,2012-08-14,2012-11-29,2012-11-29,2012-11-29,ARV,Adult,Aurobindo Pharma Limited,"Lamivudine/Nevirapine/Zidovudine 150/200/300mg, tablets, 60 Tabs",Lamivudine/Nevirapine/Zidovudine,Generic,150/300/200mg,Tablet - FDC,60,37215,320049.0,8.6,0.14,"Aurobindo Unit III, India",False,668.5,4400.805,448.71
3484,27269,107-RW-T30,FPQ-13852,SCMS-236481,ASN-27963,Rwanda,PMO - US,Direct Drop,FCA,Air,2014-03-19,2014-08-06,2014-09-16,2014-09-16,2014-09-25,ARV,Adult,ABBVIE LOGISTICS (FORMERLY ABBOTT LOGISTICS BV),"Ritonavir 100mg [Norvir], film coated tablets, 60 Tabs",Ritonavir,Norvir,100mg,Tablet,60,1514,10370.9,6.85,0.11,ABBVIE Ludwigshafen Germany,True,204.0,1949.64,10.66
3485,27297,105-GY-T30,FPQ-16480,SCMS-293560,ASN-33483,Guyana,PMO - US,Direct Drop,EXW,Air,2015-06-24,2015-07-17,2015-08-28,2015-08-28,2015-08-28,HRDT,HIV test,"Trinity Biotech, Plc","HIV 1/2, Uni-Gold HIV Kit, 20 Tests","HIV 1/2, Uni-Gold HIV Kit",Uni-Gold,no_dosage,Test kit,20,1543,49376.0,32.0,1.6,"Trinity Biotech, Plc",True,394.0,1924.4650000000001,58.12
3486,27300,107-RW-T30,FPQ-6341,SCMS-84991,ASN-10790,Rwanda,PMO - US,Direct Drop,EXW,Air,2010-09-03,2010-09-28,2011-06-17,2011-06-17,2011-06-17,ARV,Adult,HETERO LABS LIMITED,"Efavirenz 600mg, tablets, 30 Tabs",Efavirenz,Generic,600mg,Tablet,30,43657,180303.41,4.13,0.14,Hetero Unit III Hyderabad IN,True,3720.0,35499.58,388.73
3487,27327,133-NG-T30,FPQ-12456,SCMS-196560,ASN-21222,Nigeria,PMO - US,Direct Drop,EXW,Air,2013-06-10,2013-07-10,2013-09-18,2013-09-24,2013-09-24,HRDT,HIV test,"Orgenics, Ltd","HIV 1/2, Determine Complete HIV Kit, 100 Tests","HIV 1/2, Determine Complete HIV Kit",Determine,no_dosage,Test kit,100,3023,269047.0,89.0,0.89,"Alere Medical Co., Ltd.",True,1221.0,12793.7,332.81
3488,27400,110-ZM-T30,FPQ-12634,SCMS-201910,ASN-21478,Zambia,PMO - US,Direct Drop,EXW,Air,2013-07-17,2013-08-06,2013-09-18,2013-09-18,2013-09-18,HRDT,HIV test,"Trinity Biotech, Plc","HIV 1/2, Uni-Gold HIV Kit, 20 Tests","HIV 1/2, Uni-Gold HIV Kit",Uni-Gold,no_dosage,Test kit,20,3000,96000.0,32.0,1.6,"Trinity Biotech, Plc",True,880.0,7616.19,118.75
3489,27421,109-TZ-T30,FPQ-10809,SCMS-162860,ASN-17469,Tanzania,PMO - US,Direct Drop,EXW,Air,2012-10-11,2012-10-18,2012-12-31,2012-12-31,2012-12-31,HRDT,HIV test,"Orgenics, Ltd","HIV 1/2, Determine Complete HIV Kit, 100 Tests","HIV 1/2, Determine Complete HIV Kit",Determine,no_dosage,Test kit,100,762,60960.0,80.0,0.8,"Alere Medical Co., Ltd.",True,362.0,7060.97,75.41
3490,27430,116-ZA-T30,FPQ-14942,SCMS-259075,ASN-32138,South Africa,PMO - US,Direct Drop,DDP,Truck,2014-09-11,2015-05-11,2015-05-12,2015-05-12,2015-05-12,ARV,Adult,PHARMACY DIRECT,"Didanosine 250mg, delayed-release capsules, 30 Caps",Didanosine,Generic,250mg,Delayed-release capsules,30,3,33.05,11.02,0.37,"Aurobindo Unit III, India",False,1.0,0.0,0.03
3491,27460,108-VN-T30,FPQ-13524,SCMS-226220,ASN-26923,Vietnam,PMO - US,Direct Drop,EXW,Air,2014-02-06,2014-03-10,2014-07-29,2014-07-29,2014-08-06,ARV,Adult,HETERO LABS LIMITED,"Abacavir 300mg, tablets, 60 Tabs",Abacavir,Generic,300mg,Tablet,60,1600,18320.0,11.45,0.19,Hetero Unit III Hyderabad IN,False,289.5,4400.805,18.83
3492,27461,116-ZA-T30,FPQ-14942,SCMS-259071,ASN-29596,South Africa,PMO - US,Direct Drop,DDP,Truck,2014-09-11,2014-11-28,2014-11-28,2014-11-28,2014-11-28,ARV,Adult,PHARMACY DIRECT,"Raltegravir 400mg [Isentress], tablets, 60 Tabs",Raltegravir,Isentress,400mg,Tablet,60,45,2752.41,61.16,1.02,"MSD, Haarlem, NL",True,13.0,0.0,2.83
3493,27462,105-GY-T30,FPQ-12057,SCMS-188860,ASN-21852,Guyana,PMO - US,Direct Drop,FCA,Air,2013-04-15,2013-05-23,2013-10-29,2013-10-29,2013-10-29,ARV,Pediatric,ABBVIE LOGISTICS (FORMERLY ABBOTT LOGISTICS BV),"Lopinavir/Ritonavir 80/20mg/ml [Kaletra], oral solution, cool, Bottle 5 x 60 ml",Lopinavir/Ritonavir,Kaletra,80/20mg/ml,Oral solution,300,12,729.84,60.82,0.2,ABBVIE (Abbott) Logis. UK,True,48.0,749.36,0.9
3494,27474,102-SD-T30,FPQ-5292,SCMS-69260,ASN-6585,Sudan,PMO - US,Direct Drop,EXW,Air,2010-03-15,2010-03-24,2010-05-07,2010-05-07,2010-05-07,HRDT,HIV test,"Trinity Biotech, Plc","HIV 1/2, Uni-Gold HIV Kit, 20 Tests","HIV 1/2, Uni-Gold HIV Kit",Uni-Gold,no_dosage,Test kit,20,160,5120.0,32.0,1.6,"Trinity Biotech, Plc",True,53.0,1310.92,11.04
3495,27553,116-ZA-T30,FPQ-5535,SCMS-71490,ASN-7428,South Africa,PMO - US,Direct Drop,DDP,Truck,2010-04-19,2010-04-21,2010-06-11,2010-06-11,2010-06-11,ARV,Pediatric,S. BUYS WHOLESALER,"Lopinavir/Ritonavir 80/20mg/ml [Kaletra], oral solution, cool, Bottle 5 x 60 ml",Lopinavir/Ritonavir,Kaletra,80/20mg/ml,Oral solution,300,120,4978.94,41.49,0.14,ABBVIE (Abbott) Logis. UK,True,22.0,0.0,10.73
3496,27563,161-ZA-T30,FPQ-6262,SCMS-83730,ASN-9193,South Africa,PMO - US,Direct Drop,DDP,Ocean,2010-08-31,2010-09-24,2010-12-29,2010-12-29,2010-12-29,ARV,Adult,Aurobindo Pharma Limited,"Tenofovir Disoproxil Fumarate 300mg, tablets, 30 Tabs",Tenofovir Disoproxil Fumarate,Generic,300mg,Tablet,30,28330,188394.5,6.65,0.22,"Aurobindo Unit III, India",True,2645.0,5112.92,406.18
3497,27574,101-KE-T30,FPQ-10314,SCMS-153912,ASN-17292,Kenya,PMO - US,Direct Drop,CIP,Air,2012-07-12,2012-11-21,2012-12-10,2012-12-10,2012-12-10,HRDT,HIV test,"Orgenics, Ltd","HIV 1/2, Determine Complete HIV Kit, 100 Tests","HIV 1/2, Determine Complete HIV Kit",Determine,no_dosage,Test kit,100,1005,89445.0,89.0,0.89,"Alere Medical Co., Ltd.",True,394.0,0.0,125.4
3498,27586,105-SS-T30,FPQ-9807,SCMS-147641,ASN-16730,South Sudan,PMO - US,Direct Drop,EXW,Air,2012-05-18,2012-06-20,2012-11-30,2012-11-30,2012-11-30,HRDT,HIV test - Ancillary,"Orgenics, Ltd","Capillary Tubes, for Determine, EDTA, 50uL,100 Pcs","HIV, Capillary Tubes, for Determine, EDTA, 50uL,100 Pcs",Determine,no_dosage,Test kit - Ancillary,100,173,1384.0,8.0,0.08,"Alere Medical Co., Ltd.",True,201.0,5124.22,1.94
3499,27614,101-CD-T30,FPQ-14654,SCMS-253260,ASN-28279,"Congo, DRC",PMO - US,Direct Drop,EXW,Air,2014-08-11,2014-08-27,2014-11-04,2014-11-04,2014-11-20,HRDT,HIV test,"Trinity Biotech, Plc","HIV 1/2, Uni-Gold HIV Kit, 20 Tests","HIV 1/2, Uni-Gold HIV Kit",Uni-Gold,no_dosage,Test kit,20,47,1504.0,32.0,1.6,"Trinity Biotech, Plc",False,15.0,2346.5699999999997,1.55
3500,27634,107-RW-T30,FPQ-13851,SCMS-239020,ASN-27336,Rwanda,PMO - US,Direct Drop,EXW,Air,2014-03-10,2014-05-16,2014-08-22,2014-08-22,2014-08-26,ARV,Adult,MYLAN LABORATORIES LTD (FORMERLY MATRIX LABORATORIES),"Atazanavir/Ritonavir 300/100mg, tablets, 30 Tabs",Atazanavir/Ritonavir,Generic,300/100mg,Tablet,30,3000,60000.0,20.0,0.67,Mylan (formerly Matrix) Nashik,True,405.0,3484.48,61.68
3501,27664,901-GH-T30,FPQ-14101,SCMS-245430,ASN-28552,Ghana,PMO - US,Direct Drop,EXW,Air,2014-04-30,2014-07-08,2014-11-03,2014-11-03,2014-11-12,ARV,Adult,HETERO LABS LIMITED,"Lamivudine/Tenofovir Disoproxil Fumarate 300/300mg, tablets, 30 Tabs",Lamivudine/Tenofovir Disoproxil Fumarate,Generic,300/300mg,Tablet - FDC,30,45632,210819.84,4.62,0.15,Hetero Unit III Hyderabad IN,True,4539.0,22271.36,216.72
3502,27670,114-UG-T30,FPQ-12273,SCMS-198550,ASN-21516,Uganda,PMO - US,Direct Drop,EXW,Air,2013-07-08,2013-08-12,2013-09-30,2013-09-30,2013-09-30,HRDT,HIV test,BIO-RAD LABORATORIES (FRANCE),"HIV 1/2, Genie III Kit, 50 Tests","HIV 1/2, Genie III Kit",Genie,no_dosage,Test kit,50,15,1363.65,90.91,1.82,Bio-Rad Laboratories,True,8.0,855.41,1.69
3503,27675,102-SD-T30,FPQ-7321,SCMS-107770,ASN-10900,Sudan,PMO - US,Direct Drop,EXW,Air,2011-03-29,2011-05-02,2011-06-24,2011-06-24,2011-06-24,HRDT,HIV test - Ancillary,"Standard Diagnostics, Inc.","HIV 1/2, Bioline 3.0 Diluent, 25 Tests, Bottle x 5 ml","HIV 1/2, Bioline 3.0 Diluent, 25 Tests",Bioline,no_dosage,Test kit - Ancillary,1,13,11.7,0.9,0.9,"Standard Diagnostics, Korea",True,2.0,1193.15,0.02
3504,27697,106-HT-T30,FPQ-14895,SCMS-261011,ASN-32761,Haiti,PMO - US,Direct Drop,EXW,Air,2014-09-24,2014-11-14,2015-07-23,2015-07-23,2015-07-28,ARV,Adult,EMCURE PHARMACEUTICALS LTD,"Atazanavir/Ritonavir 300/100mg, tablets, 30 Tabs",Atazanavir/Ritonavir,Generic,300/100mg,Tablet,30,1052,18936.0,18.0,0.6,"Emcure Plot No.P-2, I.T-B.T. Park, Phase II, MIDC, Hinjwadi, Pune, India",True,138.0,1719.78,19.47
3505,27708,104-CI-T30,FPQ-9554,SCMS-142490,ASN-14433,Côte d'Ivoire,PMO - US,Direct Drop,EXW,Air,2012-03-19,2012-03-27,2012-04-25,2012-04-25,2012-04-25,HRDT,HIV test,"Orgenics, Ltd","HIV 1/2, Determine Complete HIV Kit, 100 Tests","HIV 1/2, Determine Complete HIV Kit",Determine,no_dosage,Test kit,100,596,47680.0,80.0,0.8,"Alere Medical Co., Ltd.",True,287.0,7024.86,66.85
3506,27765,114-UG-T30,FPQ-14407,SCMS-244520,ASN-26987,Uganda,PMO - US,Direct Drop,EXW,Air,2014-06-11,2014-06-19,2014-08-01,2014-08-01,2014-08-04,ARV,Adult,STRIDES ARCOLAB LIMITED,"Efavirenz 600mg, tablets, 30 Tabs",Efavirenz,Generic,600mg,Tablet,30,61150,195068.5,3.19,0.11,"Strides, Bangalore, India.",True,3858.0,20553.85,200.53
3507,27777,117-ET-T30,FPQ-9098,SCMS-133600,ASN-15705,Ethiopia,PMO - US,Direct Drop,EXW,Air,2012-01-10,2012-01-23,2012-07-31,2012-07-31,2012-07-31,HRDT,HIV test,"SHANGHAI KEHUA BIOENGINEERING CO.,LTD.  (KHB)","HIV 1/2, SKB Colloidal Gold, Diagnostic Kit, Antibody, 50 Tests","HIV 1/2, Colloidal Gold, Diagnostic Kit, Antibody",Colloidal Gold,no_dosage,Test kit,1,1362,33369.0,24.5,24.5,"KHB Test Kit Facility, Shanghai China",True,950.0,8859.91,46.78
3508,27781,116-ZA-T30,FPQ-14942,SCMS-259072,ASN-30377,South Africa,PMO - US,Direct Drop,DDP,Truck,2014-09-11,2015-01-26,2015-01-26,2015-01-26,2015-01-26,ARV,Adult,PHARMACY DIRECT,"Abacavir 300mg, tablets, 60 Tabs",Abacavir,Generic,300mg,Tablet,60,53,2642.19,49.85,0.83,"Aurobindo Unit III, India",False,368.0,0.0,2.72
3509,27798,117-ET-T30,FPQ-4731,SCMS-59590,ASN-6042,Ethiopia,PMO - US,Direct Drop,EXW,Air,2009-12-10,2009-12-18,2010-02-15,2010-02-15,2010-02-15,ARV,Adult,MYLAN LABORATORIES LTD (FORMERLY MATRIX LABORATORIES),"Efavirenz 600mg, tablets, 30 Tabs",Efavirenz,Generic,600mg,Tablet,30,7197,32314.53,4.49,0.15,Mylan (formerly Matrix) Nashik,True,530.0,1860.69,69.67
3510,27804,106-HT-T30,FPQ-15038,SCMS-262890,ASN-32716,Haiti,PMO - US,Direct Drop,FCA,Air,2014-10-22,2015-01-30,2015-07-07,2015-07-07,2015-07-07,ARV,Adult,ABBVIE LOGISTICS (FORMERLY ABBOTT LOGISTICS BV),"Lopinavir/Ritonavir 200/50mg [Aluvia], tablets, 120 Tabs",Lopinavir/Ritonavir,Aluvia,200/50mg,Tablet,120,6050,111743.5,18.47,0.15,ABBVIE Ludwigshafen Germany,False,442.0,2946.7200000000003,114.87
3511,27820,114-UG-T30,FPQ-7617,SCMS-109060,ASN-11530,Uganda,PMO - US,Direct Drop,DDP,Air,2011-04-29,2011-05-12,2011-07-22,2011-07-22,2011-07-22,ARV,Adult,ASPEN PHARMACARE,"Etravirine 100mg [Intelence], tablets, 120 Tabs",Etravirine,Intelence,100mg,Tablet,120,93,7839.9,84.3,0.7,"Janssen-Cilag, Latina, IT",True,22.0,140.0,12.94
3512,27829,105-SS-T30,FPQ-14470,SCMS-245250,ASN-27328,South Sudan,PMO - US,Direct Drop,EXW,Air,2014-06-17,2014-06-30,2014-10-03,2014-10-03,2014-11-12,HRDT,HIV test - Ancillary,"Orgenics, Ltd","Capillary Tubes, for Determine, EDTA, 50uL,100 Pcs","HIV, Capillary Tubes, for Determine, EDTA, 50uL,100 Pcs",Determine,no_dosage,Test kit - Ancillary,100,115,920.0,8.0,0.08,"Alere Medical Co., Ltd.",True,173.0,4594.07,0.95
3513,27833,108-VN-T30,FPQ-11560,SCMS-177630,ASN-20042,Vietnam,PMO - US,Direct Drop,EXW,Air,2013-02-07,2013-02-13,2013-07-13,2013-07-13,2013-07-13,ARV,Adult,MYLAN LABORATORIES LTD (FORMERLY MATRIX LABORATORIES),"Efavirenz/Lamivudine/Tenofovir Disoproxil Fumarate 600/300/300mg, tablets, 30 Tabs",Efavirenz/Lamivudine/Tenofovir Disoproxil Fumarate,Generic,600/300/300mg,Tablet - FDC,30,42699,490611.51,11.49,0.38,Mylan (formerly Matrix) Nashik,True,4806.0,18700.09,606.89
3514,27842,114-UG-T30,FPQ-13816,SCMS-231310,ASN-25464,Uganda,PMO - US,Direct Drop,EXW,Air,2014-02-27,2014-03-20,2014-05-13,2014-05-13,2014-05-13,HRDT,HIV test,"Trinity Biotech, Plc","HIV 1/2, Uni-Gold HIV Kit, 20 Tests","HIV 1/2, Uni-Gold HIV Kit",Uni-Gold,no_dosage,Test kit,20,2481,79392.0,32.0,1.6,"Trinity Biotech, Plc",True,780.0,5024.15,81.61
3515,27875,108-VN-T30,FPQ-10811,SCMS-166140,ASN-17572,Vietnam,PMO - US,Direct Drop,EXW,Air,2012-10-15,2012-11-09,2013-01-09,2013-01-09,2013-01-09,ARV,Pediatric,Aurobindo Pharma Limited,"Zidovudine 10mg/ml, oral solution w/syringe, Bottle, 240 ml",Zidovudine,Generic,10mg/ml,Oral solution,240,309,648.9,2.1,0.01,"Aurobindo Unit III, India",False,51.0,4400.805,0.8
3516,27881,109-TZ-T30,FPQ-6795,SCMS-103291,ASN-11005,Tanzania,PMO - US,Direct Drop,FCA,Air,2011-01-27,2011-04-14,2011-07-14,2011-07-14,2011-07-14,ARV,Adult,LAWRENCE LABORATORIES (SUBSIDIARY OF BRISTOL MYERS SQUIBB),"Didanosine EC 250mg [Videx EC], delayed-release capsules, Blister 3 x 10 Caps",Didanosine EC,Videx EC,250mg,Delayed-release capsules - blister,30,6357,116587.38,18.34,0.61,Bristol-Myers Squibb Anagni IT,True,1272.0,10816.49,192.37
3517,27936,116-ZA-T30,FPQ-14942,SCMS-259075,ASN-32121,South Africa,PMO - US,Direct Drop,DDP,Truck,2014-09-11,2015-05-11,2015-05-12,2015-05-12,2015-05-12,ARV,Adult,PHARMACY DIRECT,"Raltegravir 400mg [Isentress], tablets, 60 Tabs",Raltegravir,Isentress,400mg,Tablet,60,1,61.16,61.16,1.02,"MSD, Haarlem, NL",True,63.0,0.0,0.06
3518,27938,110-ZM-T30,FPQ-8315,SCMS-120581,ASN-12827,Zambia,PMO - US,Direct Drop,EXW,Air,2011-08-31,2011-09-19,2011-11-30,2011-11-30,2011-11-30,HRDT,HIV test,"Trinity Biotech, Plc","HIV 1/2, Uni-Gold HIV Kit, 20 Tests","HIV 1/2, Uni-Gold HIV Kit",Uni-Gold,no_dosage,Test kit,20,5920,189440.0,32.0,1.6,"Trinity Biotech, Plc",True,1896.0,25136.39,312.58
3519,27942,103-AO-T30,FPQ-11074,SCMS-171780,ASN-17959,Angola,PMO - US,Direct Drop,FCA,Air,2012-12-07,2013-01-03,2013-04-25,2013-04-25,2013-04-25,ARV,Pediatric,ABBVIE LOGISTICS (FORMERLY ABBOTT LOGISTICS BV),"Lopinavir/Ritonavir 80/20mg/ml [Kaletra], oral solution, cool, Bottle 5 x 60 ml",Lopinavir/Ritonavir,Kaletra,80/20mg/ml,Oral solution,300,480,14793.6,30.82,0.1,ABBVIE (Abbott) Logis. UK,True,492.0,4281.43,18.3
3520,27964,106-HT-T30,FPQ-15038,SCMS-263080,ASN-31775,Haiti,PMO - US,Direct Drop,EXW,Air,2014-10-22,2015-01-28,2015-05-13,2015-05-13,2015-05-15,ARV,Adult,JANSSEN SCIENCES IRELAND UC (FORMERLY JANSSEN R&D IRELAND),"Etravirine 100mg [Intelence], tablets, 120 Tabs",Etravirine,Intelence,100mg,Tablet,120,140,5040.0,36.0,0.3,"Janssen-Cilag, Latina, IT",True,17.0,2946.7200000000003,5.18
3521,27969,116-ZA-T30,FPQ-13973,SCMS-238555,ASN-29255,South Africa,PMO - US,Direct Drop,DDP,Truck,2014-04-30,2014-11-04,2014-11-05,2014-11-05,2014-11-05,ARV,Adult,PHARMACY DIRECT,"Darunavir 600mg [Prezista], tablets, 60 Tabs",Darunavir,Prezista,600mg,Tablet,60,15,978.47,65.23,1.09,"Janssen-Cilag, Latina, IT",False,5256.0,0.0,1.01
3522,28001,133-NG-T30,FPQ-10765,SCMS-162440,ASN-18173,Nigeria,PMO - US,Direct Drop,EXW,Air,2012-10-05,2012-10-16,2013-01-09,2013-02-26,2013-02-26,HRDT,HIV test,"Orgenics, Ltd","HIV 1/2, Determine Complete HIV Kit, 100 Tests","HIV 1/2, Determine Complete HIV Kit",Determine,no_dosage,Test kit,100,2853,253917.0,89.0,0.89,"Alere Medical Co., Ltd.",True,1294.0,0.0,355.99
3523,28031,108-VN-T30,FPQ-5066,SCMS-65040,ASN-6209,Vietnam,PMO - US,Direct Drop,EXW,Air,2010-02-10,2010-02-10,2010-03-30,2010-03-30,2010-03-30,ARV,Adult,Aurobindo Pharma Limited,"Didanosine 250mg, delayed-release capsules, 30 Caps",Didanosine,Generic,250mg,Delayed-release capsules,30,84,1092.0,13.0,0.43,"Aurobindo Unit III, India",True,6.0,363.96,2.35
3524,28039,105-GY-T30,FPQ-10268,SCMS-154460,ASN-16986,Guyana,PMO - US,Direct Drop,FCA,Air,2012-07-16,2012-07-30,2013-01-18,2013-01-18,2013-01-18,ARV,Pediatric,ABBVIE LOGISTICS (FORMERLY ABBOTT LOGISTICS BV),"Lopinavir/Ritonavir 80/20mg/ml [Kaletra], oral solution, cool, Bottle 5 x 60 ml",Lopinavir/Ritonavir,Kaletra,80/20mg/ml,Oral solution,300,21,1277.22,60.82,0.2,ABBVIE (Abbott) Logis. UK,True,52.0,1097.08,1.79
3525,28085,108-VN-T30,FPQ-8428,SCMS-123520,ASN-13475,Vietnam,PMO - US,Direct Drop,EXW,Air,2011-09-21,2011-10-04,2012-03-01,2012-03-01,2012-03-01,ARV,Adult,Aurobindo Pharma Limited,"Abacavir 300mg, tablets, 60 Tabs",Abacavir,Generic,300mg,Tablet,60,388,5606.6,14.45,0.24,"Aurobindo Unit III, India",False,68.0,4400.805,9.25
3526,28086,116-ZA-T30,FPQ-14942,SCMS-259072,ASN-30377,South Africa,PMO - US,Direct Drop,DDP,Truck,2014-09-11,2015-01-26,2015-01-26,2015-01-26,2015-01-26,ARV,Adult,PHARMACY DIRECT,"Zidovudine 300mg, tablets, 60 Tabs",Zidovudine,Generic,300mg,Tablet,60,12,216.37,18.03,0.3,"Aurobindo Unit III, India",False,48.0,0.0,0.22
3527,28158,116-ZA-T30,FPQ-13035,SCMS-215370,ASN-24415,South Africa,PMO - US,Direct Drop,DDP,Truck,2013-10-08,2013-12-02,2014-02-06,2014-02-06,2014-02-06,ARV,Adult,S. BUYS WHOLESALER,"Emtricitabine/Tenofovir Disoproxil Fumarate 200/300mg, tablets, 30 Tabs",Emtricitabine/Tenofovir Disoproxil Fumarate,Generic,200/300mg,Tablet - FDC,30,12,339.36,28.28,0.94,"Aurobindo Unit III, India",False,48.0,0.0,0.42
3528,28160,116-ZA-T30,FPQ-14942,SCMS-259083,ASN-33330,South Africa,PMO - US,Direct Drop,DDP,Truck,2014-09-11,2015-07-14,2015-07-14,2015-07-14,2015-07-14,ARV,Pediatric,PHARMACY DIRECT,"Lopinavir/Ritonavir 80/20mg/ml [Kaletra], oral solution, cool, Bottle 5 x 60 ml",Lopinavir/Ritonavir,Kaletra,80/20mg/ml,Oral solution,300,4,68.56,17.14,0.06,ABBVIE (Abbott) Logis. UK,True,78.0,0.0,0.07
3529,28181,161-ZA-T30,FPQ-7175,SCMS-103880,ASN-11458,South Africa,PMO - US,Direct Drop,DDP,Ocean,2011-03-10,2011-03-28,2011-11-03,2011-11-03,2011-11-03,ARV,Adult,STRIDES ARCOLAB LIMITED,"Lamivudine 150mg, tablets, 60 Tabs",Lamivudine,Generic,150mg,Tablet,60,356876,867208.68,2.43,0.04,"Strides, Bangalore, India.",True,16391.0,20258.29,1430.89
3530,28190,161-ZA-T30,FPQ-7175,SCMS-103350,ASN-11471,South Africa,PMO - US,Direct Drop,DDP,Ocean,2011-03-10,2011-03-24,2011-09-05,2011-09-05,2011-09-05,ARV,Adult,Aurobindo Pharma Limited,"Zidovudine 300mg, tablets, 60 Tabs",Zidovudine,Generic,300mg,Tablet,60,100000,730000.0,7.3,0.12,"Aurobindo Unit III, India",True,5177.0,10405.58,1204.5
3531,28192,107-RW-T30,FPQ-6185,SCMS-84411,ASN-9660,Rwanda,PMO - US,Direct Drop,CIP,Air,2010-09-03,2010-09-27,2011-02-09,2011-02-09,2011-02-09,ARV,Adult,CIPLA LIMITED,"Lopinavir/Ritonavir 200/50mg, tablets, 120 Tabs",Lopinavir/Ritonavir,Generic,200/50mg,Tablet,120,11440,392392.0,34.3,0.29,Cipla Ltd A-42 MIDC Mahar. IN,False,668.5,0.0,846.0
3532,28204,161-ZA-T30,FPQ-5648,SCMS-75980,ASN-8698,South Africa,PMO - US,Direct Drop,DDP,Ocean,2010-06-02,2010-06-17,2010-12-20,2010-12-20,2010-12-20,ARV,Adult,Aurobindo Pharma Limited,"Tenofovir Disoproxil Fumarate 300mg, tablets, 30 Tabs",Tenofovir Disoproxil Fumarate,Generic,300mg,Tablet,30,88289,610076.99,6.91,0.23,"Aurobindo Unit III, India",True,7540.0,5460.48,1315.33
3533,28210,900-TZ-T30,FPQ-10394,SCMS-156500,ASN-16217,Tanzania,PMO - US,Direct Drop,EXW,Air,2012-07-26,2012-08-09,2012-10-09,2012-10-09,2012-10-09,ARV,Adult,Aurobindo Pharma Limited,"Efavirenz 600mg, tablets, 30 Tabs",Efavirenz,Generic,600mg,Tablet,30,64980,214434.0,3.3,0.11,"Aurobindo Unit III, India",True,5578.0,18826.62,300.64
3534,28230,111-MZ-T30,FPQ-4738,SCMS-62180,ASN-6178,Mozambique,PMO - US,Direct Drop,EXW,Air,2009-12-10,2010-01-05,2010-03-17,2010-03-17,2010-03-17,HRDT,HIV test,"Orgenics, Ltd","HIV 1/2, Determine HIV Kit, without Lancets, 100 Tests","HIV 1/2, Determine HIV Kit, without Lancets",Determine,no_dosage,Test kit,100,5200,364000.0,70.0,0.7,Inverness Japan,True,1179.0,14110.84,784.78
3535,28231,116-ZA-T30,FPQ-14942,SCMS-259071,ASN-29597,South Africa,PMO - US,Direct Drop,DDP,Truck,2014-09-11,2014-11-28,2014-11-28,2014-11-28,2014-11-28,ARV,Adult,PHARMACY DIRECT,"Lamivudine 150mg, tablets, 60 Tabs",Lamivudine,Generic,150mg,Tablet,60,161,1063.65,6.61,0.11,"Aurobindo Unit III, India",False,30.0,0.0,1.09
3536,28240,200-ZW-T30,FPQ-6488,SCMS-90630,ASN-9386,Zimbabwe,PMO - US,Direct Drop,FCA,Air,2010-10-26,2010-11-10,2011-03-17,2011-03-17,2011-03-17,ARV,Pediatric,ABBVIE LOGISTICS (FORMERLY ABBOTT LOGISTICS BV),"Lopinavir/Ritonavir 80/20mg/ml [Kaletra], oral solution, cool, Bottle 5 x 60 ml",Lopinavir/Ritonavir,Kaletra,80/20mg/ml,Oral solution,300,2166,78322.56,36.16,0.12,ABBVIE (Abbott) Logis. UK,True,2480.0,18756.25,168.86
3537,28241,108-VN-T30,FPQ-12051,SCMS-188581,ASN-21551,Vietnam,PMO - US,Direct Drop,FCA,Air,2013-05-03,2013-08-27,2013-10-07,2013-10-07,2013-10-07,ARV,Adult,ABBVIE LOGISTICS (FORMERLY ABBOTT LOGISTICS BV),"Lopinavir/Ritonavir 200/50mg [Aluvia], tablets, 120 Tabs",Lopinavir/Ritonavir,Aluvia,200/50mg,Tablet,120,8566,520984.12,60.82,0.51,ABBVIE Ludwigshafen Germany,True,2042.0,6969.82,644.46
3538,28262,161-ZA-T30,FPQ-7175,SCMS-103840,ASN-10874,South Africa,PMO - US,Direct Drop,DDP,Ocean,2011-03-10,2011-03-28,2011-07-14,2011-07-14,2011-07-14,ARV,Adult,CIPLA LIMITED,"Tenofovir Disoproxil Fumarate 300mg, tablets, 30 Tabs",Tenofovir Disoproxil Fumarate,Generic,300mg,Tablet,30,48000,310560.0,6.47,0.22,"Cipla, Goa, India",True,3247.0,7180.16,512.42
3539,28265,102-BI-T30,FPQ-11512,SCMS-176910,ASN-19033,Burundi,PMO - US,Direct Drop,EXW,Air,2013-01-29,2013-02-14,2013-05-03,2013-05-03,2013-05-03,HRDT,HIV test,"Orgenics, Ltd","HIV 1/2, Determine Complete HIV Kit, 100 Tests","HIV 1/2, Determine Complete HIV Kit",Determine,no_dosage,Test kit,100,1560,124800.0,80.0,0.8,"Alere Medical Co., Ltd.",True,676.0,14189.02,154.38
3540,28268,116-ZA-T30,FPQ-15269,SCMS-267090,ASN-29761,South Africa,PMO - US,Direct Drop,DDP,Truck,2014-10-29,2014-12-10,2014-12-10,2014-12-10,2014-12-10,ARV,Pediatric,S. BUYS WHOLESALER,"Lopinavir/Ritonavir 80/20mg/ml [Kaletra], oral solution, cool, Bottle 5 x 60 ml",Lopinavir/Ritonavir,Kaletra,80/20mg/ml,Oral solution,300,3,62.04,20.68,0.07,ABBVIE (Abbott) Logis. UK,True,1.0,0.0,0.07
3541,28282,103-CM-T30,FPQ-16210,SCMS-289290,ASN-33318,Cameroon,PMO - US,Direct Drop,FCA,Air,2015-04-28,2015-05-29,2015-07-22,2015-07-22,2015-07-22,ARV,Pediatric,ABBVIE LOGISTICS (FORMERLY ABBOTT LOGISTICS BV),"Lopinavir/Ritonavir 100/25mg [Aluvia], tablets, 60 Tabs",Lopinavir/Ritonavir,Generic,100/25mg,Tablet,60,8800,52272.0,5.94,0.1,ABBVIE Ludwigshafen Germany,True,1485.0,10334.23,61.52
3542,28302,116-ZA-T30,FPQ-14942,SCMS-259079,ASN-33852,South Africa,PMO - US,Direct Drop,DDP,Truck,2014-09-11,2014-10-09,2015-08-24,2015-08-24,2015-08-24,ARV,Adult,PHARMACY DIRECT,"Efavirenz 600mg, tablets, 30 Tabs",Efavirenz,Generic,600mg,Tablet,30,44,532.12,12.09,0.4,"Aurobindo Unit III, India",False,116.0,0.0,0.55
3543,28306,105-SS-T30,FPQ-11754,SCMS-181401,ASN-20649,South Sudan,PMO - US,Direct Drop,EXW,Air,2013-02-22,2013-04-01,2013-09-13,2013-09-13,2013-09-13,HRDT,HIV test,"Orgenics, Ltd","HIV 1/2, Determine Complete HIV Kit, 100 Tests","HIV 1/2, Determine Complete HIV Kit",Determine,no_dosage,Test kit,100,90,8010.0,89.0,0.89,"Alere Medical Co., Ltd.",True,39.0,1405.56,9.91
3544,28309,116-ZA-T30,FPQ-13973,SCMS-238570,ASN-30715,South Africa,PMO - US,Direct Drop,DDP,Truck,2014-04-30,2014-05-08,2015-02-16,2015-02-16,2015-02-16,ARV,Pediatric,PHARMACY DIRECT,"Lopinavir/Ritonavir 80/20mg/ml [Kaletra], oral solution, cool, Bottle 5 x 60 ml",Lopinavir/Ritonavir,Kaletra,80/20mg/ml,Oral solution,300,3,66.2,22.07,0.07,ABBVIE (Abbott) Logis. UK,True,1.0,0.0,0.07
3545,28318,105-DO-T30,FPQ-11295,SCMS-172500,ASN-18884,Dominican Republic,PMO - US,Direct Drop,EXW,Air,2012-12-17,2013-01-15,2013-04-01,2013-04-01,2013-04-01,HRDT,HIV test,"Orgenics, Ltd","HIV 1/2, Determine Complete HIV Kit, 100 Tests","HIV 1/2, Determine Complete HIV Kit",Determine,no_dosage,Test kit,100,1775,163300.0,92.0,0.92,"Alere Medical Co., Ltd.",True,791.0,12643.47,202.0
3546,28322,109-TZ-T30,FPQ-12540,SCMS-198770,ASN-21559,Tanzania,PMO - US,Direct Drop,EXW,Air,2013-07-03,2013-07-16,2013-10-04,2013-10-04,2013-10-04,ARV,Adult,CIPLA LIMITED,"Lamivudine/Nevirapine/Zidovudine 150/200/300mg, tablets, 60 Tabs",Lamivudine/Nevirapine/Zidovudine,Generic,150/300/200mg,Tablet - FDC,60,150000,1215000.0,8.1,0.13,"Cipla, Goa, India",True,21674.0,90677.04,1502.96
3547,28331,102-KE-T30,FPQ-9100,SCMS-133470,ASN-13946,Kenya,PMO - US,Direct Drop,EXW,Air,2012-01-09,2012-02-01,2012-03-22,2012-03-22,2012-03-22,HRDT,HIV test,"Orgenics, Ltd","HIV 1/2, Determine Complete HIV Kit, 100 Tests","HIV 1/2, Determine Complete HIV Kit",Determine,no_dosage,Test kit,100,7018,624602.0,89.0,0.89,"Alere Medical Co., Ltd.",True,2305.0,24428.55,875.69
3548,28333,133-NG-T30,FPQ-16330,SCMS-288770,ASN-32400,Nigeria,PMO - US,Direct Drop,DDP,Air,2015-05-11,2015-05-22,2015-05-25,2015-05-25,2015-05-26,HRDT,HIV test,ACOUNS NIGERIA LTD,"HIV 1/2, Determine HIV Kit, without Lancets, 100 Tests","HIV 1/2, Determine HIV Kit, without Lancets",Determine,no_dosage,Test kit,100,6107,407642.25,66.75,0.67,"Alere Medical Co., Ltd.",True,394.0,0.0,479.79
3549,28335,102-KE-T30,FPQ-4250,SCMS-55902,ASN-5660,Kenya,PMO - US,Direct Drop,EXW,Air,2009-09-16,2009-10-23,2010-01-18,2010-01-18,2010-01-18,HRDT,HIV test,"Orgenics, Ltd","HIV 1/2, Determine Complete HIV Kit, 100 Tests","HIV 1/2, Determine Complete HIV Kit",Determine,no_dosage,Test kit,100,3750,300000.0,80.0,0.8,Inverness Japan,True,1065.0,10075.76,588.0
3550,28418,900-TZ-T30,FPQ-10394,SCMS-156500,ASN-16219,Tanzania,PMO - US,Direct Drop,EXW,Air,2012-07-26,2012-08-09,2012-10-09,2012-10-12,2012-10-12,ARV,Adult,Aurobindo Pharma Limited,"Efavirenz 600mg, tablets, 30 Tabs",Efavirenz,Generic,600mg,Tablet,30,25741,84945.3,3.3,0.11,"Aurobindo Unit III, India",True,2210.0,9452.02,119.09
3551,28439,133-NG-T30,FPQ-16329,SCMS-289130,ASN-32954,Nigeria,PMO - US,Direct Drop,EXW,Air,2015-05-07,2015-05-26,2015-07-14,2015-07-14,2015-07-14,HRDT,HIV test,"Orgenics, Ltd","HIV 1/2, Determine Complete HIV Kit, 100 Tests","HIV 1/2, Determine Complete HIV Kit",Determine,no_dosage,Test kit,100,6380,567820.0,89.0,0.89,"Alere Medical Co., Ltd.",True,2587.0,0.0,668.32
3552,28471,133-NG-T30,FPQ-10349,SCMS-155320,ASN-16928,Nigeria,PMO - US,Direct Drop,EXW,Air,2012-07-17,2012-08-13,2012-11-06,2012-11-09,2012-11-09,HRDT,HIV test,"Orgenics, Ltd","HIV 1/2, Determine Complete HIV Kit, 100 Tests","HIV 1/2, Determine Complete HIV Kit",Determine,no_dosage,Test kit,100,2835,252315.0,89.0,0.89,"Alere Medical Co., Ltd.",True,1352.0,31284.02,353.75
3553,28493,151-NG-T30,FPQ-4949,SCMS-65000,ASN-6271,Nigeria,PMO - US,Direct Drop,FCA,Air,2010-01-25,2010-02-10,2010-03-15,2010-03-15,2010-03-15,ARV,Adult,ABBVIE LOGISTICS (FORMERLY ABBOTT LOGISTICS BV),"Ritonavir 100mg [Norvir], capsules, cool, 4 x 84 Caps",Ritonavir,Norvir,100mg,Capsule,336,194,7441.84,38.36,0.11,ABBVIE (Abbott) Logis. UK,True,390.0,2818.79,16.04
3554,28506,108-VN-T30,FPQ-12051,SCMS-188700,ASN-21668,Vietnam,PMO - US,Direct Drop,EXW,Air,2013-05-03,2013-05-15,2013-09-25,2013-09-25,2013-09-25,ARV,Adult,HETERO LABS LIMITED,"Zidovudine 300mg, tablets, 60 Tabs",Zidovudine,Generic,300mg,Tablet,60,503,2892.25,5.75,0.1,Hetero Unit III Hyderabad IN,False,123.0,4400.805,3.58
3555,28515,161-ZA-T30,FPQ-6262,SCMS-83790,ASN-9179,South Africa,PMO - US,Direct Drop,DDP,Ocean,2010-08-31,2010-09-24,2011-01-06,2011-01-31,2011-01-31,ARV,Pediatric,Aurobindo Pharma Limited,"Nevirapine 10mg/ml, oral suspension w/syringe, Bottle, 240 ml",Nevirapine,Generic,10mg/ml,Oral suspension,240,14065,29817.8,2.12,0.01,"Aurobindo Unit III, India",True,6196.0,1220.84,64.29
3556,28532,111-MZ-T30,FPQ-7270,SCMS-103140,ASN-11114,Mozambique,PMO - US,Direct Drop,EXW,Air,2011-03-04,2011-03-30,2011-07-12,2011-07-12,2011-07-12,HRDT,HIV test,"Orgenics, Ltd","HIV 1/2, Determine HIV Kit, without Lancets, 100 Tests","HIV 1/2, Determine HIV Kit, without Lancets",Determine,no_dosage,Test kit,100,2769,215151.3,77.7,0.78,Inverness Japan,True,628.0,7580.09,355.0
3557,28534,104-CI-T30,FPQ-3835,SCMS-48250,ASN-4789,Côte d'Ivoire,PMO - US,Direct Drop,CIP,Air,2009-06-15,2009-06-29,2009-09-30,2009-09-30,2009-09-30,ARV,Adult,MERCK SHARP & DOHME IDEA GMBH (FORMALLY MERCK SHARP & DOHME B.V.),"Efavirenz/Emtricitabine/Tenofovir Disoproxil Fumarate 600/200/300mg [Atripla], tablets, 30 Tabs",Efavirenz/Emtricitabine/Tenofovir Disoproxil Fumarate,Atripla,600/200/300mg,Tablet - FDC,30,6120,308448.0,50.4,1.68,"MSD, Haarlem, NL",True,820.0,0.0,604.56
3558,28542,161-ZA-T30,FPQ-6262,SCMS-83770,ASN-9945,South Africa,PMO - US,Direct Drop,DDP,Ocean,2010-08-31,2010-09-24,2011-04-07,2011-04-26,2011-04-26,ARV,Adult,Aurobindo Pharma Limited,"Zidovudine 300mg, tablets, 60 Tabs",Zidovudine,Generic,300mg,Tablet,60,17470,128055.1,7.33,0.12,"Aurobindo Unit III, India",True,7765.0,4835.17,276.09
3559,28544,108-VN-T30,FPQ-15040,SCMS-263650,ASN-30556,Vietnam,PMO - US,Direct Drop,EXW,Air,2014-10-30,2014-12-08,2015-03-26,2015-03-26,2015-03-26,ARV,Adult,MYLAN LABORATORIES LTD (FORMERLY MATRIX LABORATORIES),"Lamivudine/Zidovudine 150/300mg, tablets, 60 Tabs",Lamivudine/Zidovudine,Generic,150/300mg,Tablet - FDC,60,5700,36993.0,6.49,0.11,Mylan (formerly Matrix) Nashik,True,498.0,1477.34,38.03
3560,28545,144-BW-T30,FPQ-4207,SCMS-41860,ASN-5606,Botswana,PMO - US,Direct Drop,EXW,Air,2009-03-10,2009-03-25,2010-02-05,2010-02-05,2010-02-05,HRDT,HIV test,Orasure Technologies Inc.,"HIV 1/2, OraQuick Advance HIV Rapid Antibody Kit, 100 Tests","HIV 1/2, OraQuick Advance HIV Rapid Antibody Kit",OraQuick,no_dosage,Test kit,100,20,7000.0,350.0,3.5,"Pacific Biotech, Thailand",True,48.0,1716.47,13.72
3561,28553,161-ZA-T30,FPQ-7175,SCMS-103880,ASN-11459,South Africa,PMO - US,Direct Drop,DDP,Ocean,2011-03-10,2011-03-28,2011-11-03,2011-11-03,2011-11-03,ARV,Adult,STRIDES ARCOLAB LIMITED,"Lamivudine 150mg, tablets, 60 Tabs",Lamivudine,Generic,150mg,Tablet,60,158124,384241.32,2.43,0.04,"Strides, Bangalore, India.",True,7467.0,20258.28,634.0
3562,28566,100-ZM-T30,FPQ-12180,SCMS-190740,ASN-20353,Zambia,PMO - US,Direct Drop,EXW,Air,2013-05-14,2013-05-22,2013-08-23,2013-08-23,2013-08-23,HRDT,HIV test,"Orgenics, Ltd","HIV 1/2, Determine Complete HIV Kit, 100 Tests","HIV 1/2, Determine Complete HIV Kit",Determine,no_dosage,Test kit,100,2730,218400.0,80.0,0.8,"Alere Medical Co., Ltd.",True,1184.0,17657.02,270.16
3563,28577,109-TZ-T30,FPQ-6203,SCMS-82760,ASN-8626,Tanzania,PMO - US,Direct Drop,EXW,Air,2010-08-18,2010-08-25,2010-12-06,2010-12-06,2010-12-06,ARV,Adult,MYLAN LABORATORIES LTD (FORMERLY MATRIX LABORATORIES),"Efavirenz/Emtricitabine/Tenofovir Disoproxil Fumarate 600/200/300mg, tablets, 30 Tabs",Efavirenz/Emtricitabine/Tenofovir Disoproxil Fumarate,Generic,600/200/300mg,Tablet - FDC,30,53149,1057665.1,19.9,0.66,Mylan (formerly Matrix) Nashik,True,5808.0,28514.49,2280.33
3564,28595,108-VN-T30,FPQ-13976,SCMS-236060,ASN-27812,Vietnam,PMO - US,Direct Drop,EXW,Air,2014-04-08,2014-04-30,2014-09-22,2014-09-22,2014-11-04,ARV,Adult,HETERO LABS LIMITED,"Efavirenz/Lamivudine/Tenofovir Disoproxil Fumarate 600/300/300mg, tablets, 30 Tabs",Efavirenz/Lamivudine/Tenofovir Disoproxil Fumarate,Generic,600/300/300mg,Tablet - FDC,30,8640,90720.0,10.5,0.35,Hetero Unit III Hyderabad IN,False,975.5,4400.805,93.26
3565,28601,106-HT-T30,FPQ-13494,SCMS-225424,ASN-30187,Haiti,PMO - US,Direct Drop,EXW,Air,2014-01-21,2014-02-19,2015-02-20,2015-02-20,2015-02-23,HRDT,HIV test,"SHANGHAI KEHUA BIOENGINEERING CO.,LTD.  (KHB)","HIV 1/2, SKB Colloidal Gold, Diagnostic Kit, Antibody, 50 Tests","HIV 1/2, Colloidal Gold, Diagnostic Kit, Antibody",Colloidal Gold,no_dosage,Test kit,1,400,9800.0,24.5,24.5,"KHB Test Kit Facility, Shanghai China",True,253.0,3087.68,10.07
3566,28617,104-CI-T30,FPQ-8209,SCMS-124120,ASN-12957,Côte d'Ivoire,PMO - US,Direct Drop,EXW,Air,2011-08-11,2011-10-05,2011-12-14,2011-12-14,2011-12-14,HRDT,HIV test,"Orgenics, Ltd","HIV 1/2, Determine Complete HIV Kit, 100 Tests","HIV 1/2, Determine Complete HIV Kit",Determine,no_dosage,Test kit,100,1384,110720.0,80.0,0.8,"Alere Medical Co., Ltd.",True,661.0,13740.74,182.69
3567,28656,105-GY-T30,FPQ-5600,SCMS-72750,ASN-6942,Guyana,PMO - US,Direct Drop,EXW,Air,2010-04-28,2010-05-05,2010-05-31,2010-05-31,2010-05-31,ARV,Adult,CIPLA LIMITED,"Lopinavir/Ritonavir 200/50mg, tablets, 120 Tabs",Lopinavir/Ritonavir,Generic,200/50mg,Tablet,120,691,25567.0,37.0,0.31,Cipla Ltd A-42 MIDC Mahar. IN,True,191.0,1703.62,55.12
3568,28664,111-MZ-T30,FPQ-7054,SCMS-98420,ASN-10816,Mozambique,PMO - US,Direct Drop,FCA,Air,2011-01-21,2011-02-08,2011-05-24,2011-05-24,2011-05-24,ARV,Adult,Hoffmann-La Roche ltd Basel,"Saquinavir 200mg [Invirase], capsules, 270 Caps",Saquinavir,Invirase,200mg,Capsule,270,420,43478.98,103.52,0.38,Roche Basel,True,446.0,5017.18,71.74
3569,28673,161-ZA-T30,FPQ-7175,SCMS-123590,ASN-13166,South Africa,PMO - US,Direct Drop,DDP,Ocean,2011-03-10,2011-09-30,2012-01-16,2012-01-23,2012-01-23,ARV,Adult,Aurobindo Pharma Limited,"Efavirenz 600mg, tablets, 30 Tabs",Efavirenz,Generic,600mg,Tablet,30,119251,508009.26,4.26,0.14,"Aurobindo Unit III, India",True,9461.0,7292.27,838.22
3570,28676,105-GY-T30,FPQ-12235,SCMS-190760,ASN-20054,Guyana,PMO - US,Direct Drop,EXW,Air,2013-05-06,2013-05-22,2013-07-01,2013-07-01,2013-07-01,HRDT,HIV test,"Trinity Biotech, Plc","HIV 1/2, Uni-Gold HIV Kit, 20 Tests","HIV 1/2, Uni-Gold HIV Kit",Uni-Gold,no_dosage,Test kit,20,3140,100480.0,32.0,1.6,"Trinity Biotech, Plc",True,1024.0,10304.62,124.29
3571,28689,116-ZA-T30,FPQ-3560,SCMS-50940,ASN-5424,South Africa,PMO - US,Direct Drop,DDP,Truck,2009-05-07,2009-08-03,2009-10-08,2009-10-08,2009-10-08,ARV,Pediatric,S. BUYS WHOLESALER,"Efavirenz 50mg, capsule, 30 Caps",Efavirenz,Generic,50mg,Capsule,30,5049,19974.44,3.96,0.13,"Aurobindo Unit III, India",True,668.5,0.0,39.15
3572,28691,116-ZA-T30,FPQ-12522,SCMS-199283,ASN-27979,South Africa,PMO - US,Direct Drop,DDP,Truck,2013-07-11,2014-08-27,2014-08-27,2014-08-27,2014-08-27,ARV,Adult,S. BUYS WHOLESALER,"Lopinavir/Ritonavir 200/50mg [Aluvia], tablets, 120 Tabs",Lopinavir/Ritonavir,Aluvia,200/50mg,Tablet,120,31,798.55,25.76,0.21,ABBVIE Ludwigshafen Germany,False,4.0,0.0,0.99
3573,28703,111-MZ-T30,FPQ-6132,SCMS-82710,ASN-8226,Mozambique,PMO - US,Direct Drop,EXW,Air,2010-08-12,2010-08-23,2010-11-30,2010-11-30,2010-11-30,HRDT,HIV test,"Trinity Biotech, Plc","HIV 1/2, Uni-Gold HIV Kit, 20 Tests","HIV 1/2, Uni-Gold HIV Kit",Uni-Gold,no_dosage,Test kit,20,4445,142240.0,32.0,1.6,"Trinity Biotech, Plc",True,1112.0,18669.96,306.67
3574,28724,116-ZA-T30,FPQ-14942,SCMS-259079,ASN-33852,South Africa,PMO - US,Direct Drop,DDP,Truck,2014-09-11,2014-10-09,2015-08-24,2015-08-24,2015-08-24,ARV,Adult,PHARMACY DIRECT,"Nevirapine 200mg, tablets, 60 Tabs",Nevirapine,Generic,200mg,Tablet,60,24,329.7,13.74,0.23,"Aurobindo Unit III, India",False,14.5,0.0,0.34
3575,28773,106-HT-T30,FPQ-7040,SCMS-98580,ASN-10062,Haiti,PMO - US,Direct Drop,FCA,Air,2011-01-14,2011-02-02,2011-04-06,2011-04-06,2011-04-06,HRDT,HIV test,"Orgenics, Ltd","HIV 1/2, Determine HIV Kit, without Lancets, 100 Tests","HIV 1/2, Determine HIV Kit, without Lancets",Determine,no_dosage,Test kit,100,2000,195360.0,97.68,0.98,Inverness Japan,True,453.0,7030.94,322.34
3576,28777,106-HT-T30,FPQ-13494,SCMS-225423,ASN-28600,Haiti,PMO - US,Direct Drop,EXW,Air,2014-01-21,2014-02-19,2014-11-03,2014-11-03,2014-11-19,HRDT,HIV test,"SHANGHAI KEHUA BIOENGINEERING CO.,LTD.  (KHB)","HIV 1/2, SKB Colloidal Gold, Diagnostic Kit, Antibody, 50 Tests","HIV 1/2, Colloidal Gold, Diagnostic Kit, Antibody",Colloidal Gold,no_dosage,Test kit,1,400,9800.0,24.5,24.5,"KHB Test Kit Facility, Shanghai China",True,253.0,3145.85,10.07
3577,28778,110-ZM-T30,FPQ-11570,SCMS-181170,ASN-19516,Zambia,PMO - US,Direct Drop,EXW,Air,2013-02-13,2013-03-14,2013-07-11,2013-07-11,2013-07-11,ARV,Pediatric,CIPLA LIMITED,"Abacavir/Lamivudine 60/30mg, dispersible tablets, 60 Tabs",Abacavir/Lamivudine,Generic,60/30mg,Chewable/dispersible tablet - FDC,60,40000,240000.0,6.0,0.1,"Cipla, Patalganga, India",True,3533.0,20188.13,296.88
3578,28802,117-ET-T30,FPQ-4716,SCMS-59510,ASN-5721,Ethiopia,PMO - US,Direct Drop,EXW,Air,2009-12-09,2009-12-10,2009-12-24,2009-12-24,2009-12-24,ARV,Adult,Aurobindo Pharma Limited,"Lamivudine 150mg, tablets, 60 Tabs",Lamivudine,Generic,150mg,Tablet,60,15000,35700.0,2.38,0.04,"Aurobindo Unit III, India",True,780.0,2949.1,76.97
3579,28825,107-RW-T30,FPQ-3859,SCMS-48851,ASN-4860,Rwanda,PMO - US,Direct Drop,CIP,Air,2009-06-30,2009-07-16,2009-09-08,2009-09-08,2009-09-08,ARV,Adult,HETERO LABS LIMITED,"Nevirapine 200mg, tablets, 60 Tabs",Nevirapine,Generic,200mg,Tablet,60,12000,37080.0,3.09,0.05,Hetero Unit III Hyderabad IN,True,708.0,3891.2,72.68
3580,28838,161-ZA-T30,FPQ-5648,SCMS-75560,ASN-8147,South Africa,PMO - US,Direct Drop,DDP,Ocean,2010-06-02,2010-06-17,2010-11-04,2010-11-04,2010-11-04,ARV,Adult,STRIDES ARCOLAB LIMITED,"Lamivudine 150mg, tablets, 60 Tabs",Lamivudine,Generic,150mg,Tablet,60,150000,373500.0,2.49,0.04,"Strides, Bangalore, India.",True,7670.0,8256.97,805.27
3581,28844,116-ZA-T30,FPQ-14942,SCMS-259077,ASN-33477,South Africa,PMO - US,Direct Drop,DDP,Truck,2014-09-11,2014-10-09,2015-07-24,2015-07-24,2015-07-24,ARV,Pediatric,PHARMACY DIRECT,"Efavirenz 200mg, capsule, 90 Caps",Efavirenz,Generic,200mg,Capsule,90,10,170.44,17.04,0.19,"Aurobindo Unit III, India",False,38.0,0.0,0.18
3582,28862,116-ZA-T30,FPQ-3560,SCMS-49642,ASN-5242,South Africa,PMO - US,Direct Drop,DDP,Truck,2009-05-07,2009-07-21,2009-09-11,2009-09-11,2009-09-11,ARV,Adult,S. BUYS WHOLESALER,"Lopinavir/Ritonavir 200/50mg [Aluvia], tablets, 120 Tabs",Lopinavir/Ritonavir,Aluvia,200/50mg,Tablet,120,8000,375880.98,46.99,0.39,ABBVIE Ludwigshafen Germany,True,1023.0,0.0,736.73
3583,28888,102-ML-T30,FPQ-13391,SCMS-221931,ASN-24573,Mali,PMO - US,Direct Drop,EXW,Air,2013-12-16,2014-01-22,2014-03-25,2014-03-25,2014-03-28,HRDT,HIV test,"Orgenics, Ltd","HIV 1/2, ImmunoComb II BiSpot EIA Kit, 36 Tests","HIV 1/2, ImmunoComb II BiSpot EIA Kit",ImmunoComb,no_dosage,Test kit,36,58,4930.0,85.0,2.36,"Alere Medical Co., Ltd.",True,23.0,1148.65,5.07
3584,28908,161-ZA-T30,FPQ-5303,SCMS-68981,ASN-8441,South Africa,PMO - US,Direct Drop,DDP,Air,2010-03-18,2010-03-19,2010-12-08,2010-12-08,2010-12-08,ARV,Adult,Aurobindo Pharma Limited,"Nevirapine 200mg, tablets, 60 Tabs",Nevirapine,Generic,200mg,Tablet,60,26369,76997.48,2.92,0.05,"Aurobindo Unit III, India",True,3110.0,5159.33,166.01
3585,28913,114-UG-T30,FPQ-13122,SCMS-212360,ASN-23076,Uganda,PMO - US,Direct Drop,EXW,Air,2013-10-16,2013-10-30,2014-01-15,2014-01-15,2014-01-15,ARV,Adult,MYLAN LABORATORIES LTD (FORMERLY MATRIX LABORATORIES),"Atazanavir/Ritonavir 300/100mg, tablets, 30 Tabs",Atazanavir/Ritonavir,Generic,300/100mg,Tablet,30,6000,120000.0,20.0,0.67,Mylan (formerly Matrix) Nashik,True,811.0,4139.95,123.36
3586,28918,111-MZ-T30,FPQ-8116,SCMS-118350,ASN-14302,Mozambique,PMO - US,Direct Drop,EXW,Air,2011-08-04,2012-03-19,2012-05-25,2012-05-25,2012-05-25,HRDT,HIV test,"Trinity Biotech, Plc","HIV 1/2, Uni-Gold HIV Kit, 20 Tests","HIV 1/2, Uni-Gold HIV Kit",Uni-Gold,no_dosage,Test kit,20,7500,240000.0,32.0,1.6,"Trinity Biotech, Plc",True,2451.0,35569.75,396.0
3587,28923,114-UG-T30,FPQ-11141,SCMS-173470,ASN-19519,Uganda,PMO - US,Direct Drop,EXW,Air,2012-12-13,2013-02-04,2013-05-24,2013-05-24,2013-05-24,ARV,Adult,EMCURE PHARMACEUTICALS LTD,"Atazanavir 300mg, capsules, 30 Caps",Atazanavir,Generic,300mg,Capsule,30,132,2640.0,20.0,0.67,"Emcure Plot No.P-2, I.T-B.T. Park, Phase II, MIDC, Hinjwadi, Pune, India",True,12.0,1025.37,3.27
3588,28928,161-ZA-T30,FPQ-5648,SCMS-75510,ASN-8300,South Africa,PMO - US,Direct Drop,DDP,Air,2010-06-02,2010-06-17,2010-11-25,2010-11-25,2010-11-25,ARV,Adult,Aurobindo Pharma Limited,"Tenofovir Disoproxil Fumarate 300mg, tablets, 30 Tabs",Tenofovir Disoproxil Fumarate,Generic,300mg,Tablet,30,40319,278604.29,6.91,0.23,"Aurobindo Unit III, India",True,3545.0,5953.38,600.67
3589,28960,116-ZA-T30,FPQ-13035,SCMS-215370,ASN-24415,South Africa,PMO - US,Direct Drop,DDP,Truck,2013-10-08,2013-12-02,2014-02-06,2014-02-06,2014-02-06,ARV,Adult,S. BUYS WHOLESALER,"Efavirenz 600mg, tablets, 30 Tabs",Efavirenz,Generic,600mg,Tablet,30,1131,17468.66,15.45,0.52,"Aurobindo Unit III, India",False,668.5,0.0,21.61
3590,28992,107-RW-T30,FPQ-10752,SCMS-162520,ASN-17004,Rwanda,PMO - US,Direct Drop,EXW,Air,2012-10-03,2012-10-16,2012-11-29,2012-11-29,2012-11-29,ARV,Adult,Aurobindo Pharma Limited,"Didanosine 400mg, delayed-release capsules, 30 Caps",Didanosine,Generic,400mg,Delayed-release capsules,30,1680,33600.0,20.0,0.67,"Aurobindo Unit III, India",True,131.0,2004.44,47.11
3591,28996,101-AF-T30,FPQ-15746,SCMS-276460,ASN-31199,Afghanistan,PMO - US,Direct Drop,EXW,Air,2015-01-20,2015-02-12,2015-08-18,2015-08-18,2015-08-18,ANTM,Malaria,AMSTELFARMA B.V.,"Sulfadoxine/Pyrimethamine 500/25mg, tablets, 1000 Tabs",Sulfadoxine/Pyrimethamine,Generic,500/25mg,Tablet - FDC,1000,26,936.0,36.0,0.04,"Micro Labs, Hosur, India",True,21.0,525.56,1.1
3592,28998,108-VN-T30,FPQ-11418,SCMS-176140,ASN-19490,Vietnam,PMO - US,Direct Drop,FCA,Air,2013-01-29,2013-02-11,2013-06-03,2013-06-03,2013-06-03,ARV,Adult,ABBVIE LOGISTICS (FORMERLY ABBOTT LOGISTICS BV),"Lopinavir/Ritonavir 200/50mg [Aluvia], tablets, 120 Tabs",Lopinavir/Ritonavir,Aluvia,200/50mg,Tablet,120,3885,236285.7,60.82,0.51,ABBVIE Ludwigshafen Germany,True,930.0,8303.48,292.29
3593,29020,200-DO-T30,FPQ-6615,SCMS-93370,ASN-9923,Dominican Republic,PMO - US,Direct Drop,EXW,Air,2010-11-10,2010-12-01,2011-03-08,2011-03-08,2011-03-08,ARV,Adult,Aurobindo Pharma Limited,"Didanosine 250mg, delayed-release capsules, 30 Caps",Didanosine,Generic,250mg,Delayed-release capsules,30,5100,66300.0,13.0,0.43,"Aurobindo Unit III, India",True,319.0,3026.24,109.4
3594,29036,114-UG-T30,FPQ-5772,SCMS-79750,ASN-7957,Uganda,PMO - US,Direct Drop,CIP,Air,2010-06-25,2010-07-20,2010-09-07,2010-09-07,2010-09-07,ARV,Adult,MERCK SHARP & DOHME IDEA GMBH (FORMALLY MERCK SHARP & DOHME B.V.),"Raltegravir 400mg [Isentress], tablets, 60 Tabs",Raltegravir,Isentress,400mg,Tablet,60,63,5764.5,91.5,1.52,"MSD, Haarlem, NL",True,7.0,360.0,12.43
3595,29043,106-HT-T30,FPQ-14083,SCMS-240202,ASN-28245,Haiti,PMO - US,Direct Drop,EXW,Ocean,2014-05-11,2014-07-31,2014-11-17,2014-11-17,2014-11-17,ARV,Pediatric,MYLAN LABORATORIES LTD (FORMERLY MATRIX LABORATORIES),"Lamivudine/Zidovudine 30/60mg, dispersible tablets, 60 Tabs",Lamivudine/Zidovudine,Generic,30/60mg,Chewable/dispersible tablet - FDC,60,2550,5074.5,1.99,0.03,"Mylan,  H-12 & H-13, India",True,199.0,5215.49,5.22
3596,29061,102-SD-T30,FPQ-8261,SCMS-120452,ASN-13273,Sudan,PMO - US,Direct Drop,EXW,Air,2011-08-29,2011-09-14,2012-02-03,2012-02-03,2012-02-03,HRDT,HIV test,"Orgenics, Ltd","HIV 1/2, Determine Complete HIV Kit, 100 Tests","HIV 1/2, Determine Complete HIV Kit",Determine,no_dosage,Test kit,100,70,6230.0,89.0,0.89,"Alere Medical Co., Ltd.",True,33.0,1255.77,10.28
3597,29071,108-VN-T30,FPQ-9577,SCMS-149040,ASN-16178,Vietnam,PMO - US,Direct Drop,EXW,Air,2012-04-11,2012-06-08,2012-10-12,2012-10-12,2012-10-12,ARV,Adult,HETERO LABS LIMITED,"Lamivudine/Zidovudine 150/300mg, tablets, 60 Tabs",Lamivudine/Zidovudine,Generic,150/300mg,Tablet - FDC,60,17240,131886.0,7.65,0.13,Hetero Unit III Hyderabad IN,True,1496.0,2480.22,184.9
3598,29116,116-ZA-T30,FPQ-14942,SCMS-259074,ASN-31070,South Africa,PMO - US,Direct Drop,DDP,Truck,2014-09-11,2015-03-09,2015-03-09,2015-03-09,2015-03-09,ARV,Adult,PHARMACY DIRECT,"Lamivudine 150mg, tablets, 60 Tabs",Lamivudine,Generic,150mg,Tablet,60,146,964.58,6.61,0.11,"Aurobindo Unit III, India",False,668.5,0.0,0.99
3599,29125,107-RW-T30,FPQ-6185,SCMS-84410,ASN-9123,Rwanda,PMO - US,Direct Drop,CIP,Air,2010-09-03,2010-09-27,2010-12-23,2010-12-23,2010-12-23,ARV,Adult,CIPLA LIMITED,"Lopinavir/Ritonavir 200/50mg, tablets, 120 Tabs",Lopinavir/Ritonavir,Generic,200/50mg,Tablet,120,7634,261846.2,34.3,0.29,Cipla Ltd A-42 MIDC Mahar. IN,True,2386.0,1398.0,564.54
3600,29133,114-UG-T30,FPQ-12477,SCMS-198730,ASN-21532,Uganda,PMO - US,Direct Drop,EXW,Air,2013-07-08,2013-07-24,2013-09-14,2013-09-14,2013-09-14,ARV,Adult,HETERO LABS LIMITED,"Lamivudine 150mg, tablets, 60 Tabs",Lamivudine,Generic,150mg,Tablet,60,45359,83914.15,1.85,0.03,Hetero Unit III Hyderabad IN,True,2773.0,8723.46,103.8
3601,29140,108-VN-T30,FPQ-12539,SCMS-199730,ASN-22935,Vietnam,PMO - US,Direct Drop,EXW,Air,2013-07-11,2013-07-25,2013-12-24,2013-12-24,2013-12-23,ARV,Adult,Aurobindo Pharma Limited,"Abacavir 300mg, tablets, 60 Tabs",Abacavir,Generic,300mg,Tablet,60,809,9222.6,11.4,0.19,"Aurobindo Unit III, India",True,81.0,459.72,11.41
3602,29155,106-HT-T30,FPQ-15038,SCMS-263100,ASN-31590,Haiti,PMO - US,Direct Drop,EXW,Air,2014-10-22,2015-01-28,2015-05-13,2015-05-13,2015-05-15,ARV,Adult,JANSSEN SCIENCES IRELAND UC (FORMERLY JANSSEN R&D IRELAND),"Darunavir 600mg [Prezista], tablets, 60 Tabs",Darunavir,Prezista,600mg,Tablet,60,600,32400.0,54.0,0.9,"Janssen-Cilag, Latina, IT",True,120.0,1140.71,33.31
3603,29157,161-ZA-T30,FPQ-6262,SCMS-84210,ASN-9949,South Africa,PMO - US,Direct Drop,DDP,Ocean,2010-08-31,2010-09-21,2011-04-05,2011-04-05,2011-04-05,ARV,Adult,CIPLA LIMITED,"Nevirapine 200mg, tablets, 60 Tabs",Nevirapine,Generic,200mg,Tablet,60,69125,192858.75,2.79,0.05,"Cipla, Goa, India",True,7346.0,19261.02,415.8
3604,29207,116-ZA-T30,FPQ-12522,SCMS-199283,ASN-27978,South Africa,PMO - US,Direct Drop,DDP,Truck,2013-07-11,2014-08-27,2014-08-27,2014-08-27,2014-08-27,ARV,Adult,S. BUYS WHOLESALER,"Lamivudine 150mg, tablets, 60 Tabs",Lamivudine,Generic,150mg,Tablet,60,265,2609.69,9.85,0.16,Hetero Unit III Hyderabad IN,False,668.5,0.0,3.23
3605,29219,116-ZA-T30,FPQ-3560,SCMS-50940,ASN-5424,South Africa,PMO - US,Direct Drop,DDP,Truck,2009-05-07,2009-08-03,2009-10-08,2009-10-08,2009-10-08,ARV,Pediatric,S. BUYS WHOLESALER,"Stavudine 1mg/ml, powder for oral solution, 200 ml",Stavudine,Generic,1mg/ml,Oral solution,200,300,753.67,2.51,0.01,"Aurobindo Unit III, India",False,42.0,0.0,1.48
3606,29224,102-SZ-T30,FPQ-9212,SCMS-135090,ASN-14308,Swaziland,PMO - US,Direct Drop,EXW,Air,2012-01-19,2012-02-06,2012-05-31,2012-05-31,2012-05-31,HRDT,HIV test,"Trinity Biotech, Plc","HIV 1/2, Uni-Gold HIV Kit, 20 Tests","HIV 1/2, Uni-Gold HIV Kit",Uni-Gold,no_dosage,Test kit,20,160,5120.0,32.0,1.6,"Trinity Biotech, Plc",True,59.0,1099.39,7.18
3607,29259,110-ZM-T30,FPQ-12252,SCMS-189240,ASN-20475,Zambia,PMO - US,Direct Drop,EXW,Air,2013-05-02,2013-05-22,2013-08-05,2013-08-05,2013-08-05,HRDT,HIV test,"Orgenics, Ltd","HIV 1/2, Determine Complete HIV Kit, 100 Tests","HIV 1/2, Determine Complete HIV Kit",Determine,no_dosage,Test kit,100,2906,232480.0,80.0,0.8,"Alere Medical Co., Ltd.",True,1204.0,19587.34,287.58
3608,29274,102-KE-T30,FPQ-3976,SCMS-52790,ASN-5002,Kenya,PMO - US,Direct Drop,EXW,Air,2009-07-20,2009-09-03,2009-10-23,2009-10-23,2009-10-23,HRDT,HIV test,"Standard Diagnostics, Inc.","HIV 1/2, Bioline 3.0 Kit, (no accessories), 30 Tests","HIV 1/2, Bioline 3.0 Kit (no accessories)",Bioline,no_dosage,Test kit,30,12000,288000.0,24.0,0.8,"Standard Diagnostics, Korea",True,3733.0,29039.18,564.48
3609,29281,127-KE-T30,FPQ-8155,SCMS-119190,ASN-12470,Kenya,PMO - US,Direct Drop,EXW,Air,2011-08-05,2011-08-28,2011-11-04,2011-11-04,2011-11-04,HRDT,HIV test,"Orgenics, Ltd","HIV 1/2, Determine Complete HIV Kit, 100 Tests","HIV 1/2, Determine Complete HIV Kit",Determine,no_dosage,Test kit,100,8657,770473.0,89.0,0.89,"Alere Medical Co., Ltd.",True,4203.0,44128.81,1271.28
3610,29282,900-TZ-T30,FPQ-10394,SCMS-156530,ASN-16470,Tanzania,PMO - US,Direct Drop,EXW,Air,2012-07-26,2012-08-09,2012-11-01,2012-11-01,2012-11-01,ARV,Adult,HETERO LABS LIMITED,"Lamivudine/Zidovudine 150/300mg, tablets, 60 Tabs",Lamivudine/Zidovudine,Generic,150/300mg,Tablet - FDC,60,18456,130668.48,7.08,0.12,Hetero Unit III Hyderabad IN,False,668.5,8925.0,183.2
3611,29298,108-VN-T30,FPQ-4720,SCMS-62470,ASN-6341,Vietnam,PMO - US,Direct Drop,EXW,Air,2009-01-04,2010-01-12,2010-04-01,2010-04-01,2010-04-01,ARV,Adult,MYLAN LABORATORIES LTD (FORMERLY MATRIX LABORATORIES),"Abacavir 300mg, tablets, 60 Tabs",Abacavir,Generic,300mg,Tablet,60,800,14000.0,17.5,0.29,Mylan (formerly Matrix) Nashik,True,3002.0,6808.99,30.18
3612,29317,108-VN-T30,FPQ-12051,SCMS-188671,ASN-24431,Vietnam,PMO - US,Direct Drop,EXW,Air,2013-05-03,2013-12-19,2014-03-20,2014-03-20,2014-03-20,ARV,Adult,Aurobindo Pharma Limited,"Nevirapine 200mg, tablets, 60 Tabs",Nevirapine,Generic,200mg,Tablet,60,6000,13500.0,2.25,0.04,"Aurobindo Unit III, India",True,594.0,1113.01,16.7
3613,29347,102-SZ-T30,FPQ-7281,SCMS-109450,ASN-11528,Swaziland,PMO - US,Direct Drop,EXW,Air,2011-03-28,2011-06-17,2011-08-08,2011-08-08,2011-08-08,HRDT,HIV test - Ancillary,"Orgenics, Ltd","HIV, Lancet, Safety, for HIV Test kits, 100 Pcs","HIV, Lancet, Safety, for HIV Test kits, 100 Pcs",Generic,no_dosage,Test kit - Ancillary,100,156,780.0,5.0,0.05,INVERNESS ANY,True,56.0,1670.06,1.29
3614,29359,116-ZA-T30,FPQ-3596,SCMS-50361,ASN-5447,South Africa,PMO - US,Direct Drop,DDP,Truck,2009-05-07,2009-09-22,2009-10-08,2009-10-08,2009-10-08,ARV,Adult,S. BUYS WHOLESALER,"Efavirenz 600mg, tablets, 30 Tabs",Efavirenz,Generic,600mg,Tablet,30,10000,173493.01,17.35,0.58,"Aurobindo Unit III, India",True,1097.5,0.0,340.05
3615,29391,116-ZA-T30,FPQ-13973,SCMS-238556,ASN-31854,South Africa,PMO - US,Direct Drop,DDP,Truck,2014-04-30,2015-04-28,2015-04-28,2015-04-28,2015-04-28,ARV,Adult,PHARMACY DIRECT,"Nevirapine 200mg, tablets, 60 Tabs",Nevirapine,Generic,200mg,Tablet,60,10,177.47,17.75,0.3,"Aurobindo Unit III, India",False,38.0,0.0,0.18
3616,29427,108-VN-T30,FPQ-6384,SCMS-87760,ASN-9568,Vietnam,PMO - US,Direct Drop,EXW,Air,2010-09-30,2010-10-14,2011-02-28,2011-02-28,2011-02-28,ARV,Adult,MYLAN LABORATORIES LTD (FORMERLY MATRIX LABORATORIES),"Tenofovir Disoproxil Fumarate 300mg, tablets, 30 Tabs",Tenofovir Disoproxil Fumarate,Generic,300mg,Tablet,30,3696,24948.0,6.75,0.22,Mylan (formerly Matrix) Nashik,True,314.0,4885.33,53.79
3617,29479,108-VN-T30,FPQ-14516,SCMS-249041,ASN-29769,Vietnam,PMO - US,Direct Drop,EXW,Air,2014-07-09,2014-11-24,2015-02-05,2015-02-05,2015-02-24,ARV,Adult,MYLAN LABORATORIES LTD (FORMERLY MATRIX LABORATORIES),"Abacavir 300mg, tablets, 60 Tabs",Abacavir,Generic,300mg,Tablet,60,900,9981.0,11.09,0.18,Mylan (formerly Matrix) Nashik,True,100.0,2504.65,10.26
3618,29538,106-HT-T30,FPQ-14895,SCMS-261120,ASN-30810,Haiti,PMO - US,Direct Drop,EXW,Air,2014-09-24,2014-11-14,2015-03-27,2015-03-26,2015-03-30,ARV,Adult,MYLAN LABORATORIES LTD (FORMERLY MATRIX LABORATORIES),"Lamivudine/Nevirapine/Zidovudine 150/200/300mg, tablets, 60 Tabs",Lamivudine/Nevirapine/Zidovudine,Generic,150/300/200mg,Tablet - FDC,60,26608,215524.8,8.1,0.13,Mylan (formerly Matrix) Nashik,True,3699.0,21146.04,221.56
3619,29596,107-RW-T30,FPQ-10223,SCMS-152930,ASN-16792,Rwanda,PMO - US,Direct Drop,EXW,Ocean,2012-07-05,2012-07-18,2012-12-10,2012-12-10,2012-12-10,ARV,Adult,MICRO LABS LIMITED,"Nevirapine 200mg, tablets, 60 Tabs",Nevirapine,Generic,200mg,Tablet,60,171925,388550.5,2.26,0.04,"Micro labs, Verna, Goa, India",True,15683.0,36173.15,544.75
3620,29608,106-HT-T30,FPQ-4389,SCMS-58010,ASN-5820,Haiti,PMO - US,Direct Drop,CIP,Air,2009-11-03,2009-11-24,2010-02-24,2010-02-24,2010-02-24,ARV,Pediatric,BRISTOL-MYERS SQUIBB,"Didanosine 50mg [Videx], chewable tablets, 60 Tabs",Didanosine,Videx,50mg,Chewable/dispersible tablet,60,40,380.0,9.5,0.16,"BMS Meymac, France",True,56.5,0.0,0.82
3621,29616,108-VN-T30,FPQ-16194,SCMS-285500,ASN-33267,Vietnam,PMO - US,Direct Drop,EXW,Air,2015-04-14,2015-05-13,2015-09-03,2015-09-03,2015-09-03,ARV,Adult,HETERO LABS LIMITED,"Efavirenz/Lamivudine/Tenofovir Disoproxil Fumarate 600/300/300mg, tablets, 30 Tabs",Efavirenz/Lamivudine/Tenofovir Disoproxil Fumarate,Generic,600/300/300mg,Tablet - FDC,30,17952,170544.0,9.5,0.32,Hetero Unit III Hyderabad IN,True,668.5,4400.805,200.73
3622,29677,108-VN-T30,FPQ-9577,SCMS-145510,ASN-16021,Vietnam,PMO - US,Direct Drop,FCA,Air,2012-04-11,2012-06-15,2012-11-29,2012-11-29,2012-11-29,ARV,Pediatric,ABBVIE LOGISTICS (FORMERLY ABBOTT LOGISTICS BV),"Lopinavir/Ritonavir 80/20mg/ml [Kaletra], oral solution, cool, Bottle 5 x 60 ml",Lopinavir/Ritonavir,Kaletra,80/20mg/ml,Oral solution,300,300,18246.0,60.82,0.2,ABBVIE (Abbott) Logis. UK,True,275.0,1015.98,25.58
3623,29706,101-CD-T30,FPQ-16001,SCMS-280210,ASN-31750,"Congo, DRC",PMO - US,Direct Drop,EXW,Air,2015-03-10,2015-03-16,2015-07-02,2015-07-02,2015-07-30,HRDT,HIV test,"Trinity Biotech, Plc","HIV 1/2, Uni-Gold HIV Kit, 20 Tests","HIV 1/2, Uni-Gold HIV Kit",Uni-Gold,no_dosage,Test kit,20,423,13536.0,32.0,1.6,"Trinity Biotech, Plc",False,394.0,2346.5699999999997,15.93
3624,29725,106-HT-T30,FPQ-15038,SCMS-262911,ASN-31028,Haiti,PMO - US,Direct Drop,EXW,Ocean,2014-10-22,2014-12-31,2015-05-09,2015-05-09,2015-05-11,ARV,Adult,Aurobindo Pharma Limited,"Efavirenz/Lamivudine/Tenofovir Disoproxil Fumarate 600/300/300mg, tablets, 30 Tabs",Efavirenz/Lamivudine/Tenofovir Disoproxil Fumarate,Generic,600/300/300mg,Tablet - FDC,30,26010,273105.0,10.5,0.35,"Aurobindo Unit VII, IN",True,3619.0,10101.17,280.75
3625,29727,106-HT-T30,FPQ-5725,SCMS-74760,ASN-7496,Haiti,PMO - US,Direct Drop,DDU,Truck,2010-05-26,2010-06-01,2010-06-28,2010-06-28,2010-06-28,HRDT,HIV test,REINBOLD EXPORT IMPORT,"HIV 1/2, Determine Kit without Lancets, Buffer or Caplillary Tubes, 100 Tests","HIV 1/2, Determine Kit without Lancets, Buffer or Capillary Tubes, 100 Tests",Determine,no_dosage,Test kit,100,1000,125000.0,125.0,1.25,INVERNESS ANY,True,342.0,0.0,269.5
3626,29734,106-HT-T30,FPQ-9636,SCMS-148360,ASN-16560,Haiti,PMO - US,Direct Drop,EXW,Ocean,2012-05-14,2012-07-03,2012-12-20,2012-12-20,2012-12-20,ARV,Pediatric,Aurobindo Pharma Limited,"Zidovudine 100mg, capsules, 100 Caps",Zidovudine,Generic,100mg,Capsule,100,1200,5520.0,4.6,0.05,"Aurobindo Unit III, India",True,6433.0,7727.85,7.74
3627,29752,108-VN-T30,FPQ-9577,SCMS-145531,ASN-16964,Vietnam,PMO - US,Direct Drop,EXW,Air,2012-04-11,2012-06-12,2012-11-26,2012-11-26,2012-11-26,ARV,Adult,MYLAN LABORATORIES LTD (FORMERLY MATRIX LABORATORIES),"Efavirenz/Lamivudine/Tenofovir Disoproxil Fumarate 600/300/300mg, tablets, 30 Tabs",Efavirenz/Lamivudine/Tenofovir Disoproxil Fumarate,Generic,600/300/300mg,Tablet - FDC,30,40000,520000.0,13.0,0.43,Mylan (formerly Matrix) Nashik,True,4233.0,6878.63,729.04
3628,29833,106-HT-T30,FPQ-13797,SCMS-233970,ASN-27793,Haiti,PMO - US,Direct Drop,EXW,Air,2014-03-20,2014-04-30,2014-10-14,2014-10-14,2014-10-20,ARV,Pediatric,CIPLA LIMITED,"Lamivudine/Nevirapine/Zidovudine 30/50/60mg, dispersible tablets, 60 Tabs",Lamivudine/Nevirapine/Zidovudine,Generic,30/50/60mg,Chewable/dispersible tablet - FDC,60,1926,6933.6,3.6,0.06,"Cipla, Goa, India",True,192.0,2971.3,7.13
3629,29848,116-ZA-T30,FPQ-11828,SCMS-183950,ASN-19166,South Africa,South Africa Field Office,Direct Drop,DDP,Truck,2013-03-18,2012-10-16,2013-04-16,2013-04-16,2013-04-16,ARV,Adult,S. BUYS WHOLESALER,"Stavudine 20mg [Zerit], capsules, 60 Caps",Stavudine,Zerit,20mg,Capsule,60,4,20.72,5.18,0.09,Bristol-Myers Squibb Anagni IT,False,78.0,0.0,0.03
3630,29880,108-VN-T30,FPQ-15692,SCMS-274370,ASN-32258,Vietnam,PMO - US,Direct Drop,EXW,Air,2015-01-28,2015-02-17,2015-07-13,2015-07-13,2015-07-14,ARV,Adult,HETERO LABS LIMITED,"Lamivudine 150mg, tablets, 60 Tabs",Lamivudine,Generic,150mg,Tablet,60,15400,27720.0,1.8,0.03,Hetero Unit III Hyderabad IN,True,2486.0,3775.5,32.63
3631,29913,101-CD-T30,FPQ-11043,SCMS-168010,ASN-18081,"Congo, DRC",PMO - US,Direct Drop,EXW,Air,2012-11-16,2012-12-06,2013-07-29,2013-07-29,2013-07-29,HRDT,HIV test,"Trinity Biotech, Plc","HIV 1/2, Uni-Gold HIV Kit, 20 Tests","HIV 1/2, Uni-Gold HIV Kit",Uni-Gold,no_dosage,Test kit,20,362,11584.0,32.0,1.6,"Trinity Biotech, Plc",True,134.0,1941.34,14.33
3632,29925,114-UG-T30,FPQ-12154,SCMS-188330,ASN-20238,Uganda,PMO - US,Direct Drop,EXW,Air,2013-04-23,2013-05-09,2013-07-11,2013-07-11,2013-07-11,HRDT,HIV test,"Orgenics, Ltd","HIV 1/2, Determine Complete HIV Kit, 100 Tests","HIV 1/2, Determine Complete HIV Kit",Determine,no_dosage,Test kit,100,2788,223040.0,80.0,0.8,"Alere Medical Co., Ltd.",True,1215.0,16337.03,275.9
3633,29932,161-ZA-T30,FPQ-6262,SCMS-83790,ASN-9181,South Africa,PMO - US,Direct Drop,DDP,Ocean,2010-08-31,2010-09-24,2011-01-31,2011-01-31,2011-01-31,ARV,Adult,Aurobindo Pharma Limited,"Lamivudine 150mg, tablets, 60 Tabs",Lamivudine,Generic,150mg,Tablet,60,238627,565545.99,2.37,0.04,"Aurobindo Unit III, India",True,12045.0,17266.59,1219.32
3634,29938,105-GH-T30,FPQ-13872,SCMS-235800,ASN-26464,Ghana,PMO - US,Direct Drop,EXW,Air,2014-03-24,2014-04-23,2014-07-17,2014-07-24,2014-07-31,ARV,Adult,STRIDES ARCOLAB LIMITED,"Efavirenz 600mg, tablets, 30 Tabs",Efavirenz,Generic,600mg,Tablet,30,60000,191400.0,3.19,0.11,"Strides, Bangalore, India.",True,3862.0,31401.36,196.76
3635,29951,114-UG-T30,FPQ-12154,SCMS-188330,ASN-20242,Uganda,PMO - US,Direct Drop,EXW,Air,2013-04-23,2013-05-09,2013-07-15,2013-07-15,2013-07-15,HRDT,HIV test - Ancillary,"Orgenics, Ltd","Capillary Tubes, for Determine, EDTA, 50uL,100 Pcs","HIV, Capillary Tubes, for Determine, EDTA, 50uL,100 Pcs",Determine,no_dosage,Test kit - Ancillary,100,1727,13816.0,8.0,0.08,"Alere Medical Co., Ltd.",True,130.0,534.86,17.09
3636,29957,116-ZA-T30,FPQ-4359,SCMS-54980,ASN-5373,South Africa,PMO - US,Direct Drop,DDP,Truck,2009-10-08,2009-10-15,2009-10-19,2009-10-19,2009-10-19,ARV,Pediatric,S. BUYS WHOLESALER,"Zidovudine 10mg/ml [Retrovir], oral solution, Bottle, 200 ml",Zidovudine,Retrovir,10mg/ml,Oral solution,200,500,3894.27,7.79,0.04,GSK Mississauga (Canada),False,83.0,0.0,7.63
3637,29963,106-HT-T30,FPQ-11442,SCMS-177182,ASN-19520,Haiti,PMO - US,Direct Drop,EXW,Air,2013-01-30,2013-03-11,2013-06-10,2013-06-10,2013-06-10,ARV,Pediatric,Aurobindo Pharma Limited,"Abacavir 20mg/ml, oral solution w/syringe, Bottle, 240 ml",Abacavir,Generic,20mg/ml,Oral solution,240,255,1741.65,6.83,0.03,"Aurobindo Unit III, India",False,162.5,2946.7200000000003,2.15
3638,29968,107-RW-T30,FPQ-6417,SCMS-86430,ASN-8406,Rwanda,PMO - US,Direct Drop,EXW,Air,2010-09-20,2010-09-21,2010-10-20,2010-10-20,2010-10-20,HRDT,HIV test,"Standard Diagnostics, Inc.","HIV 1/2, Bioline 3.0 Kit, (no accessories), 30 Tests","HIV 1/2, Bioline 3.0 Kit (no accessories)",Bioline,no_dosage,Test kit,30,1700,40800.0,24.0,0.8,"Standard Diagnostics, Korea",True,604.0,8823.41,87.96
3639,29979,108-VN-T30,FPQ-6384,SCMS-87750,ASN-9090,Vietnam,PMO - US,Direct Drop,EXW,Air,2010-09-30,2010-10-14,2010-12-21,2010-12-21,2010-12-21,ARV,Adult,MYLAN LABORATORIES LTD (FORMERLY MATRIX LABORATORIES),"Abacavir 300mg, tablets, 60 Tabs",Abacavir,Generic,300mg,Tablet,60,270,4050.0,15.0,0.25,Mylan (formerly Matrix) Nashik,True,358.0,5294.24,8.73
3640,29983,116-ZA-T30,FPQ-13973,SCMS-238550,ASN-30792,South Africa,PMO - US,Direct Drop,DDP,Truck,2014-04-30,2014-05-08,2015-02-19,2015-02-19,2015-02-19,ARV,Adult,PHARMACY DIRECT,"Emtricitabine/Tenofovir Disoproxil Fumarate 200/300mg, tablets, 30 Tabs",Emtricitabine/Tenofovir Disoproxil Fumarate,Generic,200/300mg,Tablet - FDC,30,3,90.63,30.21,1.01,"Aurobindo Unit III, India",False,1.0,0.0,0.09
3641,30022,114-UG-T30,FPQ-11141,SCMS-173460,ASN-18714,Uganda,PMO - US,Direct Drop,EXW,Air,2012-12-13,2013-02-05,2013-03-28,2013-03-28,2013-03-28,ARV,Adult,Aurobindo Pharma Limited,"Didanosine 250mg, delayed-release capsules, 30 Caps",Didanosine,Generic,250mg,Delayed-release capsules,30,677,8801.0,13.0,0.43,"Aurobindo Unit III, India",True,46.0,1458.88,10.89
3642,30030,108-VN-T30,FPQ-5899,SCMS-77250,ASN-8909,Vietnam,PMO - US,Direct Drop,EXW,Air,2010-06-23,2010-07-01,2010-12-08,2010-12-08,2010-12-08,ARV,Adult,Aurobindo Pharma Limited,"Zidovudine 300mg, tablets, 60 Tabs",Zidovudine,Generic,300mg,Tablet,60,168,1218.0,7.25,0.12,"Aurobindo Unit III, India",False,23.0,4400.805,2.63
3643,30065,133-NG-T30,FPQ-6606,SCMS-91790,ASN-8940,Nigeria,PMO - US,Direct Drop,EXW,Air,2010-10-29,2010-11-09,2010-12-17,2010-12-17,2010-12-17,HRDT,HIV test,"Trinity Biotech, Plc","HIV 1/2, Uni-Gold HIV Kit, 20 Tests","HIV 1/2, Uni-Gold HIV Kit",Uni-Gold,no_dosage,Test kit,20,3750,120000.0,32.0,1.6,"Trinity Biotech, Plc",True,1072.0,16036.98,198.0
3644,30075,901-CM-T30,FPQ-12528,SCMS-196490,ASN-20983,Cameroon,PMO - US,Direct Drop,EXW,Air,2013-06-21,2013-06-28,2013-08-28,2013-08-28,2013-08-28,ARV,Adult,CIPLA LIMITED,"Lamivudine/Nevirapine/Zidovudine 150/200/300mg, tablets, 60 Tabs",Lamivudine/Nevirapine/Zidovudine,Generic,150/300/200mg,Tablet - FDC,60,42452,343861.2,8.1,0.13,"Cipla, Goa, India",True,5753.0,49502.92,425.36
3645,30084,116-ZA-T30,FPQ-13035,SCMS-215370,ASN-24415,South Africa,PMO - US,Direct Drop,DDP,Truck,2013-10-08,2013-12-02,2014-02-06,2014-02-06,2014-02-06,ARV,Adult,S. BUYS WHOLESALER,"Didanosine 250mg, delayed-release capsules, 30 Caps",Didanosine,Generic,250mg,Delayed-release capsules,30,7,105.7,15.1,0.5,"Aurobindo Unit III, India",False,668.5,0.0,0.13
3646,30103,116-ZA-T30,FPQ-14942,SCMS-259073,ASN-30671,South Africa,PMO - US,Direct Drop,DDP,Truck,2014-09-11,2015-02-12,2015-02-12,2015-02-12,2015-02-12,ARV,Adult,PHARMACY DIRECT,"Efavirenz 600mg, tablets, 30 Tabs",Efavirenz,Generic,600mg,Tablet,30,154,1735.52,11.27,0.38,"Aurobindo Unit III, India",False,668.5,0.0,1.78
3647,30112,200-ZW-T30,FPQ-6488,SCMS-90670,ASN-11751,Zimbabwe,PMO - US,Direct Drop,FCA,Air,2010-10-26,2010-11-10,2011-09-15,2011-09-15,2011-09-15,ARV,Pediatric,ABBVIE LOGISTICS (FORMERLY ABBOTT LOGISTICS BV),"Lopinavir/Ritonavir 80/20mg/ml [Kaletra], oral solution, cool, Bottle 5 x 60 ml",Lopinavir/Ritonavir,Kaletra,80/20mg/ml,Oral solution,300,2502,90472.32,36.16,0.12,ABBVIE (Abbott) Logis. UK,True,2364.0,16956.86,195.06
3648,30119,114-UG-T30,FPQ-11153,SCMS-171910,ASN-18485,Uganda,PMO - US,Direct Drop,FCA,Air,2012-12-13,2013-01-11,2013-03-12,2013-03-12,2013-03-12,ARV,Adult,ABBVIE LOGISTICS (FORMERLY ABBOTT LOGISTICS BV),"Ritonavir 100mg [Norvir], film coated tablets, 60 Tabs",Ritonavir,Norvir,100mg,Tablet,60,295,2020.75,6.85,0.11,ABBVIE Ludwigshafen Germany,True,36.0,876.99,2.5
3649,30130,109-TZ-T30,FPQ-14049,SCMS-239380,ASN-27718,Tanzania,PMO - US,Direct Drop,FCA,Air,2014-04-11,2014-05-16,2014-10-02,2014-10-02,2014-10-03,ARV,Pediatric,ABBVIE LOGISTICS (FORMERLY ABBOTT LOGISTICS BV),"Lopinavir/Ritonavir 100/25mg [Aluvia], tablets, 60 Tabs",Lopinavir/Ritonavir,Generic,100/25mg,Tablet,60,546,3243.24,5.94,0.1,ABBVIE Ludwigshafen Germany,False,108.0,8925.0,3.33
3650,30159,114-UG-T30,FPQ-12154,SCMS-188330,ASN-20239,Uganda,PMO - US,Direct Drop,EXW,Air,2013-04-23,2013-05-09,2013-07-11,2013-07-11,2013-07-11,HRDT,HIV test,"Orgenics, Ltd","HIV 1/2, Determine Complete HIV Kit, 100 Tests","HIV 1/2, Determine Complete HIV Kit",Determine,no_dosage,Test kit,100,2845,227600.0,80.0,0.8,"Alere Medical Co., Ltd.",True,1239.0,16337.03,281.54
3651,30164,104-CI-T30,FPQ-3967,SCMS-52690,ASN-5488,Côte d'Ivoire,PMO - US,Direct Drop,CIP,Air,2009-08-21,2009-09-14,2009-11-25,2009-11-25,2009-11-25,ARV,Pediatric,BRISTOL-MYERS SQUIBB,"Didanosine 50mg [Videx], chewable tablets, 60 Tabs",Didanosine,Videx,50mg,Chewable/dispersible tablet,60,300,2850.0,9.5,0.16,"BMS Meymac, France",True,42.0,0.0,5.59
3652,30186,108-VN-T30,FPQ-5899,SCMS-77270,ASN-7730,Vietnam,PMO - US,Direct Drop,EXW,Air,2010-06-23,2010-06-30,2010-11-03,2010-11-03,2010-11-03,ARV,Adult,MYLAN LABORATORIES LTD (FORMERLY MATRIX LABORATORIES),"Abacavir 300mg, tablets, 60 Tabs",Abacavir,Generic,300mg,Tablet,60,200,3148.0,15.74,0.26,Mylan (formerly Matrix) Nashik,True,22.0,3587.81,6.79
3653,30211,107-RW-T30,FPQ-9217,SCMS-152020,ASN-15941,Rwanda,PMO - US,Direct Drop,EXW,Air,2012-02-13,2012-07-04,2012-08-22,2012-08-22,2012-08-22,ARV,Adult,Aurobindo Pharma Limited,"Didanosine 400mg, delayed-release capsules, 30 Caps",Didanosine,Generic,400mg,Delayed-release capsules,30,1008,20160.0,20.0,0.67,"Aurobindo Unit III, India",True,213.0,3024.36,28.26
3654,30213,107-RW-T30,FPQ-6341,SCMS-84910,ASN-10140,Rwanda,PMO - US,Direct Drop,EXW,Air,2010-09-03,2010-09-27,2011-04-08,2011-04-08,2011-04-08,ARV,Pediatric,Aurobindo Pharma Limited,"Zidovudine 10mg/ml, oral solution, Bottle, 240 ml",Zidovudine,Generic,10mg/ml,Oral solution,240,1992,4183.2,2.1,0.01,"Aurobindo Unit III, India",True,777.0,6400.44,9.02
3655,30220,106-HT-T30,FPQ-14895,SCMS-261710,ASN-30231,Haiti,PMO - US,Direct Drop,EXW,Air,2014-09-24,2014-11-14,2015-02-06,2015-02-06,2015-02-06,ARV,Adult,HETERO LABS LIMITED,"Lamivudine 150mg, tablets, 60 Tabs",Lamivudine,Generic,150mg,Tablet,60,1440,2592.0,1.8,0.03,Hetero Unit III Hyderabad IN,True,99.0,1497.53,2.66
3656,30223,107-RW-T30,FPQ-10223,SCMS-152910,ASN-15895,Rwanda,PMO - US,Direct Drop,EXW,Air,2012-07-05,2012-07-16,2012-09-09,2012-09-09,2012-09-09,ARV,Adult,Aurobindo Pharma Limited,"Nevirapine 200mg, tablets, 60 Tabs",Nevirapine,Generic,200mg,Tablet,60,26441,59492.25,2.25,0.04,"Aurobindo Unit III, India",True,2520.0,25593.87,83.41
3657,30226,111-MZ-T30,FPQ-9955,SCMS-148180,ASN-16096,Mozambique,PMO - US,Direct Drop,EXW,Air,2012-05-28,2012-06-13,2012-09-04,2012-09-04,2012-09-04,HRDT,HIV test,"Orgenics, Ltd","HIV 1/2, Determine Complete HIV Kit, 100 Tests","HIV 1/2, Determine Complete HIV Kit",Determine,no_dosage,Test kit,100,5500,440000.0,80.0,0.8,"Alere Medical Co., Ltd.",True,14938.0,43304.68,616.88
3658,30237,114-UG-T30,FPQ-12154,SCMS-188330,ASN-20242,Uganda,PMO - US,Direct Drop,EXW,Air,2013-04-23,2013-05-09,2013-07-15,2013-07-15,2013-07-15,HRDT,HIV test - Ancillary,"Orgenics, Ltd","HIV, Lancet, Safety, for HIV Test kits, 100 Pcs","HIV, Lancet, Safety, for HIV Test kits, 100 Pcs",Generic,no_dosage,Test kit - Ancillary,100,864,4320.0,5.0,0.05,"Alere Medical Co., Ltd.",False,394.0,2485.92,5.34
3659,30248,116-ZA-T30,FPQ-13973,SCMS-238552,ASN-27606,South Africa,PMO - US,Direct Drop,DDP,Truck,2014-04-30,2014-08-05,2014-08-05,2014-08-05,2014-08-05,ARV,Adult,PHARMACY DIRECT,"Nevirapine 200mg, tablets, 60 Tabs",Nevirapine,Generic,200mg,Tablet,60,12,212.96,17.75,0.3,"Aurobindo Unit III, India",True,48.0,0.0,0.22
3660,30256,108-VN-T30,FPQ-5317,SCMS-69520,ASN-7485,Vietnam,PMO - US,Direct Drop,EXW,Air,2010-03-22,2010-03-29,2010-08-03,2010-08-03,2010-08-03,ARV,Adult,STRIDES ARCOLAB LIMITED,"Nevirapine 200mg, tablets, 60 Tabs",Nevirapine,Generic,200mg,Tablet,60,4065,10569.0,2.6,0.04,"Strides, Bangalore, India.",True,497.0,6269.65,22.79
3661,30257,102-ML-T30,FPQ-10104,SCMS-153780,ASN-16454,Mali,PMO - US,Direct Drop,EXW,Air,2012-07-05,2012-07-31,2012-10-19,2012-10-19,2012-10-19,HRDT,HIV test,"Orgenics, Ltd","HIV 1/2, Determine Complete HIV Kit, 100 Tests","HIV 1/2, Determine Complete HIV Kit",Determine,no_dosage,Test kit,100,184,14720.0,80.0,0.8,"Alere Medical Co., Ltd.",True,84.0,3252.26,20.64
3662,30274,106-HT-T30,FPQ-12041,SCMS-189140,ASN-20329,Haiti,PMO - US,Direct Drop,EXW,Air,2013-04-26,2013-05-21,2013-07-17,2013-07-17,2013-07-17,HRDT,HIV test,"Orgenics, Ltd","HIV 1/2, Determine Complete HIV Kit, 100 Tests","HIV 1/2, Determine Complete HIV Kit",Determine,no_dosage,Test kit,100,4000,400000.0,100.0,1.0,"Alere Medical Co., Ltd.",True,1740.0,24069.99,494.8
3663,30320,105-SS-T30,FPQ-9807,SCMS-147640,ASN-15985,South Sudan,PMO - US,Direct Drop,EXW,Air,2012-05-18,2012-06-20,2012-09-20,2012-09-20,2012-09-20,HRDT,HIV test,"Orgenics, Ltd","HIV 1/2, Determine Complete HIV Kit, 100 Tests","HIV 1/2, Determine Complete HIV Kit",Determine,no_dosage,Test kit,100,695,61855.0,89.0,0.89,"Alere Medical Co., Ltd.",True,351.0,6445.68,86.72
3664,30349,110-ZM-T30,FPQ-12845,SCMS-205510,ASN-21846,Zambia,PMO - US,Direct Drop,EXW,Air,2013-08-20,2013-09-11,2013-11-20,2013-11-20,2013-11-21,HRDT,HIV test,"Trinity Biotech, Plc","HIV 1/2, Uni-Gold HIV Kit, 20 Tests","HIV 1/2, Uni-Gold HIV Kit",Uni-Gold,no_dosage,Test kit,20,4500,144000.0,32.0,1.6,"Trinity Biotech, Plc",True,1353.0,17507.94,178.13
3665,30363,105-SS-T30,FPQ-15569,SCMS-272160,ASN-31321,South Sudan,PMO - US,Direct Drop,EXW,Air,2014-12-29,2015-02-20,2015-06-03,2015-06-03,2015-06-05,HRDT,HIV test,"Orgenics, Ltd","HIV 1/2, Determine Complete HIV Kit, 100 Tests","HIV 1/2, Determine Complete HIV Kit",Determine,no_dosage,Test kit,100,90,8010.0,89.0,0.89,"Alere Medical Co., Ltd.",True,39.0,2575.925,9.43
3666,30388,106-HT-T30,FPQ-11442,SCMS-177110,ASN-19116,Haiti,PMO - US,Direct Drop,FCA,Air,2013-01-30,2013-02-11,2013-05-03,2013-05-03,2013-05-03,ARV,Adult,ABBVIE LOGISTICS (FORMERLY ABBOTT LOGISTICS BV),"Ritonavir 100mg [Norvir], film coated tablets, 60 Tabs",Ritonavir,Norvir,100mg,Tablet,60,240,1644.0,6.85,0.11,ABBVIE Ludwigshafen Germany,True,30.0,877.61,2.03
3667,30412,102-KE-T30,FPQ-9127,SCMS-134420,ASN-13663,Kenya,PMO - US,Direct Drop,EXW,Air,2012-01-13,2012-01-19,2012-03-13,2012-03-13,2012-03-13,HRDT,HIV test,Premier Medical Corporation Ltd.,"HIV 1/2/O, First Response HIV 1-2.0, v.3.0 Cards Kit, 30 Tests","HIV 1/2/O, First Response HIV 1-2.0, v.3.0 Cards Kit",First Response,no_dosage,Test kit,30,50,1170.0,23.4,0.78,Premier Med. Corp Ltd. India,True,18.0,2644.79,1.64
3668,30462,116-ZA-T30,FPQ-3596,SCMS-50360,ASN-5453,South Africa,PMO - US,Direct Drop,DDP,Truck,2009-05-07,2009-09-22,2009-10-28,2009-10-28,2009-10-28,ARV,Pediatric,S. BUYS WHOLESALER,"Stavudine 1mg/ml, powder for oral solution, 200 ml",Stavudine,Generic,1mg/ml,Oral solution,200,500,1368.58,2.74,0.01,"Aurobindo Unit III, India",True,83.0,0.0,2.68
3669,30475,102-BW-T30,FPQ-5352,SCMS-75630,ASN-7750,Botswana,PMO - US,Direct Drop,EXW,Air,2010-03-30,2010-06-08,2010-09-06,2010-09-06,2010-09-06,HRDT,HIV test,"Orgenics, Ltd","HIV 1/2, Determine Complete HIV Kit, 100 Tests","HIV 1/2, Determine Complete HIV Kit",Determine,no_dosage,Test kit,100,10,800.0,80.0,0.8,Inverness Japan,True,5.0,760.22,1.72
3670,30494,110-ZM-T30,FPQ-14827,SCMS-256510,ASN-29094,Zambia,PMO - US,Direct Drop,EXW,Air,2014-08-19,2014-09-19,2015-03-11,2015-03-26,2015-04-01,HRDT,HIV test,"Orgenics, Ltd","HIV 1/2, Determine Complete HIV Kit, 100 Tests","HIV 1/2, Determine Complete HIV Kit",Determine,no_dosage,Test kit,100,6314,505120.0,80.0,0.8,"Alere Medical Co., Ltd.",True,2561.0,35696.95,519.26
3671,30508,107-RW-T30,FPQ-7520,SCMS-106800,ASN-10852,Rwanda,PMO - US,Direct Drop,EXW,Air,2011-04-03,2011-04-28,2011-06-28,2011-06-28,2011-06-28,HRDT,HIV test,"Trinity Biotech, Plc","HIV 1/2, Uni-Gold HIV Kit, 20 Tests","HIV 1/2, Uni-Gold HIV Kit",Uni-Gold,no_dosage,Test kit,20,240,7680.0,32.0,1.6,"Trinity Biotech, Plc",True,83.0,1215.46,12.67
3672,30514,116-ZA-T30,FPQ-11828,SCMS-183950,ASN-19166,South Africa,South Africa Field Office,Direct Drop,DDP,Truck,2013-03-18,2012-10-16,2013-04-16,2013-04-16,2013-04-16,ARV,Adult,S. BUYS WHOLESALER,"Abacavir 300mg, tablets, 60 Tabs",Abacavir,Generic,300mg,Tablet,60,45,1175.15,26.11,0.44,"Cipla, Patalganga, India",False,13.0,0.0,1.45
3673,30519,133-NG-T30,FPQ-10765,SCMS-162430,ASN-17824,Nigeria,PMO - US,Direct Drop,EXW,Air,2012-10-05,2012-10-16,2013-02-01,2013-02-01,2013-02-01,HRDT,HIV test,"Trinity Biotech, Plc","HIV 1/2, Uni-Gold HIV Kit, 20 Tests","HIV 1/2, Uni-Gold HIV Kit",Uni-Gold,no_dosage,Test kit,20,24510,784320.0,32.0,1.6,"Trinity Biotech, Plc",True,8273.0,94267.77,1099.62
3674,30561,133-NG-T30,FPQ-12812,SCMS-210350,ASN-22882,Nigeria,PMO - US,Direct Drop,EXW,Air,2013-08-13,2013-11-01,2013-12-23,2013-12-16,2013-12-16,HRDT,HIV test,"Orgenics, Ltd","HIV 1/2, Determine Complete HIV Kit, 100 Tests","HIV 1/2, Determine Complete HIV Kit",Determine,no_dosage,Test kit,100,9347,831883.0,89.0,0.89,"Alere Medical Co., Ltd.",True,3090.0,60185.33,1029.04
3675,30573,900-CM-T30,FPQ-10654,SCMS-161730,ASN-17092,Cameroon,PMO - US,Direct Drop,EXW,Air,2012-09-20,2012-10-05,2012-12-25,2012-12-25,2012-12-25,ARV,Adult,HETERO LABS LIMITED,"Lamivudine/Tenofovir Disoproxil Fumarate 300/300mg, tablets, 30 Tabs",Lamivudine/Tenofovir Disoproxil Fumarate,Generic,300/300mg,Tablet - FDC,30,38208,179959.68,4.71,0.16,Hetero Unit III Hyderabad IN,True,4289.0,30395.15,252.3
3676,30589,116-ZA-T30,FPQ-14942,SCMS-259078,ASN-33470,South Africa,PMO - US,Direct Drop,DDP,Truck,2014-09-11,2014-10-09,2015-07-24,2015-07-24,2015-07-24,ARV,Pediatric,PHARMACY DIRECT,"Efavirenz 200mg, capsule, 90 Caps",Efavirenz,Generic,200mg,Capsule,90,10,182.5,18.25,0.2,"Aurobindo Unit III, India",False,38.0,0.0,0.19
3677,30601,110-ZM-T30,FPQ-4691,SCMS-60711,ASN-6614,Zambia,PMO - US,Direct Drop,EXW,Air,2009-12-16,2009-12-22,2010-05-03,2010-04-23,2010-04-23,HRDT,HIV test,"Orgenics, Ltd","HIV 1/2, Determine Complete HIV Kit, 100 Tests","HIV 1/2, Determine Complete HIV Kit",Determine,no_dosage,Test kit,100,2700,194400.0,72.0,0.72,Inverness Japan,True,1304.0,19502.09,419.13
3678,30615,110-ZM-T30,FPQ-8315,SCMS-120570,ASN-13034,Zambia,PMO - US,Direct Drop,EXW,Air,2011-08-31,2011-09-22,2011-12-20,2011-12-20,2011-12-20,HRDT,HIV test,"Orgenics, Ltd","HIV 1/2, Determine Complete HIV Kit, 100 Tests","HIV 1/2, Determine Complete HIV Kit",Determine,no_dosage,Test kit,100,2604,208320.0,80.0,0.8,"Alere Medical Co., Ltd.",True,1239.0,22650.58,343.73
3679,30618,108-VN-T30,FPQ-9001,SCMS-131700,ASN-14757,Vietnam,PMO - US,Direct Drop,EXW,Air,2011-12-15,2012-01-16,2012-05-15,2012-05-15,2012-05-15,ARV,Adult,MYLAN LABORATORIES LTD (FORMERLY MATRIX LABORATORIES),"Abacavir 300mg, tablets, 60 Tabs",Abacavir,Generic,300mg,Tablet,60,632,8216.0,13.0,0.22,Mylan (formerly Matrix) Nashik,True,4669.0,8334.77,11.52
3680,30629,133-NG-T30,FPQ-10349,SCMS-155320,ASN-16930,Nigeria,PMO - US,Direct Drop,EXW,Air,2012-07-17,2012-08-13,2012-11-06,2012-11-08,2012-11-08,HRDT,HIV test,"Orgenics, Ltd","HIV 1/2, Determine Complete HIV Kit, 100 Tests","HIV 1/2, Determine Complete HIV Kit",Determine,no_dosage,Test kit,100,614,54646.0,89.0,0.89,"Alere Medical Co., Ltd.",True,295.0,7444.13,76.61
3681,30633,161-ZA-T30,FPQ-5303,SCMS-68940,ASN-8001,South Africa,PMO - US,Direct Drop,DDP,Air,2010-03-18,2010-03-19,2010-09-07,2010-10-15,2010-10-15,ARV,Adult,Aurobindo Pharma Limited,"Efavirenz 600mg, tablets, 30 Tabs",Efavirenz,Generic,600mg,Tablet,30,40135,187430.45,4.67,0.16,"Aurobindo Unit III, India",True,3764.0,4263.07,404.1
3682,30649,116-ZA-T30,FPQ-4770,SCMS-60170,ASN-5933,South Africa,PMO - US,Direct Drop,DDP,Truck,2009-12-17,2009-12-23,2009-12-29,2009-12-29,2009-12-29,ARV,Adult,S. BUYS WHOLESALER,"Efavirenz 600mg, tablets, 30 Tabs",Efavirenz,Generic,600mg,Tablet,30,2700,52283.01,19.36,0.65,"Cipla, Goa, India",False,216.5,0.0,112.72
3683,30717,116-ZA-T30,FPQ-14942,SCMS-259077,ASN-33477,South Africa,PMO - US,Direct Drop,DDP,Truck,2014-09-11,2014-10-09,2015-07-24,2015-07-24,2015-07-24,ARV,Adult,PHARMACY DIRECT,"Emtricitabine/Tenofovir Disoproxil Fumarate 200/300mg, tablets, 30 Tabs",Emtricitabine/Tenofovir Disoproxil Fumarate,Generic,200/300mg,Tablet - FDC,30,12,261.97,21.83,0.73,"Aurobindo Unit III, India",False,48.0,0.0,0.27
3684,30720,107-RW-T30,FPQ-8263,SCMS-119630,ASN-12660,Rwanda,PMO - US,Direct Drop,EXW,Air,2011-08-19,2011-08-29,2011-12-13,2011-12-13,2011-12-13,HRDT,HIV test,"Trinity Biotech, Plc","HIV 1/2, Uni-Gold HIV Kit, 20 Tests","HIV 1/2, Uni-Gold HIV Kit",Uni-Gold,no_dosage,Test kit,20,873,27936.0,32.0,1.6,"Trinity Biotech, Plc",True,296.0,6318.92,46.09
3685,30724,116-ZA-T30,FPQ-12522,SCMS-199289,ASN-28037,South Africa,PMO - US,Direct Drop,DDP,Truck,2013-07-11,2014-08-29,2014-08-29,2014-08-29,2014-08-29,ARV,Adult,S. BUYS WHOLESALER,"Lamivudine 150mg, tablets, 60 Tabs",Lamivudine,Generic,150mg,Tablet,60,564,5502.98,9.76,0.16,Hetero Unit III Hyderabad IN,False,2078.0,0.0,6.81
3686,30728,116-ZA-T30,FPQ-4770,SCMS-60170,ASN-5934,South Africa,PMO - US,Direct Drop,DDP,Truck,2009-12-17,2009-12-23,2009-12-28,2009-12-28,2009-12-28,ARV,Pediatric,S. BUYS WHOLESALER,"Efavirenz 200mg, capsule, 90 Caps",Efavirenz,Generic,200mg,Capsule,90,40,1303.06,32.58,0.36,"Aurobindo Unit III, India",False,56.5,0.0,2.81
3687,30784,200-DO-T30,FPQ-6615,SCMS-93360,ASN-9857,Dominican Republic,PMO - US,Direct Drop,EXW,Air,2010-11-10,2010-12-01,2011-03-08,2011-03-08,2011-03-08,ARV,Adult,Aurobindo Pharma Limited,"Lopinavir/Ritonavir 200/50mg, tablets, 120 Tabs",Lopinavir/Ritonavir,Generic,200/50mg,Tablet,120,9242,323470.0,35.0,0.29,"Aurobindo Unit III, India",True,2373.0,16173.9,533.73
3688,30788,103-ZW-T30,FPQ-12094,SCMS-186820,ASN-21834,Zimbabwe,PMO - US,Direct Drop,FCA,Air,2013-04-19,2013-04-25,2013-10-24,2013-10-24,2013-10-24,ARV,Pediatric,LAWRENCE LABORATORIES (SUBSIDIARY OF BRISTOL MYERS SQUIBB),"Didanosine 25mg [Videx], chewable tablets, 60 Tabs",Didanosine,Videx,25mg,Chewable/dispersible tablet,60,747,5229.0,7.0,0.12,Bristol-Myers Squibb Anagni IT,True,169.0,2387.62,6.47
3689,30819,109-TZ-T30,FPQ-6936,SCMS-100650,ASN-10469,Tanzania,PMO - US,Direct Drop,EXW,Air,2010-12-27,2011-03-02,2011-06-01,2011-06-01,2011-06-01,HRDT,HIV test,"Orgenics, Ltd","HIV 1/2, Determine Complete HIV Kit, 100 Tests","HIV 1/2, Determine Complete HIV Kit",Determine,no_dosage,Test kit,100,1250,100000.0,80.0,0.8,Inverness Japan,True,600.0,14398.69,165.0
3690,30842,103-ZW-T30,FPQ-15398,SCMS-264880,ASN-29747,Zimbabwe,PMO - US,Direct Drop,EXW,Air,2014-11-14,2014-11-17,2015-02-03,2015-02-03,2015-02-24,ARV,Pediatric,MYLAN LABORATORIES LTD (FORMERLY MATRIX LABORATORIES),"Lamivudine/Nevirapine/Zidovudine 30/50/60mg, dispersible tablets, 60 Tabs",Lamivudine/Nevirapine/Zidovudine,Generic,30/50/60mg,Chewable/dispersible tablet - FDC,60,813,2845.5,3.5,0.06,Mylan (formerly Matrix) Nashik,True,60.0,1344.94,3.35
3691,30850,102-SD-T30,FPQ-8261,SCMS-120450,ASN-13276,Sudan,PMO - US,Direct Drop,EXW,Air,2011-08-29,2011-09-14,2012-02-03,2012-02-03,2012-02-03,HRDT,HIV test,"Orgenics, Ltd","HIV 1/2, Determine Complete HIV Kit, 100 Tests","HIV 1/2, Determine Complete HIV Kit",Determine,no_dosage,Test kit,100,105,9345.0,89.0,0.89,"Alere Medical Co., Ltd.",True,49.0,1768.15,15.42
3692,30904,108-VN-T30,FPQ-15040,SCMS-263650,ASN-30555,Vietnam,PMO - US,Direct Drop,EXW,Air,2014-10-30,2014-12-08,2015-03-23,2015-03-26,2015-03-26,ARV,Adult,MYLAN LABORATORIES LTD (FORMERLY MATRIX LABORATORIES),"Efavirenz/Lamivudine/Tenofovir Disoproxil Fumarate 600/300/300mg, tablets, 30 Tabs",Efavirenz/Lamivudine/Tenofovir Disoproxil Fumarate,Generic,600/300/300mg,Tablet - FDC,30,22232,225654.8,10.15,0.34,Mylan (formerly Matrix) Nashik,True,2510.0,4363.06,231.97
3693,30915,107-RW-T30,FPQ-14813,SCMS-261782,ASN-33340,Rwanda,PMO - US,Direct Drop,EXW,Air,2014-10-09,2014-12-15,2015-08-28,2015-08-28,2015-08-30,ARV,Adult,EMCURE PHARMACEUTICALS LTD,"Atazanavir/Ritonavir 300/100mg, tablets, 30 Tabs",Atazanavir/Ritonavir,Generic,300/100mg,Tablet,30,16585,298530.0,18.0,0.6,"Emcure Plot No.P-2, I.T-B.T. Park, Phase II, MIDC, Hinjwadi, Pune, India",True,668.5,5865.805,306.89
3694,30942,161-ZA-T30,FPQ-5648,SCMS-75480,ASN-8380,South Africa,PMO - US,Direct Drop,DDP,Air,2010-06-02,2010-06-17,2010-12-13,2010-12-13,2010-12-13,ARV,Pediatric,Aurobindo Pharma Limited,"Nevirapine 10mg/ml, oral suspension w/syringe, Bottle, 240 ml",Nevirapine,Generic,10mg/ml,Oral suspension,240,9630,30334.5,3.15,0.01,"Aurobindo Unit III, India",True,3732.0,4876.34,65.4
3695,30974,108-VN-T30,FPQ-12051,SCMS-188580,ASN-21380,Vietnam,PMO - US,Direct Drop,FCA,Air,2013-05-03,2013-08-19,2013-09-16,2013-09-16,2013-09-16,ARV,Adult,ABBVIE LOGISTICS (FORMERLY ABBOTT LOGISTICS BV),"Ritonavir 100mg [Norvir], film coated tablets, 30 Tabs",Ritonavir,Norvir,100mg,Tablet,30,429,9978.54,23.26,0.78,ABBVIE Ludwigshafen Germany,True,43.0,421.24,12.34
3696,30977,114-UG-T30,FPQ-14070,SCMS-237170,ASN-26329,Uganda,PMO - US,Direct Drop,EXW,Air,2014-04-10,2014-04-30,2014-06-26,2014-06-26,2014-06-26,HRDT,HIV test,BIO-RAD LABORATORIES (FRANCE),"HIV 1/2, Genie III Kit, 50 Tests","HIV 1/2, Genie III Kit",Genie,no_dosage,Test kit,50,30,2982.0,99.4,1.99,Bio-Rad Laboratories,True,19.0,846.03,3.07
3697,30982,107-RW-T30,FPQ-8263,SCMS-119641,ASN-13528,Rwanda,PMO - US,Direct Drop,EXW,Air,2011-08-19,2011-08-29,2012-02-13,2012-02-13,2012-02-13,HRDT,HIV test,"Orgenics, Ltd","HIV 1/2, Determine HIV Kit, without Lancets, 100 Tests","HIV 1/2, Determine HIV Kit, without Lancets",Determine,no_dosage,Test kit,100,6000,466200.0,77.7,0.78,Inverness Japan,True,1362.0,62458.88,769.23
3698,30998,102-BW-T30,FPQ-4903,SCMS-64790,ASN-6121,Botswana,PMO - US,Direct Drop,EXW,Air,2010-01-13,2010-02-05,2010-06-04,2010-06-04,2010-06-04,HRDT,HIV test,"Trinity Biotech, Plc","HIV 1/2, Uni-Gold HIV Kit, 20 Tests","HIV 1/2, Uni-Gold HIV Kit",Uni-Gold,no_dosage,Test kit,20,25,800.0,32.0,1.6,"Trinity Biotech, Plc",True,10.0,559.89,1.72
3699,31041,116-ZA-T30,FPQ-3560,SCMS-50950,ASN-5006,South Africa,PMO - US,Direct Drop,DDP,Truck,2009-05-07,2009-08-03,2009-09-03,2009-09-03,2009-09-03,ARV,Adult,S. BUYS WHOLESALER,"Tenofovir Disoproxil Fumarate 300mg [Viread], tablets, 30 Tabs",Tenofovir Disoproxil Fumarate,Viread,300mg,Tablet,30,3700,98942.55,26.74,0.89,"Aspen-OSD, Port Elizabeth, SA",False,668.5,0.0,193.93
3700,31116,108-VN-T30,FPQ-6818,SCMS-97853,ASN-11408,Vietnam,PMO - US,Direct Drop,EXW,Air,2011-01-17,2011-02-15,2011-07-27,2011-07-27,2011-07-27,ARV,Adult,MYLAN LABORATORIES LTD (FORMERLY MATRIX LABORATORIES),"Lamivudine/Nevirapine/Zidovudine 150/200/300mg, tablets, 60 Tabs",Lamivudine/Nevirapine/Zidovudine,Generic,150/300/200mg,Tablet - FDC,60,18406,202466.0,11.0,0.18,Mylan (formerly Matrix) Nashik,True,2571.0,13880.57,334.07
3701,31146,108-VN-T30,FPQ-7898,SCMS-113610,ASN-13013,Vietnam,PMO - US,Direct Drop,EXW,Air,2011-06-27,2011-07-08,2011-12-20,2011-12-20,2011-12-20,ARV,Adult,STRIDES ARCOLAB LIMITED,"Lamivudine/Nevirapine/Zidovudine 150/200/300mg, tablets, 60 Tabs",Lamivudine/Nevirapine/Zidovudine,Generic,150/300/200mg,Tablet - FDC,60,9030,95718.0,10.6,0.18,"Strides, Bangalore, India.",True,1054.0,5726.24,157.93
3702,31156,101-CD-T30,FPQ-13548,SCMS-224840,ASN-24721,"Congo, DRC",PMO - US,Direct Drop,EXW,Air,2014-01-22,2014-01-28,2014-04-04,2014-04-04,2014-04-28,HRDT,HIV test,"Trinity Biotech, Plc","HIV 1/2, Uni-Gold HIV Kit, 20 Tests","HIV 1/2, Uni-Gold HIV Kit",Uni-Gold,no_dosage,Test kit,20,2,64.0,32.0,1.6,"Trinity Biotech, Plc",False,2.0,2346.5699999999997,0.07
3703,31177,117-ET-T30,FPQ-9096,SCMS-133380,ASN-16134,Ethiopia,PMO - US,Direct Drop,EXW,Air,2012-01-05,2012-01-23,2012-09-05,2012-09-05,2012-09-05,HRDT,HIV test,"CHEMBIO DIAGNOSTIC SYSTEMS, INC.","HIV 1/2, Stat-Pak HIV, Kit, 20 Tests","HIV 1/2, Stat-Pak HIV, Kit",Stat-Pak,no_dosage,Test kit,20,44,1276.0,29.0,1.45,Chembio Diagnostics Sys. Inc.,True,15.0,218.75,1.79
3704,31203,108-VN-T30,FPQ-9001,SCMS-131700,ASN-14757,Vietnam,PMO - US,Direct Drop,EXW,Air,2011-12-15,2012-01-16,2012-05-15,2012-05-15,2012-05-15,ARV,Pediatric,MYLAN LABORATORIES LTD (FORMERLY MATRIX LABORATORIES),"Lamivudine/Nevirapine/Zidovudine 30/50/60mg, dispersible tablets, 60 Tabs",Lamivudine/Nevirapine/Zidovudine,Generic,30/50/60mg,Chewable/dispersible tablet - FDC,60,13877,57589.55,4.15,0.07,Mylan (formerly Matrix) Nashik,False,668.5,4400.805,80.74
3705,31254,107-RW-T30,FPQ-13852,SCMS-236480,ASN-27662,Rwanda,PMO - US,Direct Drop,FCA,Air,2014-03-19,2014-04-24,2014-08-22,2014-08-22,2014-08-26,ARV,Adult,ABBVIE LOGISTICS (FORMERLY ABBOTT LOGISTICS BV),"Ritonavir 100mg [Norvir], film coated tablets, 60 Tabs",Ritonavir,Norvir,100mg,Tablet,60,3500,23975.0,6.85,0.11,ABBVIE Ludwigshafen Germany,True,442.0,6776.8,24.65
3706,31304,105-SS-T30,FPQ-11754,SCMS-181401,ASN-20649,South Sudan,PMO - US,Direct Drop,EXW,Air,2013-02-22,2013-04-01,2013-09-13,2013-09-13,2013-09-13,HRDT,HIV test - Ancillary,"Orgenics, Ltd","Chase Buffer, Determine, 100 Tests, 2.5ml x 1 Vial","Chase Buffer, Determine, 100 Tests, 2.5ml x 1 Vial",Determine,no_dosage,Test kit - Ancillary,1,45,225.0,5.0,5.0,"Alere Medical Co., Ltd.",False,29.0,2575.925,0.28
3707,31306,116-ZA-T30,FPQ-13973,SCMS-238551,ASN-26882,South Africa,PMO - US,Direct Drop,DDP,Truck,2014-04-30,2014-06-25,2014-06-25,2014-06-25,2014-06-25,ARV,Pediatric,PHARMACY DIRECT,"Efavirenz 50mg, capsule, 30 Caps",Efavirenz,Generic,50mg,Capsule,30,9,27.05,3.01,0.1,"Aurobindo Unit III, India",False,1.0,0.0,0.03
3708,31324,106-HT-T30,FPQ-16241,SCMS-288900,ASN-32495,Haiti,PMO - US,Direct Drop,EXW,Ocean,2015-05-05,2015-05-27,2015-08-10,2015-08-10,2015-08-11,ARV,Adult,HETERO LABS LIMITED,"Efavirenz/Lamivudine/Tenofovir Disoproxil Fumarate 600/300/300mg, tablets, 30 Tabs",Efavirenz/Lamivudine/Tenofovir Disoproxil Fumarate,Generic,600/300/300mg,Tablet - FDC,30,109350,1038825.0,9.5,0.32,Hetero Unit III Hyderabad IN,True,668.5,7785.125,1222.7
3709,31332,101-CD-T30,FPQ-14569,SCMS-250300,ASN-27786,"Congo, DRC",PMO - US,Direct Drop,EXW,Air,2014-07-23,2014-08-04,2015-02-05,2015-02-05,2015-02-11,ANTM,Malaria,IMRES B.V.,"Sulfadoxine/Pyrimethamine 500/25mg, tablets, 1000 Tabs",Sulfadoxine/Pyrimethamine,Generic,500/25mg,Tablet - FDC,1000,1370,37401.0,27.3,0.03,"Guilin OSD site, No 17, China",True,1125.0,9693.68,38.45
3710,31363,116-ZA-T30,FPQ-13035,SCMS-215370,ASN-24415,South Africa,PMO - US,Direct Drop,DDP,Truck,2013-10-08,2013-12-02,2014-02-06,2014-02-06,2014-02-06,ARV,Pediatric,S. BUYS WHOLESALER,"Lamivudine 10mg/ml, oral solution, Bottle, 240 ml",Lamivudine,Generic,10mg/ml,Oral solution,240,4,27.35,6.84,0.03,"Cipla, Goa, India",False,78.0,0.0,0.03
3711,31368,901-NA-T30,FPQ-14728,SCMS-252630,ASN-29183,Namibia,PMO - US,Direct Drop,EXW,Air,2014-07-30,2014-08-19,2014-11-25,2014-11-25,2014-11-26,ARV,Adult,MYLAN LABORATORIES LTD (FORMERLY MATRIX LABORATORIES),"Efavirenz/Emtricitabine/Tenofovir Disoproxil Fumarate 600/200/300mg, tablets, 30 Tabs",Efavirenz/Emtricitabine/Tenofovir Disoproxil Fumarate,Generic,600/200/300mg,Tablet - FDC,30,13000,136500.0,10.5,0.35,"Mylan,  H-12 & H-13, India",True,3575.0,17969.34,140.32
3712,31430,108-VN-T30,FPQ-13034,SCMS-210020,ASN-24765,Vietnam,PMO - US,Direct Drop,FCA,Air,2013-10-04,2013-10-10,2014-04-04,2014-04-04,2014-05-08,ARV,Adult,ABBVIE LOGISTICS (FORMERLY ABBOTT LOGISTICS BV),"Ritonavir 100mg [Norvir], film coated tablets, 30 Tabs",Ritonavir,Norvir,100mg,Tablet,30,100,2326.0,23.26,0.78,ABBVIE Ludwigshafen Germany,True,36.0,4400.805,2.88
3713,31462,107-RW-T30,FPQ-6185,SCMS-84390,ASN-9365,Rwanda,PMO - US,Direct Drop,CIP,Air,2010-09-03,2010-09-27,2011-01-10,2011-01-10,2011-01-10,ARV,Adult,Aurobindo Pharma Limited,"Didanosine 250mg, delayed-release capsules, 30 Caps",Didanosine,Generic,250mg,Delayed-release capsules,30,610,8082.5,13.25,0.44,"Aurobindo Unit III, India",True,708.0,0.0,17.43
3714,31473,116-ZA-T30,FPQ-12522,SCMS-199283,ASN-27978,South Africa,PMO - US,Direct Drop,DDP,Truck,2013-07-11,2014-08-27,2014-08-27,2014-08-27,2014-08-27,ARV,Pediatric,S. BUYS WHOLESALER,"Abacavir 20mg/ml, oral solution w/syringe, Bottle, 240 ml",Abacavir,Generic,20mg/ml,Oral solution,240,35,959.72,27.42,0.11,"Aurobindo Unit III, India",False,668.5,0.0,1.19
3715,31486,105-SS-T30,FPQ-11754,SCMS-181380,ASN-19391,South Sudan,PMO - US,Direct Drop,EXW,Air,2013-02-22,2013-04-01,2013-06-07,2013-06-07,2013-06-07,HRDT,HIV test,"Trinity Biotech, Plc","HIV 1/2, Uni-Gold HIV Kit, 20 Tests","HIV 1/2, Uni-Gold HIV Kit",Uni-Gold,no_dosage,Test kit,20,450,14400.0,32.0,1.6,"Trinity Biotech, Plc",True,146.0,2478.87,17.81
3716,31551,116-ZA-T30,FPQ-7176,SCMS-104420,ASN-11259,South Africa,PMO - US,Direct Drop,DDP,Ocean,2011-03-10,2011-04-01,2011-12-06,2011-12-06,2011-12-06,ARV,Adult,CIPLA LIMITED,"Nevirapine 200mg, tablets, 60 Tabs",Nevirapine,Generic,200mg,Tablet,60,6000,16320.0,2.72,0.05,"Cipla, Goa, India",True,638.0,654.72,26.93
3717,31561,116-ZA-T30,FPQ-12522,SCMS-199289,ASN-28033,South Africa,PMO - US,Direct Drop,DDP,Truck,2013-07-11,2014-08-29,2014-08-29,2014-08-29,2014-08-29,ARV,Adult,S. BUYS WHOLESALER,"Zidovudine 300mg, tablets, 60 Tabs",Zidovudine,Generic,300mg,Tablet,60,19,515.11,27.11,0.45,Mylan (formerly Matrix) Nashik,True,668.5,0.0,0.64
3718,31569,161-ZA-T30,FPQ-7175,SCMS-104020,ASN-12188,South Africa,PMO - US,Direct Drop,DDP,Ocean,2011-03-10,2011-03-28,2011-07-14,2011-11-18,2011-11-18,ARV,Adult,CIPLA LIMITED,"Tenofovir Disoproxil Fumarate 300mg, tablets, 30 Tabs",Tenofovir Disoproxil Fumarate,Generic,300mg,Tablet,30,7610,49236.7,6.47,0.22,"Cipla, Goa, India",True,668.5,0.0,81.24
3719,31574,901-CM-T30,FPQ-12528,SCMS-196500,ASN-21851,Cameroon,PMO - US,Direct Drop,EXW,Air,2013-06-21,2013-06-28,2013-11-09,2013-11-09,2013-11-19,ARV,Adult,CIPLA LIMITED,"Lamivudine/Tenofovir Disoproxil Fumarate 300/300mg, tablets, 30 Tabs",Lamivudine/Tenofovir Disoproxil Fumarate,Generic,300/300mg,Tablet - FDC,30,39892,183503.2,4.6,0.15,"Cipla, Kurkumbh, India",True,4082.0,51243.69,226.99
3720,31648,107-RW-T30,FPQ-3859,SCMS-49100,ASN-6890,Rwanda,PMO - US,Direct Drop,CIP,Air,2009-06-30,2009-07-15,2010-05-29,2010-05-29,2010-05-29,ARV,Adult,EMCURE PHARMACEUTICALS LTD,"Efavirenz 600mg, tablets, 30 Tabs",Efavirenz,Generic,600mg,Tablet,30,59609,357057.91,5.99,0.2,"Emcure Plot No.P-2, I.T-B.T. Park, Phase II, MIDC, Hinjwadi, Pune, India",True,4227.0,33008.05,699.83
3721,31662,116-ZA-T30,FPQ-14942,SCMS-259072,ASN-30377,South Africa,PMO - US,Direct Drop,DDP,Truck,2014-09-11,2015-01-26,2015-01-26,2015-01-26,2015-01-26,ARV,Pediatric,PHARMACY DIRECT,"Efavirenz 200mg, capsule, 90 Caps",Efavirenz,Generic,200mg,Capsule,90,21,357.92,17.04,0.19,"Aurobindo Unit III, India",False,55.0,0.0,0.37
3722,31670,161-ZA-T30,FPQ-6262,SCMS-83790,ASN-9477,South Africa,PMO - US,Direct Drop,DDP,Ocean,2010-08-31,2010-09-24,2011-02-01,2011-03-10,2011-03-10,ARV,Pediatric,Aurobindo Pharma Limited,"Efavirenz 200mg, capsule, 90 Caps",Efavirenz,Generic,200mg,Capsule,90,19214,191755.72,9.98,0.11,"Aurobindo Unit III, India",False,668.5,7526.14,413.43
3723,31694,107-RW-T30,FPQ-5228,SCMS-66060,ASN-8011,Rwanda,PMO - US,Direct Drop,CIP,Air,2010-02-24,2010-03-30,2010-09-27,2010-09-27,2010-09-27,ARV,Adult,MYLAN LABORATORIES LTD (FORMERLY MATRIX LABORATORIES),"Lamivudine/Nevirapine/Zidovudine 150/200/300mg, tablets, 60 Tabs",Lamivudine/Nevirapine/Zidovudine,Generic,150/300/200mg,Tablet - FDC,60,61290,698706.0,11.4,0.19,Mylan (formerly Matrix) Nashik,True,7965.0,65851.29,1506.41
3724,31709,104-CI-T30,FPQ-12150,SCMS-191940,ASN-20868,Côte d'Ivoire,PMO - US,Direct Drop,FCA,Air,2013-04-29,2013-06-12,2013-08-01,2013-08-01,2013-08-01,ARV,Adult,ABBVIE LOGISTICS (FORMERLY ABBOTT LOGISTICS BV),"Ritonavir 100mg [Norvir], film coated tablets, 60 Tabs",Ritonavir,Norvir,100mg,Tablet,60,760,5206.0,6.85,0.11,ABBVIE Ludwigshafen Germany,True,97.0,1575.13,6.44
3725,31712,108-VN-T30,FPQ-10287,SCMS-156260,ASN-17696,Vietnam,PMO - US,Direct Drop,EXW,Air,2012-07-25,2012-08-15,2013-01-30,2013-01-30,2013-01-30,ARV,Pediatric,MICRO LABS LIMITED,"Efavirenz 50mg, capsule, 30 Caps",Efavirenz,Generic,50mg,Capsule,30,1760,3555.2,2.02,0.07,"Micro labs, Verna, Goa, India",True,126.0,798.95,4.98
3726,31740,161-ZA-T30,FPQ-6262,SCMS-83830,ASN-9486,South Africa,PMO - US,Direct Drop,DDP,Ocean,2010-08-31,2010-09-24,2011-03-04,2011-03-04,2011-03-04,ARV,Pediatric,Aurobindo Pharma Limited,"Lamivudine 10mg/ml, oral solution w/syringe, Bottle, 240 ml",Lamivudine,Generic,10mg/ml,Oral solution,240,6736,13606.72,2.02,0.01,"Aurobindo Unit III, India",False,668.5,7526.14,29.34
3727,31750,114-UG-T30,FPQ-14325,SCMS-244380,ASN-28019,Uganda,PMO - US,Direct Drop,CIP,Air,2014-05-26,2014-07-09,2014-09-12,2014-09-12,2014-09-12,ARV,Adult,ASPEN PHARMACARE,"Darunavir 300mg [Prezista], tablets, 120 Tabs",Darunavir,Prezista,300mg,Tablet,120,807,53746.2,66.6,0.55,"Aspen-OSD, Port Elizabeth, SA",True,119.0,321.94,55.25
3728,31761,116-ZA-T30,FPQ-12522,SCMS-199283,ASN-27980,South Africa,PMO - US,Direct Drop,DDP,Truck,2013-07-11,2014-08-27,2014-08-27,2014-08-27,2014-08-27,ARV,Adult,S. BUYS WHOLESALER,"Didanosine 250mg, delayed-release capsules, 30 Caps",Didanosine,Generic,250mg,Delayed-release capsules,30,6,102.14,17.02,0.57,"Aurobindo Unit III, India",False,9.0,0.0,0.13
3729,31805,106-HT-T30,FPQ-14895,SCMS-260970,ASN-31105,Haiti,PMO - US,Direct Drop,EXW,Ocean,2014-09-24,2014-11-14,2015-05-25,2015-05-25,2015-05-26,ARV,Adult,CIPLA LIMITED,"Efavirenz 600mg, tablets, 30 Tabs",Efavirenz,Generic,600mg,Tablet,30,43309,140321.16,3.24,0.11,"Cipla, Goa, India",True,5000.0,6914.44,144.25
3730,31829,202-GT-T30,FPQ-6977,SCMS-96440,ASN-10408,Guatemala,PMO - US,Direct Drop,EXW,Air,2011-01-03,2011-01-07,2011-04-17,2011-04-17,2011-04-17,ARV,Pediatric,GLAXOSMITHKLINE EXPORT LIMITED,"Zidovudine 10mg/ml [Retrovir], solution for IV infusion injection, Vial 5 x 20 ml",Zidovudine,Retrovir,10mg/ml,Injection,5,75,5265.0,70.2,14.04,GSK Barnard Castle UK,True,29.0,209.37,8.69
3731,31847,116-ZA-T30,FPQ-15950,SCMS-277982,ASN-32412,South Africa,PMO - US,Direct Drop,DDP,Truck,2015-02-20,2015-05-27,2015-05-27,2015-05-27,2015-05-27,ARV,Pediatric,PHARMACY DIRECT,"Ritonavir 80mg/ml [Norvir], oral solution, cool, Bottle, 90 ml",Ritonavir,Norvir,80mg/ml,Oral solution,90,1,4.97,4.97,0.06,ABBVIE (Abbott) France,True,63.0,0.0,0.01
3732,31859,116-ZA-T30,FPQ-12522,SCMS-199283,ASN-27979,South Africa,PMO - US,Direct Drop,DDP,Truck,2013-07-11,2014-08-27,2014-08-27,2014-08-27,2014-08-27,ARV,Pediatric,S. BUYS WHOLESALER,"Efavirenz 200mg, capsule, 90 Caps",Efavirenz,Generic,200mg,Capsule,90,24,632.85,26.37,0.29,"Aurobindo Unit III, India",False,14.5,0.0,0.78
3733,31861,108-VN-T30,FPQ-7898,SCMS-113640,ASN-12786,Vietnam,PMO - US,Direct Drop,EXW,Air,2011-06-27,2011-07-07,2011-11-23,2011-11-23,2011-11-23,ARV,Adult,MYLAN LABORATORIES LTD (FORMERLY MATRIX LABORATORIES),"Abacavir 300mg, tablets, 60 Tabs",Abacavir,Generic,300mg,Tablet,60,292,4231.08,14.49,0.24,Mylan (formerly Matrix) Nashik,True,30.0,4525.05,6.98
3734,31892,117-ET-T30,FPQ-4752,SCMS-61150,ASN-5843,Ethiopia,PMO - US,Direct Drop,EXW,Air,2009-12-23,2009-12-29,2010-01-22,2010-01-22,2010-01-22,ARV,Adult,STRIDES ARCOLAB LIMITED,"Lamivudine/Stavudine 150/30mg, tablets, 60 Tabs",Lamivudine/Stavudine,Generic,150/30mg,Tablet - FDC,60,39939,134594.43,3.37,0.06,"Strides, Bangalore, India.",True,2038.0,11789.31,290.19
3735,31909,108-VN-T30,FPQ-13034,SCMS-210150,ASN-24571,Vietnam,PMO - US,Direct Drop,EXW,Air,2013-10-04,2013-10-10,2014-04-22,2014-04-22,2014-04-22,ARV,Adult,HETERO LABS LIMITED,"Efavirenz/Lamivudine/Tenofovir Disoproxil Fumarate 600/300/300mg, tablets, 30 Tabs",Efavirenz/Lamivudine/Tenofovir Disoproxil Fumarate,Generic,600/300/300mg,Tablet - FDC,30,21252,223146.0,10.5,0.35,Hetero Unit III Hyderabad IN,True,2982.0,8036.88,276.03
3736,31912,114-UG-T30,FPQ-13816,SCMS-231320,ASN-26091,Uganda,PMO - US,Direct Drop,EXW,Air,2014-02-27,2014-03-20,2014-06-14,2014-06-14,2014-06-14,HRDT,HIV test,"CHEMBIO DIAGNOSTIC SYSTEMS, INC.","HIV 1/2, Stat-Pak Dipstick Assay Kit, 30 Tests","HIV 1/2, Stat-Pak Dipstick Assay Kit",Stat-Pak,no_dosage,Test kit,30,5424,149702.4,27.6,0.92,Chembio Diagnostics Sys. Inc.,True,606.0,3790.99,153.89
3737,31917,103-ZW-T30,FPQ-13969,SCMS-239230,ASN-27927,Zimbabwe,PMO - US,Direct Drop,CIP,Air,2014-04-08,2014-05-16,2014-09-04,2014-09-04,2014-10-28,ARV,Pediatric,MYLAN LABORATORIES LTD (FORMERLY MATRIX LABORATORIES),"Lamivudine/Nevirapine/Zidovudine 30/50/60mg, dispersible tablets, 60 Tabs",Lamivudine/Nevirapine/Zidovudine,Generic,30/50/60mg,Chewable/dispersible tablet - FDC,60,164950,593820.0,3.6,0.06,Mylan (formerly Matrix) Nashik,True,9210.0,7510.0,610.45
3738,31936,104-CI-T30,FPQ-6897,SCMS-101000,ASN-10407,Côte d'Ivoire,PMO - US,Direct Drop,FCA,Air,2011-01-05,2011-03-24,2011-06-30,2011-06-30,2011-06-30,ARV,Adult,ABBVIE LOGISTICS (FORMERLY ABBOTT LOGISTICS BV),"Lopinavir/Ritonavir 200/50mg [Aluvia], tablets, 120 Tabs",Lopinavir/Ritonavir,Aluvia,200/50mg,Tablet,120,4809,162063.3,33.7,0.28,ABBVIE Ludwigshafen Germany,True,1196.0,17068.84,267.4
3739,31941,108-VN-T30,FPQ-12051,SCMS-190500,ASN-21652,Vietnam,PMO - US,Direct Drop,EXW,Air,2013-05-03,2013-05-21,2013-09-24,2013-09-24,2013-09-24,ARV,Adult,HETERO LABS LIMITED,"Efavirenz 600mg, tablets, 30 Tabs",Efavirenz,Generic,600mg,Tablet,30,27186,88082.64,3.24,0.11,"Hetero, Jadcherla, unit 5, IN",True,2321.0,3353.3,108.96
3740,31963,116-ZA-T30,FPQ-11828,SCMS-183950,ASN-19166,South Africa,South Africa Field Office,Direct Drop,DDP,Truck,2013-03-18,2012-10-16,2013-04-16,2013-04-16,2013-04-16,ARV,Adult,S. BUYS WHOLESALER,"Didanosine 250mg, delayed-release capsules, 30 Caps",Didanosine,Generic,250mg,Delayed-release capsules,30,2,30.85,15.42,0.51,"Aurobindo Unit III, India",False,1.0,0.0,0.04
3741,32026,151-NG-T30,FPQ-7218,SCMS-105110,ASN-10989,Nigeria,PMO - US,Direct Drop,FCA,Air,2011-02-28,2011-04-04,2011-06-14,2011-06-14,2011-06-14,ARV,Adult,ABBVIE LOGISTICS (FORMERLY ABBOTT LOGISTICS BV),"Ritonavir 100mg [Norvir], film coated tablets, 60 Tabs",Ritonavir,Norvir,100mg,Tablet,60,448,3068.8,6.85,0.11,ABBVIE Ludwigshafen Germany,True,68.0,1123.14,5.06
3742,32029,113-ZW-T30,FPQ-13939,SCMS-240570,ASN-27586,Zimbabwe,PMO - US,Direct Drop,EXW,Air Charter,2014-04-01,2014-05-27,2014-09-17,2014-09-17,2014-09-19,ARV,Adult,HETERO LABS LIMITED,"Lamivudine/Tenofovir Disoproxil Fumarate 300/300mg, tablets, 30 Tabs",Lamivudine/Tenofovir Disoproxil Fumarate,Generic,300/300mg,Tablet - FDC,30,42192,194927.04,4.62,0.15,Hetero Unit III Hyderabad IN,True,4584.0,25682.65,200.38
3743,32059,101-CD-T30,FPQ-14100,SCMS-239410,ASN-26738,"Congo, DRC",PMO - US,Direct Drop,EXW,Air,2014-04-23,2014-05-20,2014-09-05,2014-09-05,2014-09-16,HRDT,HIV test,"Trinity Biotech, Plc","HIV 1/2, Uni-Gold HIV Kit, 20 Tests","HIV 1/2, Uni-Gold HIV Kit",Uni-Gold,no_dosage,Test kit,20,30,960.0,32.0,1.6,"Trinity Biotech, Plc",False,59.0,2346.5699999999997,0.99
3744,32064,104-CI-T30,FPQ-6183,SCMS-83692,ASN-11129,Côte d'Ivoire,PMO - US,Direct Drop,CIP,Air,2010-08-10,2010-09-10,2011-07-01,2011-07-01,2011-07-01,ARV,Adult,MERCK SHARP & DOHME IDEA GMBH (FORMALLY MERCK SHARP & DOHME B.V.),"Efavirenz/Emtricitabine/Tenofovir Disoproxil Fumarate 600/200/300mg [Atripla], tablets, 30 Tabs",Efavirenz/Emtricitabine/Tenofovir Disoproxil Fumarate,Atripla,600/200/300mg,Tablet - FDC,30,6100,307440.0,50.4,1.68,"MSD, Haarlem, NL",True,928.0,2093.32,662.84
3745,32077,101-CD-T30,FPQ-13555,SCMS-234260,ASN-26439,"Congo, DRC",PMO - US,Direct Drop,EXW,Air,2014-03-19,2014-05-05,2014-08-26,2014-08-26,2014-09-16,ARV,Pediatric,Aurobindo Pharma Limited,"Zidovudine 10mg/ml, oral solution, Bottle, 240 ml",Zidovudine,Generic,10mg/ml,Oral solution,240,367,734.0,2.0,0.01,"Aurobindo Unit III, India",True,161.0,2038.97,0.75
3746,32094,108-VN-T30,FPQ-4720,SCMS-62470,ASN-6341,Vietnam,PMO - US,Direct Drop,EXW,Air,2009-01-04,2010-01-12,2010-04-01,2010-04-01,2010-04-01,ARV,Adult,MYLAN LABORATORIES LTD (FORMERLY MATRIX LABORATORIES),"Efavirenz 600mg, tablets, 30 Tabs",Efavirenz,Generic,600mg,Tablet,30,23520,105604.8,4.49,0.15,Mylan (formerly Matrix) Nashik,False,668.5,4400.805,227.68
3747,32111,117-ET-T30,FPQ-9210,SCMS-134750,ASN-14234,Ethiopia,PMO - US,Direct Drop,EXW,Air,2012-01-18,2012-01-23,2012-03-27,2012-03-27,2012-03-27,HRDT,HIV test,"CHEMBIO DIAGNOSTIC SYSTEMS, INC.","HIV 1/2, Stat-Pak HIV, Kit, 20 Tests","HIV 1/2, Stat-Pak HIV, Kit",Stat-Pak,no_dosage,Test kit,20,121,3509.0,29.0,1.45,Chembio Diagnostics Sys. Inc.,True,42.0,354.59,4.92
3748,32135,107-RW-T30,FPQ-15065,SCMS-263330,ASN-30487,Rwanda,PMO - US,Direct Drop,EXW,Air,2014-10-15,2014-12-18,2015-02-18,2015-02-18,2015-02-19,HRDT,HIV test,"SHANGHAI KEHUA BIOENGINEERING CO.,LTD.  (KHB)","HIV 1/2, SKB Colloidal Gold, Diagnostic Kit, Antibody, 50 Tests","HIV 1/2, Colloidal Gold, Diagnostic Kit, Antibody",Colloidal Gold,no_dosage,Test kit,1,4050,99225.0,24.5,24.5,"KHB Test Kit Facility, Shanghai China",True,2700.0,35593.04,102.0
3749,32150,108-VN-T30,FPQ-15823,SCMS-277270,ASN-33526,Vietnam,PMO - US,Direct Drop,FCA,Air,2015-02-13,2015-03-04,2015-09-14,2015-09-14,2015-09-14,ARV,Adult,ABBVIE LOGISTICS (FORMERLY ABBOTT LOGISTICS BV),"Lopinavir/Ritonavir 200/50mg [Aluvia], tablets, 120 Tabs",Lopinavir/Ritonavir,Aluvia,200/50mg,Tablet,120,300,18240.0,60.8,0.51,ABBVIE Ludwigshafen Germany,True,42.0,4400.805,21.47
3750,32189,108-VN-T30,FPQ-15692,SCMS-274390,ASN-32268,Vietnam,PMO - US,Direct Drop,EXW,Air,2015-01-28,2015-02-17,2015-07-10,2015-07-07,2015-07-07,ARV,Adult,HETERO LABS LIMITED,"Efavirenz/Lamivudine/Tenofovir Disoproxil Fumarate 600/300/300mg, tablets, 30 Tabs",Efavirenz/Lamivudine/Tenofovir Disoproxil Fumarate,Generic,600/300/300mg,Tablet - FDC,30,17760,177600.0,10.0,0.33,Hetero Unit III Hyderabad IN,True,2523.0,4784.19,209.04
3751,32193,117-ET-T30,FPQ-13200,SCMS-213980,ASN-23661,Ethiopia,PMO - US,Direct Drop,EXW,Air,2013-10-25,2013-11-06,2014-01-14,2014-01-14,2014-01-15,HRDT,HIV test,"Trinity Biotech, Plc","HIV 1/2, Uni-Gold HIV Kit, 20 Tests","HIV 1/2, Uni-Gold HIV Kit",Uni-Gold,no_dosage,Test kit,20,11,352.0,32.0,1.6,"Trinity Biotech, Plc",True,4.0,526.44,0.36
3752,32279,116-ZA-T30,FPQ-3560,SCMS-49641,ASN-5157,South Africa,PMO - US,Direct Drop,DDP,Truck,2009-05-07,2009-07-21,2009-08-12,2009-08-12,2009-08-12,ARV,Adult,S. BUYS WHOLESALER,"Didanosine EC 400mg [Videx EC], delayed-release capsules, Blister 3 x 10 Caps",Didanosine EC,Videx EC,400mg,Delayed-release capsules - blister,30,110,3051.72,27.74,0.92,"BMS Meymac, France",False,38.0,0.0,5.98
3753,32306,108-VN-T30,FPQ-15040,SCMS-263660,ASN-30941,Vietnam,PMO - US,Direct Drop,EXW,Air,2014-10-30,2014-12-08,2015-03-31,2015-03-31,2015-04-01,ARV,Adult,HETERO LABS LIMITED,"Efavirenz 600mg, tablets, 30 Tabs",Efavirenz,Generic,600mg,Tablet,30,2800,9800.0,3.5,0.12,Hetero Unit III Hyderabad IN,True,953.0,1593.67,10.07
3754,32313,107-RW-T30,FPQ-6185,SCMS-84400,ASN-10663,Rwanda,PMO - US,Direct Drop,CIP,Air,2010-09-03,2010-09-27,2011-04-25,2011-04-25,2011-04-25,ARV,Adult,Aurobindo Pharma Limited,"Didanosine 400mg, delayed-release capsules, 30 Caps",Didanosine,Generic,400mg,Delayed-release capsules,30,595,12048.75,20.25,0.68,"Aurobindo Unit III, India",True,87.0,255.0,25.98
3755,32316,102-SD-T30,FPQ-8264,SCMS-121842,ASN-12830,Sudan,PMO - US,Direct Drop,EXW,Air,2011-09-07,2011-09-14,2012-01-06,2012-01-06,2012-01-06,HRDT,HIV test - Ancillary,"Orgenics, Ltd","Capillary Tubes, for Determine, EDTA, 50uL,100 Pcs","HIV, Capillary Tubes, for Determine, EDTA, 50uL,100 Pcs",Determine,no_dosage,Test kit - Ancillary,100,2,16.0,8.0,0.08,"Alere Medical Co., Ltd.",True,2.0,885.49,0.03
3756,32344,100-DO-T30,FPQ-6126,SCMS-83590,ASN-8401,Dominican Republic,PMO - US,Direct Drop,EXW,Truck,2010-08-19,2010-09-02,2010-10-22,2010-10-22,2010-10-22,ARV,Adult,"ABBVIE, SRL (FORMALLY ABBOTT LABORATORIES INTERNATIONAL CO.)","Ritonavir 100mg [Norvir], capsules, cool, 2 x 84 Caps",Ritonavir,Norvir,100mg,Capsule,168,346,49824.0,144.0,0.86,ABBVIE (Abbott) St. P'burg USA,True,268.0,666.66,107.42
3757,32358,161-ZA-T30,FPQ-5303,SCMS-69030,ASN-7804,South Africa,PMO - US,Direct Drop,DDP,Air,2010-03-18,2010-03-19,2010-09-20,2010-09-20,2010-09-20,ARV,Adult,Aurobindo Pharma Limited,"Zidovudine 300mg, tablets, 60 Tabs",Zidovudine,Generic,300mg,Tablet,60,29402,218456.86,7.43,0.12,"Aurobindo Unit III, India",True,1577.0,1697.9,470.99
3758,32359,102-SD-T30,FPQ-6991,SCMS-100300,ASN-10450,Sudan,PMO - US,Direct Drop,EXW,Air,2011-02-05,2011-03-02,2011-04-29,2011-04-29,2011-04-29,HRDT,HIV test,"Standard Diagnostics, Inc.","HIV 1/2, Bioline 3.0 Kit, Lancets, Capillary pipets, Alcohol swabs included, 25 Tests","HIV 1/2, Bioline 3.0 Kit, Lancets, Capillary pipets, Alcohol swabs included",Bioline,no_dosage,Test kit,25,17,340.0,20.0,0.8,"Standard Diagnostics, Korea",True,244.0,2701.16,0.56
3759,32362,106-HT-T30,FPQ-6489,SCMS-90450,ASN-10409,Haiti,PMO - US,Direct Drop,CIP,Air,2010-10-20,2010-11-04,2011-04-16,2011-04-16,2011-04-16,ARV,Pediatric,MERCK SHARP & DOHME IDEA GMBH (FORMALLY MERCK SHARP & DOHME B.V.),"Efavirenz 30mg/ml [Stocrin/Sustiva], oral solution, Bottle, 180 ml",Efavirenz,Stocrin/Sustiva,30mg/ml,Oral solution,180,525,8904.0,16.96,0.09,"MSD, Haarlem, NL",True,159.0,290.0,19.2
3760,32372,114-UG-T30,FPQ-11153,SCMS-171900,ASN-18877,Uganda,PMO - US,Direct Drop,FCA,Air,2012-12-13,2013-01-11,2013-04-09,2013-04-09,2013-04-09,ARV,Pediatric,ABBVIE LOGISTICS (FORMERLY ABBOTT LOGISTICS BV),"Lopinavir/Ritonavir 100/25mg [Aluvia], tablets, 60 Tabs",Lopinavir/Ritonavir,Generic,100/25mg,Tablet,60,6390,37956.6,5.94,0.1,ABBVIE Ludwigshafen Germany,True,733.0,6255.87,46.95
3761,32398,116-ZA-T30,FPQ-12522,SCMS-199280,ASN-24433,South Africa,PMO - US,Direct Drop,DDP,Truck,2013-07-11,2013-08-13,2014-02-07,2014-02-07,2014-02-07,ARV,Adult,S. BUYS WHOLESALER,"Tenofovir Disoproxil Fumarate 300mg, tablets, 30 Tabs",Tenofovir Disoproxil Fumarate,Generic,300mg,Tablet,30,306,6369.4,20.82,0.69,Hetero Unit III Hyderabad IN,True,668.5,0.0,7.88
3762,32402,901-GH-T30,FPQ-14101,SCMS-245400,ASN-29128,Ghana,PMO - US,Direct Drop,EXW,Air,2014-04-30,2014-07-08,2014-12-24,2014-12-24,2015-01-02,ARV,Pediatric,Aurobindo Pharma Limited,"Lamivudine 10mg/ml, oral solution, Bottle, 240 ml",Lamivudine,Generic,10mg/ml,Oral solution,240,1905,2724.15,1.43,0.01,"Aurobindo Unit III, India",True,786.0,4304.34,2.8
3763,32405,161-ZA-T30,FPQ-7175,SCMS-103850,ASN-10872,South Africa,PMO - US,Direct Drop,DDP,Ocean,2011-03-10,2011-03-28,2011-07-14,2011-07-14,2011-07-14,ARV,Adult,CIPLA LIMITED,"Tenofovir Disoproxil Fumarate 300mg, tablets, 30 Tabs",Tenofovir Disoproxil Fumarate,Generic,300mg,Tablet,30,113000,731110.0,6.47,0.22,"Cipla, Goa, India",True,7569.0,11986.59,1206.33
3764,32422,108-VN-T30,FPQ-13034,SCMS-210120,ASN-24569,Vietnam,PMO - US,Direct Drop,EXW,Air,2013-10-04,2013-10-10,2014-04-21,2014-04-21,2014-04-22,ARV,Adult,HETERO LABS LIMITED,"Efavirenz/Lamivudine/Tenofovir Disoproxil Fumarate 600/300/300mg, tablets, 30 Tabs",Efavirenz/Lamivudine/Tenofovir Disoproxil Fumarate,Generic,600/300/300mg,Tablet - FDC,30,24556,257838.0,10.5,0.35,Hetero Unit III Hyderabad IN,True,3443.0,6323.76,318.95
3765,32435,103-MW-T30,FPQ-10790,SCMS-163900,ASN-19497,Malawi,PMO - US,Direct Drop,EXW,Ocean,2012-10-17,2012-10-31,2013-07-24,2013-07-24,2013-07-24,ARV,Adult,MYLAN LABORATORIES LTD (FORMERLY MATRIX LABORATORIES),"Efavirenz/Lamivudine/Tenofovir Disoproxil Fumarate 600/300/300mg, tablets, 30 Tabs",Efavirenz/Lamivudine/Tenofovir Disoproxil Fumarate,Generic,600/300/300mg,Tablet - FDC,30,190000,2183100.0,11.49,0.38,Mylan (formerly Matrix) Nashik,True,21463.0,36695.74,2700.49
3766,32438,111-MZ-T30,FPQ-13774,SCMS-229670,ASN-25566,Mozambique,PMO - US,Direct Drop,EXW,Air,2014-02-21,2014-02-28,2014-05-02,2014-05-02,2014-05-02,HRDT,HIV test,"Orgenics, Ltd","HIV 1/2, Determine Kit without Lancets, Buffer or Caplillary Tubes, 100 Tests","HIV 1/2, Determine Kit without Lancets, Buffer or Capillary Tubes, 100 Tests",Determine,no_dosage,Test kit,100,229,16522.35,72.15,0.72,"Alere Medical Co., Ltd.",True,43.0,0.0,16.98
3767,32471,109-TZ-T30,FPQ-3782,SCMS-47770,ASN-5364,Tanzania,PMO - US,Direct Drop,CIP,Air,2009-06-11,2009-06-29,2009-11-27,2009-11-27,2009-11-27,ARV,Adult,BRISTOL-MYERS SQUIBB,"Didanosine EC 400mg [Videx EC], delayed-release capsules, Blister 3 x 10 Caps",Didanosine EC,Videx EC,400mg,Delayed-release capsules - blister,30,15619,369701.73,23.67,0.79,"BMS Meymac, France",False,668.5,8925.0,724.62
3768,32496,108-VN-T30,FPQ-12539,SCMS-199810,ASN-23000,Vietnam,PMO - US,Direct Drop,EXW,Air,2013-07-11,2013-08-02,2013-12-23,2013-12-23,2013-12-23,ARV,Adult,MYLAN LABORATORIES LTD (FORMERLY MATRIX LABORATORIES),"Lamivudine/Zidovudine 150/300mg, tablets, 60 Tabs",Lamivudine/Zidovudine,Generic,150/300mg,Tablet - FDC,60,4848,31463.52,6.49,0.11,Mylan (formerly Matrix) Nashik,True,415.0,1009.6,38.92
3769,32499,161-ZA-T30,FPQ-7175,SCMS-103470,ASN-11200,South Africa,PMO - US,Direct Drop,DDP,Ocean,2011-03-10,2011-03-24,2011-09-02,2011-09-02,2011-09-02,ARV,Pediatric,Aurobindo Pharma Limited,"Efavirenz 50mg, capsule, 30 Caps",Efavirenz,Generic,50mg,Capsule,30,50000,122000.0,2.44,0.08,"Aurobindo Unit III, India",True,2953.0,6409.91,201.3
3770,32505,114-UG-T30,FPQ-11141,SCMS-173410,ASN-19088,Uganda,PMO - US,Direct Drop,FCA,Air,2012-12-13,2013-02-04,2013-04-30,2013-04-30,2013-04-30,ARV,Pediatric,ABBVIE LOGISTICS (FORMERLY ABBOTT LOGISTICS BV),"Lopinavir/Ritonavir 100/25mg [Aluvia], tablets, 60 Tabs",Lopinavir/Ritonavir,Generic,100/25mg,Tablet,60,2880,17107.2,5.94,0.1,ABBVIE Ludwigshafen Germany,True,335.0,3446.07,21.16
3771,32508,116-ZA-T30,FPQ-14942,SCMS-259073,ASN-30671,South Africa,PMO - US,Direct Drop,DDP,Truck,2014-09-11,2015-02-12,2015-02-12,2015-02-12,2015-02-12,ARV,Pediatric,PHARMACY DIRECT,"Efavirenz 50mg, capsule, 30 Caps",Efavirenz,Generic,50mg,Capsule,30,9,19.55,2.17,0.07,"Aurobindo Unit III, India",False,1.0,0.0,0.02
3772,32521,200-DO-T30,FPQ-6615,SCMS-93361,ASN-10226,Dominican Republic,PMO - US,Direct Drop,EXW,Air,2010-11-10,2010-12-01,2011-04-04,2011-04-04,2011-04-04,ARV,Adult,Aurobindo Pharma Limited,"Lopinavir/Ritonavir 200/50mg, tablets, 120 Tabs",Lopinavir/Ritonavir,Generic,200/50mg,Tablet,120,2508,87780.0,35.0,0.29,"Aurobindo Unit III, India",True,645.0,5002.73,144.84
3773,32540,102-GY-T30,FPQ-6983,SCMS-97160,ASN-10064,Guyana,PMO - US,Direct Drop,EXW,Air,2011-01-05,2011-02-02,2011-04-12,2011-04-12,2011-04-12,HRDT,HIV test,"Orgenics, Ltd","HIV 1/2, Determine Complete HIV Kit, 100 Tests","HIV 1/2, Determine Complete HIV Kit",Determine,no_dosage,Test kit,100,418,41800.0,100.0,1.0,Inverness Japan,True,205.0,6455.37,68.97
3774,32543,161-ZA-T30,FPQ-7175,SCMS-123580,ASN-12824,South Africa,PMO - US,Direct Drop,DDP,Ocean,2011-03-10,2011-09-30,2011-12-22,2011-12-22,2011-12-22,ARV,Adult,Aurobindo Pharma Limited,"Efavirenz 600mg, tablets, 30 Tabs",Efavirenz,Generic,600mg,Tablet,30,128887,549058.62,4.26,0.14,"Aurobindo Unit III, India",True,10956.0,16429.12,905.95
3775,32548,102-CD-T30,FPQ-9645,SCMS-145490,ASN-15869,"Congo, DRC",PMO - US,Direct Drop,EXW,Air,2012-04-24,2012-05-07,2012-12-17,2012-12-17,2012-12-17,HRDT,HIV test,"Orgenics, Ltd","HIV 1/2, DoubleCheck Gold Kit, 20 Tests","HIV 1/2, DoubleCheck Gold Kit",DoubleCheck,no_dosage,Test kit,20,400,14608.0,36.52,1.83,"Alere Medical Co., Ltd.",True,96.0,1906.7,20.48
3776,32559,106-HT-T30,FPQ-11304,SCMS-176450,ASN-19219,Haiti,PMO - US,Direct Drop,DAP,Truck,2013-01-22,2013-02-12,2013-03-15,2013-03-15,2013-03-15,HRDT,HIV test,REINBOLD EXPORT IMPORT,"HIV 1/2, Determine Complete HIV Kit, 100 Tests","HIV 1/2, Determine Complete HIV Kit",Determine,no_dosage,Test kit,100,25,3125.0,125.0,1.25,"Alere Medical Co., Ltd.",True,39.5,0.0,3.87
3777,32594,103-CM-T30,FPQ-10128,SCMS-151600,ASN-16107,Cameroon,PMO - US,Direct Drop,EXW,Air,2012-06-22,2012-07-16,2012-09-10,2012-09-10,2012-09-10,HRDT,HIV test,"Orgenics, Ltd","HIV 1/2, Determine Kit without Lancets, Buffer or Caplillary Tubes, 100 Tests","HIV 1/2, Determine Kit without Lancets, Buffer or Capillary Tubes, 100 Tests",Determine,no_dosage,Test kit,100,120,8658.0,72.15,0.72,"Alere Medical Co., Ltd.",True,22.0,1243.98,12.14
3778,32729,108-VN-T30,FPQ-12539,SCMS-199700,ASN-23138,Vietnam,PMO - US,Direct Drop,FCA,Air,2013-07-11,2013-07-30,2014-01-06,2014-01-06,2014-01-06,ARV,Adult,ABBVIE LOGISTICS (FORMERLY ABBOTT LOGISTICS BV),"Ritonavir 100mg [Norvir], film coated tablets, 30 Tabs",Ritonavir,Norvir,100mg,Tablet,30,81,1884.06,23.26,0.78,ABBVIE Ludwigshafen Germany,True,6.0,3549.7,2.33
3779,32738,107-RW-T30,FPQ-8742,SCMS-137530,ASN-15140,Rwanda,PMO - US,Direct Drop,EXW,Ocean,2011-12-07,2012-04-20,2012-08-23,2012-08-23,2012-08-23,ARV,Adult,MYLAN LABORATORIES LTD (FORMERLY MATRIX LABORATORIES),"Efavirenz/Lamivudine/Tenofovir Disoproxil Fumarate 600/300/300mg, tablets, 30 Tabs",Efavirenz/Lamivudine/Tenofovir Disoproxil Fumarate,Generic,600/300/300mg,Tablet - FDC,30,46613,605969.0,13.0,0.43,Mylan (formerly Matrix) Nashik,True,5245.0,11186.24,849.57
3780,32742,108-VN-T30,FPQ-6818,SCMS-97850,ASN-11024,Vietnam,PMO - US,Direct Drop,EXW,Air,2011-01-17,2011-02-15,2011-06-22,2011-06-22,2011-06-22,ARV,Adult,MYLAN LABORATORIES LTD (FORMERLY MATRIX LABORATORIES),"Zidovudine 300mg, tablets, 60 Tabs",Zidovudine,Generic,300mg,Tablet,60,1416,10266.0,7.25,0.12,Mylan (formerly Matrix) Nashik,False,668.5,4400.805,16.94
3781,32743,108-VN-T30,FPQ-13976,SCMS-235620,ASN-28217,Vietnam,PMO - US,Direct Drop,FCA,Air,2014-04-08,2014-04-30,2014-10-22,2014-10-22,2014-10-22,ARV,Adult,ABBVIE LOGISTICS (FORMERLY ABBOTT LOGISTICS BV),"Lopinavir/Ritonavir 200/50mg [Aluvia], tablets, 120 Tabs",Lopinavir/Ritonavir,Aluvia,200/50mg,Tablet,120,2000,121640.0,60.82,0.51,ABBVIE Ludwigshafen Germany,True,499.0,1467.82,125.05
3782,33144,108-VN-T30,FPQ-4719,SCMS-62310,ASN-6597,Vietnam,PMO - US,Direct Drop,EXW,Air,2010-01-04,2010-01-07,2010-05-20,2010-05-20,2010-05-20,ARV,Adult,MYLAN LABORATORIES LTD (FORMERLY MATRIX LABORATORIES),"Tenofovir Disoproxil Fumarate 300mg, tablets, 30 Tabs",Tenofovir Disoproxil Fumarate,Generic,300mg,Tablet,30,4536,34020.0,7.5,0.25,Mylan (formerly Matrix) Nashik,True,266.0,3678.45,73.35
3783,32775,106-HT-T30,FPQ-9894,SCMS-147610,ASN-15536,Haiti,PMO - US,Direct Drop,EXW,Air,2012-05-22,2012-06-13,2012-08-10,2012-08-10,2012-08-10,HRDT,HIV test,"SHANGHAI KEHUA BIOENGINEERING CO.,LTD.  (KHB)","HIV 1/2, SKB Colloidal Gold, Diagnostic Kit, Antibody, 50 Tests","HIV 1/2, Colloidal Gold, Diagnostic Kit, Antibody",Colloidal Gold,no_dosage,Test kit,1,600,14700.0,24.5,24.5,"KHB Test Kit Facility, Shanghai China",True,434.0,4209.61,20.61
3784,32837,161-ZA-T30,FPQ-5303,SCMS-68981,ASN-8465,South Africa,PMO - US,Direct Drop,DDP,Air,2010-03-18,2010-03-19,2010-12-08,2010-12-08,2010-12-08,ARV,Adult,Aurobindo Pharma Limited,"Nevirapine 200mg, tablets, 60 Tabs",Nevirapine,Generic,200mg,Tablet,60,24000,70080.0,2.92,0.05,"Aurobindo Unit III, India",True,2830.0,5159.34,151.09
3785,32865,101-CD-T30,FPQ-14654,SCMS-253270,ASN-28379,"Congo, DRC",PMO - US,Direct Drop,EXW,Air,2014-08-11,2014-08-27,2014-12-31,2014-12-31,2014-12-31,HRDT,HIV test,"Orgenics, Ltd","HIV 1/2, Determine Complete HIV Kit, 100 Tests","HIV 1/2, Determine Complete HIV Kit",Determine,no_dosage,Test kit,100,5359,428720.0,80.0,0.8,"Alere Medical Co., Ltd.",True,2131.0,62196.13,440.72
3786,32883,116-ZA-T30,FPQ-13973,SCMS-238555,ASN-29257,South Africa,PMO - US,Direct Drop,DDP,Truck,2014-04-30,2014-11-04,2014-11-05,2014-11-05,2014-11-05,ARV,Adult,PHARMACY DIRECT,"Lamivudine/Zidovudine 150/300mg, tablets, 60 Tabs",Lamivudine/Zidovudine,Generic,150/300mg,Tablet - FDC,60,19,592.65,31.19,0.52,"Aurobindo Unit III, India",False,668.5,0.0,0.61
3787,32889,116-ZA-T30,FPQ-11828,SCMS-183950,ASN-19166,South Africa,South Africa Field Office,Direct Drop,DDP,Truck,2013-03-18,2012-10-16,2013-04-16,2013-04-16,2013-04-16,ARV,Adult,S. BUYS WHOLESALER,"Emtricitabine/Tenofovir Disoproxil Fumarate 200/300mg, tablets, 30 Tabs",Emtricitabine/Tenofovir Disoproxil Fumarate,Generic,200/300mg,Tablet - FDC,30,50,1528.18,30.56,1.02,"Aurobindo Unit III, India",False,35.0,0.0,1.89
3788,32892,111-MZ-T30,FPQ-13395,SCMS-219220,ASN-25453,Mozambique,PMO - US,Direct Drop,EXW,Air,2013-12-11,2013-12-17,2014-05-02,2014-05-02,2014-05-07,ARV,Adult,HETERO LABS LIMITED,"Lamivudine/Nevirapine/Zidovudine 150/200/300mg, tablets, 60 Tabs",Lamivudine/Nevirapine/Zidovudine,Generic,150/300/200mg,Tablet - FDC,60,33216,269381.76,8.11,0.14,Hetero Unit III Hyderabad IN,True,4516.0,16537.11,276.92
3789,32893,101-CD-T30,FPQ-16001,SCMS-280220,ASN-32231,"Congo, DRC",PMO - US,Direct Drop,EXW,Air,2015-03-10,2015-03-17,2015-07-23,2015-07-23,2015-07-29,HRDT,HIV test,"Orgenics, Ltd","HIV 1/2, Determine Complete HIV Kit, 100 Tests","HIV 1/2, Determine Complete HIV Kit",Determine,no_dosage,Test kit,100,17,1360.0,80.0,0.8,"Alere Medical Co., Ltd.",False,244.0,2346.5699999999997,1.6
3790,32903,116-ZA-T30,FPQ-12522,SCMS-199289,ASN-28033,South Africa,PMO - US,Direct Drop,DDP,Truck,2013-07-11,2014-08-29,2014-08-29,2014-08-29,2014-08-29,ARV,Adult,S. BUYS WHOLESALER,"Tenofovir Disoproxil Fumarate 300mg, tablets, 30 Tabs",Tenofovir Disoproxil Fumarate,Generic,300mg,Tablet,30,486,10116.11,20.82,0.69,Hetero Unit III Hyderabad IN,False,23.0,0.0,12.51
3791,32938,116-ZA-T30,FPQ-14942,SCMS-259079,ASN-33854,South Africa,PMO - US,Direct Drop,DDP,Truck,2014-09-11,2014-10-09,2015-08-24,2015-08-24,2015-08-24,ARV,Adult,PHARMACY DIRECT,"Saquinavir 200mg [Invirase], capsules, 270 Caps",Saquinavir,Invirase,200mg,Capsule,270,1,59.67,59.67,0.22,Roche Madrid,True,63.0,0.0,0.06
3792,32953,107-RW-T30,FPQ-12791,SCMS-205930,ASN-23656,Rwanda,PMO - US,Direct Drop,EXW,Air,2013-08-09,2013-09-19,2014-01-31,2014-01-31,2014-03-04,ARV,Adult,MYLAN LABORATORIES LTD (FORMERLY MATRIX LABORATORIES),"Abacavir/Lamivudine 600/300mg, tablets, 30 Tabs",Abacavir/Lamivudine,Generic,600/300mg,Tablet - FDC,30,40705,549110.45,13.49,0.45,Mylan (formerly Matrix) Nashik,True,3948.0,24035.49,679.25
3793,32959,144-BW-T30,FPQ-4167,SCMS-54200,ASN-7797,Botswana,PMO - US,Direct Drop,EXW,Air,2009-09-09,2009-09-30,2010-08-31,2010-08-31,2010-08-31,HRDT,HIV test - Ancillary,Orasure Technologies Inc.,"#109435**HIV, OraQuick Controls Kit, 3 Vials","HIV, OraQuick Controls Kit, 3 Vials",OraQuick,no_dosage,Test kit - Ancillary,3,10,250.0,25.0,8.33,"Orasure Technologies, Inc USA",True,6.0,418.94,0.49
3794,32963,104-CI-T30,FPQ-12806,SCMS-206521,ASN-24427,Côte d'Ivoire,PMO - US,Direct Drop,FCA,Air,2013-08-09,2013-12-09,2014-03-17,2014-03-17,2014-03-18,ARV,Pediatric,ABBVIE LOGISTICS (FORMERLY ABBOTT LOGISTICS BV),"Lopinavir/Ritonavir 100/25mg [Aluvia], tablets, 60 Tabs",Lopinavir/Ritonavir,Generic,100/25mg,Tablet,60,5900,35046.0,5.94,0.1,ABBVIE Ludwigshafen Germany,True,701.0,7008.1,43.35
3795,32973,116-ZA-T30,FPQ-14942,SCMS-259078,ASN-33473,South Africa,PMO - US,Direct Drop,DDP,Truck,2014-09-11,2014-10-09,2015-07-24,2015-07-24,2015-07-24,ARV,Adult,PHARMACY DIRECT,"Raltegravir 400mg [Isentress], tablets, 60 Tabs",Raltegravir,Isentress,400mg,Tablet,60,30,1972.56,65.75,1.1,"MSD, Haarlem, NL",False,55.0,0.0,2.03
3796,32986,106-HT-T30,FPQ-16241,SCMS-288910,ASN-33289,Haiti,PMO - US,Direct Drop,EXW,Air,2015-05-05,2015-05-27,2015-08-10,2015-08-10,2015-08-11,ARV,Pediatric,HETERO LABS LIMITED,"Lamivudine 10mg/ml, oral solution, Bottle, 240 ml",Lamivudine,Generic,10mg/ml,Oral solution,240,2292,3506.76,1.53,0.01,Hetero Unit III Hyderabad IN,True,617.0,2946.7200000000003,4.13
3797,33019,116-ZA-T30,FPQ-12523,SCMS-199310,ASN-29450,South Africa,PMO - US,Direct Drop,DDP,Truck,2013-07-12,2013-08-13,2014-11-19,2014-11-19,2014-11-19,ARV,Adult,S. BUYS WHOLESALER,"Darunavir 300mg [Prezista], tablets, 120 Tabs",Darunavir,Prezista,300mg,Tablet,120,76,5844.58,76.9,0.64,"Janssen-Cilag, Latina, IT",True,127.5,0.0,7.23
3798,33050,104-CI-T30,FPQ-13629,SCMS-228890,ASN-30737,Côte d'Ivoire,PMO - US,Direct Drop,FCA,Air,2014-01-31,2014-03-03,2015-03-10,2015-03-10,2015-03-10,ARV,Pediatric,ABBVIE LOGISTICS (FORMERLY ABBOTT LOGISTICS BV),"Lopinavir/Ritonavir 80/20mg/ml [Kaletra], oral solution, cool, Bottle 5 x 60 ml",Lopinavir/Ritonavir,Kaletra,80/20mg/ml,Oral solution,300,500,15410.0,30.82,0.1,ABBVIE (Abbott) Logis. UK,True,632.0,7514.75,15.84
3799,33077,161-ZA-T30,FPQ-6262,SCMS-83720,ASN-9714,South Africa,PMO - US,Direct Drop,DDP,Air,2010-08-31,2010-09-24,2011-03-23,2011-03-23,2011-03-23,ARV,Adult,Aurobindo Pharma Limited,"Abacavir 300mg, tablets, 60 Tabs",Abacavir,Generic,300mg,Tablet,60,7600,121448.0,15.98,0.27,"Aurobindo Unit III, India",True,782.0,2534.68,261.84
3800,33097,116-ZA-T30,FPQ-11828,SCMS-183950,ASN-19166,South Africa,South Africa Field Office,Direct Drop,DDP,Truck,2013-03-18,2012-10-16,2013-04-16,2013-04-16,2013-04-16,ARV,Pediatric,S. BUYS WHOLESALER,"Nevirapine 10mg/ml [Viramune], oral suspension, Bottle, 240 ml",Nevirapine,Viramune,10mg/ml,Oral suspension,240,212,2720.61,12.83,0.05,Boehringer Ingelheim Roxane US,False,668.5,0.0,3.37
3801,33116,107-RW-T30,FPQ-10092,SCMS-149431,ASN-15554,Rwanda,PMO - US,Direct Drop,EXW,Air,2012-06-04,2012-06-12,2012-08-04,2012-08-04,2012-08-04,ARV,Adult,HETERO LABS LIMITED,"Lamivudine/Tenofovir Disoproxil Fumarate 300/300mg, tablets, 30 Tabs",Lamivudine/Tenofovir Disoproxil Fumarate,Generic,300/300mg,Tablet - FDC,30,61209,293191.11,4.79,0.16,Hetero Unit III Hyderabad IN,True,9117.0,98763.02,411.05
3802,34226,102-SD-T30,FPQ-5295,SCMS-69270,ASN-6658,Sudan,PMO - US,Direct Drop,EXW,Air,2010-03-15,2010-03-24,2010-05-18,2010-05-18,2010-05-18,HRDT,HIV test,"Orgenics, Ltd","HIV 1/2, Determine Complete HIV Kit, 100 Tests","HIV 1/2, Determine Complete HIV Kit",Determine,no_dosage,Test kit,100,350,28000.0,80.0,0.8,Inverness Japan,True,104.0,2023.76,60.37
3803,33168,109-TZ-T30,FPQ-11427,SCMS-175480,ASN-19502,Tanzania,PMO - US,Direct Drop,EXW,Air,2013-01-15,2013-02-15,2013-06-18,2013-06-18,2013-06-18,ARV,Adult,MYLAN LABORATORIES LTD (FORMERLY MATRIX LABORATORIES),"Atazanavir/Ritonavir 300/100mg, tablets, 30 Tabs",Atazanavir/Ritonavir,Generic,300/100mg,Tablet,30,4779,107527.5,22.5,0.75,Mylan (formerly Matrix) Nashik,True,643.0,4142.07,133.01
3804,33179,114-UG-T30,FPQ-15314,SCMS-264750,ASN-31496,Uganda,PMO - US,Direct Drop,EXW,Air,2014-11-11,2014-12-04,2015-05-05,2015-05-05,2015-05-05,HRDT,HIV test,"Orgenics, Ltd","HIV 1/2, Determine Complete HIV Kit, 100 Tests","HIV 1/2, Determine Complete HIV Kit",Determine,no_dosage,Test kit,100,6227,498160.0,80.0,0.8,"Alere Medical Co., Ltd.",True,2527.0,20534.4,586.33
3805,33190,116-ZA-T30,FPQ-14942,SCMS-259075,ASN-32138,South Africa,PMO - US,Direct Drop,DDP,Truck,2014-09-11,2015-05-11,2015-05-12,2015-05-12,2015-05-12,ARV,Adult,PHARMACY DIRECT,"Lamivudine 150mg, tablets, 60 Tabs",Lamivudine,Generic,150mg,Tablet,60,3,19.82,6.61,0.11,"Aurobindo Unit III, India",False,1.0,0.0,0.02
3806,33218,106-HT-T30,FPQ-14083,SCMS-240190,ASN-26906,Haiti,PMO - US,Direct Drop,EXW,Ocean,2014-05-11,2014-06-02,2014-10-20,2014-10-20,2014-10-24,ARV,Pediatric,Aurobindo Pharma Limited,"Nevirapine 10mg/ml, oral suspension, Bottle, 240 ml",Nevirapine,Generic,10mg/ml,Oral suspension,240,3300,4983.0,1.51,0.01,"Aurobindo Unit III, India",True,2143.0,7785.125,5.12
3807,33232,114-UG-T30,FPQ-13696,SCMS-231380,ASN-26594,Uganda,PMO - US,Direct Drop,EXW,Air,2014-02-19,2014-03-21,2014-06-26,2014-06-26,2014-06-27,ARV,Adult,MYLAN LABORATORIES LTD (FORMERLY MATRIX LABORATORIES),"Atazanavir/Ritonavir 300/100mg, tablets, 30 Tabs",Atazanavir/Ritonavir,Generic,300/100mg,Tablet,30,1801,36020.0,20.0,0.67,Mylan (formerly Matrix) Nashik,True,225.0,1726.75,37.03
3808,33263,106-HT-T30,FPQ-9621,SCMS-147160,ASN-16866,Haiti,PMO - US,Direct Drop,FCA,Air,2012-04-20,2012-08-03,2012-11-08,2012-11-08,2012-11-08,ARV,Pediatric,LAWRENCE LABORATORIES (SUBSIDIARY OF BRISTOL MYERS SQUIBB),"Didanosine 2g [Videx], powder for oral solution 10mg/ml, reconstitute to 200 ml",Didanosine,Videx,2g,Powder for oral solution,200,98,1233.82,12.59,0.06,Bristol-Myers Squibb Anagni IT,True,22.0,1662.72,1.73
3809,33296,114-UG-T30,FPQ-6918,SCMS-96910,ASN-10338,Uganda,PMO - US,Direct Drop,DDP,Air,2011-01-06,2011-01-21,2011-03-29,2011-03-29,2011-03-29,ARV,Adult,ASPEN PHARMACARE,"Darunavir 300mg [Prezista], tablets, 120 Tabs",Darunavir,Prezista,300mg,Tablet,120,95,8780.85,92.43,0.77,"Aspen-OSD, Port Elizabeth, SA",True,14.0,171.0,14.49
3810,33305,161-ZA-T30,FPQ-7175,SCMS-104030,ASN-12189,South Africa,PMO - US,Direct Drop,DDP,Ocean,2011-03-10,2011-03-28,2011-11-18,2011-11-18,2011-11-18,ARV,Adult,CIPLA LIMITED,"Tenofovir Disoproxil Fumarate 300mg, tablets, 30 Tabs",Tenofovir Disoproxil Fumarate,Generic,300mg,Tablet,30,113000,731110.0,6.47,0.22,"Cipla, Goa, India",True,7663.0,9560.03,1206.33
3811,33314,151-NG-T30,FPQ-16553,SCMS-296470,ASN-33749,Nigeria,PMO - US,Direct Drop,EXW,Air,2015-07-07,2015-08-04,2015-09-02,2015-09-02,2015-09-09,ARV,Pediatric,CIPLA LIMITED,"Abacavir/Lamivudine 60/30mg, dispersible tablets, 60 Tabs",Abacavir/Lamivudine,Generic,60/30mg,Chewable/dispersible tablet - FDC,60,13429,67145.0,5.0,0.08,"Cipla, Patalganga, India",True,3522.0,10144.765,79.03
3812,33359,114-UG-T30,FPQ-14325,SCMS-250220,ASN-29067,Uganda,PMO - US,Direct Drop,CIP,Air,2014-05-26,2014-08-25,2014-11-01,2014-11-01,2014-11-02,ARV,Adult,JANSSEN SCIENCES IRELAND UC (FORMERLY JANSSEN R&D IRELAND),"Etravirine 100mg [Intelence], tablets, 120 Tabs",Etravirine,Intelence,100mg,Tablet,120,501,18036.0,36.0,0.3,"Janssen-Cilag, Latina, IT",True,151.0,297.25,18.54
3813,33360,106-HT-T30,FPQ-11433,SCMS-178730,ASN-18767,Haiti,PMO - US,Direct Drop,CIP,Air,2013-01-31,2013-02-27,2013-04-02,2013-04-02,2013-04-02,ARV,Adult,ETHNOR DEL ISTMO S.A.,"Darunavir 300mg [Prezista], tablets, 120 Tabs",Darunavir,Prezista,300mg,Tablet,120,120,7992.0,66.6,0.55,"Janssen Ortho LLC, Puerto Rico",True,26.0,240.0,9.89
3814,33379,106-HT-T30,FPQ-14083,SCMS-240202,ASN-28246,Haiti,PMO - US,Direct Drop,EXW,Ocean,2014-05-11,2014-07-31,2014-11-17,2014-11-17,2014-11-17,ARV,Adult,MYLAN LABORATORIES LTD (FORMERLY MATRIX LABORATORIES),"Lamivudine/Nevirapine/Zidovudine 150/200/300mg, tablets, 60 Tabs",Lamivudine/Nevirapine/Zidovudine,Generic,150/300/200mg,Tablet - FDC,60,33624,272354.4,8.1,0.13,Mylan (formerly Matrix) Nashik,True,668.5,7785.125,279.98
3815,33402,102-ML-T30,FPQ-13391,SCMS-221932,ASN-24648,Mali,PMO - US,Direct Drop,EXW,Air,2013-12-16,2014-01-22,2014-03-31,2014-03-31,2014-04-14,HRDT,HIV test,"Orgenics, Ltd","HIV 1/2, Clearview Complete Kit, 25 Tests","HIV 1/2, Clearview Complete Kit",Clearview,no_dosage,Test kit,25,154,14630.0,95.0,3.8,Chembio Diagnostics Sys. Inc.,True,87.0,2445.68,15.04
3816,33403,116-ZA-T30,FPQ-3560,SCMS-49631,ASN-5446,South Africa,PMO - US,Direct Drop,DDP,Truck,2009-05-07,2009-07-21,2009-09-14,2009-09-30,2009-09-30,ARV,Adult,S. BUYS WHOLESALER,"Efavirenz 600mg, tablets, 30 Tabs",Efavirenz,Generic,600mg,Tablet,30,6387,121664.04,19.05,0.64,"Cipla, Goa, India",True,668.5,0.0,238.46
3817,33422,108-VN-T30,FPQ-10811,SCMS-164550,ASN-18970,Vietnam,PMO - US,Direct Drop,EXW,Air,2012-10-15,2012-07-11,2013-05-15,2013-05-15,2013-05-15,ARV,Adult,STRIDES ARCOLAB LIMITED,"Lamivudine/Nevirapine/Zidovudine 150/200/300mg, tablets, 60 Tabs",Lamivudine/Nevirapine/Zidovudine,Generic,150/300/200mg,Tablet - FDC,60,14142,119075.64,8.42,0.14,"Strides, Bangalore, India.",True,1741.0,3821.49,147.3
3818,33441,108-VN-T30,FPQ-14516,SCMS-251680,ASN-29384,Vietnam,PMO - US,Direct Drop,EXW,Air,2014-07-09,2014-08-11,2014-12-24,2014-12-24,2014-12-24,ARV,Adult,HETERO LABS LIMITED,"Tenofovir Disoproxil Fumarate 300mg, tablets, 30 Tabs",Tenofovir Disoproxil Fumarate,Generic,300mg,Tablet,30,6000,21300.0,3.55,0.12,Hetero Unit III Hyderabad IN,True,2490.0,4545.64,21.9
3819,33450,113-ZW-T30,FPQ-7521,SCMS-108020,ASN-13966,Zimbabwe,PMO - US,Direct Drop,EXW,Air,2011-04-07,2011-05-05,2012-03-20,2012-03-20,2012-03-20,HRDT,HIV test,"Orgenics, Ltd","HIV 1/2, Determine Complete HIV Kit, 100 Tests","HIV 1/2, Determine Complete HIV Kit",Determine,no_dosage,Test kit,100,1967,157360.0,80.0,0.8,Inverness Japan,True,1004.0,18612.64,259.64
3820,33494,108-VN-T30,FPQ-13524,SCMS-226260,ASN-26928,Vietnam,PMO - US,Direct Drop,EXW,Air,2014-02-06,2014-03-10,2014-07-30,2014-07-30,2014-08-01,ARV,Adult,HETERO LABS LIMITED,"Tenofovir Disoproxil Fumarate 300mg, tablets, 30 Tabs",Tenofovir Disoproxil Fumarate,Generic,300mg,Tablet,30,9300,33015.0,3.55,0.12,Hetero Unit III Hyderabad IN,False,550.0,4400.805,33.94
3821,33522,104-CI-T30,FPQ-9874,SCMS-147590,ASN-17853,Côte d'Ivoire,PMO - US,Direct Drop,EXW,Air,2012-05-11,2012-06-13,2013-02-06,2013-02-06,2013-02-06,HRDT,HIV test,"Orgenics, Ltd","HIV 1/2, Determine Complete HIV Kit, 100 Tests","HIV 1/2, Determine Complete HIV Kit",Determine,no_dosage,Test kit,100,2400,192000.0,80.0,0.8,"Alere Medical Co., Ltd.",True,1043.0,20882.95,269.18
3822,33544,111-MZ-T30,FPQ-11923,SCMS-187130,ASN-21340,Mozambique,PMO - US,Direct Drop,FCA,Air,2013-04-19,2013-04-25,2013-09-30,2013-09-30,2013-09-30,ARV,Adult,ABBVIE LOGISTICS (FORMERLY ABBOTT LOGISTICS BV),"Ritonavir 100mg [Norvir], film coated tablets, 60 Tabs",Ritonavir,Norvir,100mg,Tablet,60,168,1150.8,6.85,0.11,ABBVIE Ludwigshafen Germany,True,23.0,851.62,1.42
3823,36816,106-HT-T30,FPQ-9635,SCMS-148410,ASN-15840,Haiti,PMO - US,Direct Drop,EXW,Air,2012-05-14,2012-07-12,2012-08-16,2012-08-16,2012-08-16,ARV,Adult,Aurobindo Pharma Limited,"Stavudine 30mg, capsules, 60 Caps",Stavudine,Generic,30mg,Capsule,60,90,126.0,1.4,0.02,"Aurobindo Unit III, India",True,6.0,941.74,0.18
3824,33615,116-ZA-T30,FPQ-12522,SCMS-199289,ASN-28037,South Africa,PMO - US,Direct Drop,DDP,Truck,2013-07-11,2014-08-29,2014-08-29,2014-08-29,2014-08-29,ARV,Adult,S. BUYS WHOLESALER,"Nevirapine 200mg, tablets, 60 Tabs",Nevirapine,Generic,200mg,Tablet,60,83,1624.98,19.58,0.33,"Aurobindo Unit III, India",False,16.0,0.0,2.01
3825,33631,103-ZW-T30,FPQ-12094,SCMS-186830,ASN-22178,Zimbabwe,PMO - US,Direct Drop,FCA,Air,2013-04-19,2013-04-25,2013-12-13,2013-12-13,2013-12-16,ARV,Pediatric,LAWRENCE LABORATORIES (SUBSIDIARY OF BRISTOL MYERS SQUIBB),"Didanosine 25mg [Videx], chewable tablets, 60 Tabs",Didanosine,Videx,25mg,Chewable/dispersible tablet,60,372,2604.0,7.0,0.12,Bristol-Myers Squibb Anagni IT,True,95.0,2265.88,3.22
3826,33634,161-ZA-T30,FPQ-6262,SCMS-83830,ASN-9196,South Africa,PMO - US,Direct Drop,DDP,Ocean,2010-08-31,2010-09-24,2011-02-01,2011-02-01,2011-02-01,ARV,Adult,Aurobindo Pharma Limited,"Efavirenz 600mg, tablets, 30 Tabs",Efavirenz,Generic,600mg,Tablet,30,96764,438340.92,4.53,0.15,"Aurobindo Unit III, India",True,8468.0,30412.15,945.06
3827,33654,116-ZA-T30,FPQ-13973,SCMS-238551,ASN-26882,South Africa,PMO - US,Direct Drop,DDP,Truck,2014-04-30,2014-06-25,2014-06-25,2014-06-25,2014-06-25,ARV,Adult,PHARMACY DIRECT,"Lamivudine/Zidovudine 150/300mg, tablets, 60 Tabs",Lamivudine/Zidovudine,Generic,150/300mg,Tablet - FDC,60,18,561.46,31.19,0.52,"Aurobindo Unit III, India",False,55.0,0.0,0.58
3828,33665,105-GH-T30,FPQ-14050,SCMS-236690,ASN-27495,Ghana,PMO - US,Direct Drop,EXW,Air,2014-04-12,2014-05-15,2014-09-11,2014-09-11,2014-09-11,ARV,Adult,MYLAN LABORATORIES LTD (FORMERLY MATRIX LABORATORIES),"Efavirenz/Lamivudine/Tenofovir Disoproxil Fumarate 600/300/300mg, tablets, 30 Tabs",Efavirenz/Lamivudine/Tenofovir Disoproxil Fumarate,Generic,600/300/300mg,Tablet - FDC,30,38692,415552.08,10.74,0.36,Mylan (formerly Matrix) Nashik,True,4707.0,32683.47,427.19
3829,33684,104-CI-T30,FPQ-11294,SCMS-173130,ASN-19139,Côte d'Ivoire,PMO - US,Direct Drop,EXW,Air,2012-12-14,2013-01-15,2013-04-26,2013-04-26,2013-04-26,HRDT,HIV test,"Orgenics, Ltd","HIV 1/2, Determine Complete HIV Kit, 100 Tests","HIV 1/2, Determine Complete HIV Kit",Determine,no_dosage,Test kit,100,2953,236240.0,80.0,0.8,"Alere Medical Co., Ltd.",True,1284.0,23273.76,292.23
3830,33701,116-ZA-T30,FPQ-13035,SCMS-215370,ASN-24415,South Africa,PMO - US,Direct Drop,DDP,Truck,2013-10-08,2013-12-02,2014-02-06,2014-02-06,2014-02-06,ARV,Adult,S. BUYS WHOLESALER,"Stavudine 20mg [Zerit], capsules, 60 Caps",Stavudine,Zerit,20mg,Capsule,60,8,38.34,4.79,0.08,Bristol-Myers Squibb Anagni IT,False,48.0,0.0,0.05
3831,33719,116-ZA-T30,FPQ-14942,SCMS-295800,ASN-33865,South Africa,PMO - US,Direct Drop,DDP,Truck,2014-09-11,2015-08-24,2015-08-24,2015-08-24,2015-08-24,ARV,Pediatric,PHARMACY DIRECT,"Lamivudine 10mg/ml, oral solution, Bottle, 240 ml",Lamivudine,Generic,10mg/ml,Oral solution,240,17,91.92,5.41,0.02,"Aurobindo Unit III, India",False,50.0,0.0,0.09
3832,33760,108-VN-T30,FPQ-7898,SCMS-113611,ASN-14064,Vietnam,PMO - US,Direct Drop,EXW,Air,2011-06-27,2011-07-08,2012-03-29,2012-03-29,2012-03-29,ARV,Adult,STRIDES ARCOLAB LIMITED,"Efavirenz 600mg, tablets, 30 Tabs",Efavirenz,Generic,600mg,Tablet,30,18854,77301.4,4.1,0.14,"Strides, Bangalore, India.",True,1146.0,5977.2,127.55
3833,33773,116-ZA-T30,FPQ-14942,SCMS-259077,ASN-33477,South Africa,PMO - US,Direct Drop,DDP,Truck,2014-09-11,2014-10-09,2015-07-24,2015-07-24,2015-07-24,ARV,Adult,PHARMACY DIRECT,"Lamivudine 150mg, tablets, 60 Tabs",Lamivudine,Generic,150mg,Tablet,60,65,429.44,6.61,0.11,"Aurobindo Unit III, India",False,4.0,0.0,0.44
3834,33799,109-TZ-T30,FPQ-13048,SCMS-210890,ASN-23967,Tanzania,PMO - US,Direct Drop,FCA,Air,2013-10-03,2013-10-31,2014-03-07,2014-03-07,2014-03-11,ARV,Pediatric,ABBVIE LOGISTICS (FORMERLY ABBOTT LOGISTICS BV),"Lopinavir/Ritonavir 100/25mg [Aluvia], tablets, 60 Tabs",Lopinavir/Ritonavir,Generic,100/25mg,Tablet,60,1742,10347.48,5.94,0.1,ABBVIE Ludwigshafen Germany,True,208.0,2336.46,12.8
3835,33807,106-HT-T30,FPQ-11287,SCMS-176360,ASN-21068,Haiti,PMO - US,Direct Drop,FCA,Air,2013-01-16,2013-02-05,2013-09-11,2013-09-11,2013-09-11,ARV,Pediatric,ABBVIE LOGISTICS (FORMERLY ABBOTT LOGISTICS BV),"Lopinavir/Ritonavir 100/25mg [Aluvia], tablets, 60 Tabs",Lopinavir/Ritonavir,Generic,100/25mg,Tablet,60,612,3635.28,5.94,0.1,ABBVIE Ludwigshafen Germany,True,76.0,1259.05,4.5
3836,33810,103-MW-T30,FPQ-10790,SCMS-163880,ASN-17940,Malawi,PMO - US,Direct Drop,EXW,Ocean,2012-10-17,2012-10-31,2013-06-21,2013-06-21,2013-06-21,ARV,Adult,MYLAN LABORATORIES LTD (FORMERLY MATRIX LABORATORIES),"Efavirenz/Lamivudine/Tenofovir Disoproxil Fumarate 600/300/300mg, tablets, 30 Tabs",Efavirenz/Lamivudine/Tenofovir Disoproxil Fumarate,Generic,600/300/300mg,Tablet - FDC,30,6200,71238.0,11.49,0.38,Mylan (formerly Matrix) Nashik,True,701.0,3548.81,88.12
3837,33812,116-ZA-T30,FPQ-14942,SCMS-259075,ASN-32138,South Africa,PMO - US,Direct Drop,DDP,Truck,2014-09-11,2015-05-11,2015-05-12,2015-05-12,2015-05-12,ARV,Pediatric,PHARMACY DIRECT,"Lamivudine 10mg/ml, oral solution, Bottle, 240 ml",Lamivudine,Generic,10mg/ml,Oral solution,240,3,15.5,5.17,0.02,"Aurobindo Unit III, India",False,1.0,0.0,0.02
3838,33833,161-ZA-T30,FPQ-5379,SCMS-69550,ASN-8303,South Africa,PMO - US,Direct Drop,DDP,Air,2010-03-24,2010-03-25,2010-07-01,2010-07-01,2010-07-01,ARV,Pediatric,ASPEN PHARMACARE,"Abacavir 20mg/ml [Ziagen], oral solution, Bottle, 240 ml",Abacavir,Ziagen,20mg/ml,Oral solution,240,80884,1219730.72,15.08,0.06,GSK Mississauga (Canada),True,668.5,0.0,2629.74
3839,33848,102-ML-T30,FPQ-11783,SCMS-182790,ASN-19410,Mali,PMO - US,Direct Drop,CIP,Air,2013-03-15,2013-04-11,2013-07-17,2013-07-17,2013-07-17,HRDT,HIV test - Ancillary,Orasure Technologies Inc.,"HIV, OraQuick Controls Kit, 3 Vials","HIV, OraQuick Controls Kit, 3 Vials",OraQuick,no_dosage,Test kit - Ancillary,1,41,1025.0,25.0,25.0,"Orasure Technologies, Inc USA",True,28.0,0.0,1.27
3840,33861,116-ZA-T30,FPQ-13973,SCMS-238550,ASN-30792,South Africa,PMO - US,Direct Drop,DDP,Truck,2014-04-30,2014-05-08,2015-02-19,2015-02-19,2015-02-19,ARV,Adult,PHARMACY DIRECT,"Didanosine 400mg, delayed-release capsules, 30 Caps",Didanosine,Generic,400mg,Delayed-release capsules,30,3,59.03,19.68,0.66,"Aurobindo Unit III, India",False,1.0,0.0,0.06
3841,33863,901-CM-T30,FPQ-12837,SCMS-204300,ASN-21706,Cameroon,PMO - US,Direct Drop,EXW,Air,2013-08-19,2013-08-23,2013-10-18,2013-11-09,2013-11-19,ARV,Adult,Aurobindo Pharma Limited,"Lamivudine/Nevirapine/Zidovudine 150/200/300mg, tablets, 60 Tabs",Lamivudine/Nevirapine/Zidovudine,Generic,150/300/200mg,Tablet - FDC,60,38515,313126.95,8.13,0.14,"Aurobindo Unit III, India",True,4892.0,41173.77,387.34
3842,33868,161-ZA-T30,FPQ-6708,SCMS-93520,ASN-9579,South Africa,PMO - US,Direct Drop,DDP,Ocean,2010-11-26,2010-12-06,2011-06-26,2011-06-26,2011-06-26,ARV,Adult,Aurobindo Pharma Limited,"Tenofovir Disoproxil Fumarate 300mg, tablets, 30 Tabs",Tenofovir Disoproxil Fumarate,Generic,300mg,Tablet,30,70331,467701.15,6.65,0.22,"Aurobindo Unit III, India",True,6564.0,12396.57,771.71
3843,34235,116-ZA-T30,FPQ-5535,SCMS-71370,ASN-7373,South Africa,PMO - US,Direct Drop,DDP,Truck,2010-04-19,2010-04-21,2010-05-31,2010-05-31,2010-05-31,ARV,Adult,S. BUYS WHOLESALER,"Lamivudine 150mg [Epivir], tablets, 60 Tabs",Lamivudine,Epivir,150mg,Tablet,60,2500,14939.06,5.98,0.1,GSK Ware (UK),False,284.0,0.0,32.21
3844,33872,108-VN-T30,FPQ-13524,SCMS-226220,ASN-26924,Vietnam,PMO - US,Direct Drop,EXW,Air,2014-02-06,2014-03-10,2014-07-29,2014-07-29,2014-08-06,ARV,Adult,HETERO LABS LIMITED,"Efavirenz/Lamivudine/Tenofovir Disoproxil Fumarate 600/300/300mg, tablets, 30 Tabs",Efavirenz/Lamivudine/Tenofovir Disoproxil Fumarate,Generic,600/300/300mg,Tablet - FDC,30,22752,238896.0,10.5,0.35,Hetero Unit III Hyderabad IN,True,3195.0,5583.11,245.59
3845,33882,161-ZA-T30,FPQ-6708,SCMS-93620,ASN-10110,South Africa,PMO - US,Direct Drop,DDP,Ocean,2010-11-26,2010-12-14,2011-05-05,2011-05-05,2011-05-05,ARV,Adult,CIPLA LIMITED,"Tenofovir Disoproxil Fumarate 300mg, tablets, 30 Tabs",Tenofovir Disoproxil Fumarate,Generic,300mg,Tablet,30,150000,1029000.0,6.86,0.23,"Cipla, Goa, India",True,10151.0,19569.93,1697.85
3846,33896,105-GH-T30,FPQ-13809,SCMS-234080,ASN-28229,Ghana,PMO - US,Direct Drop,EXW,Air,2014-03-07,2014-04-15,2014-11-21,2014-11-21,2014-11-25,ARV,Adult,MYLAN LABORATORIES LTD (FORMERLY MATRIX LABORATORIES),"Lamivudine/Zidovudine 150/300mg, tablets, 60 Tabs",Lamivudine/Zidovudine,Generic,150/300mg,Tablet - FDC,60,25687,166708.63,6.49,0.11,Mylan (formerly Matrix) Nashik,True,2184.0,15041.23,171.38
3847,33909,105-SS-T30,FPQ-14470,SCMS-245240,ASN-29503,South Sudan,PMO - US,Direct Drop,EXW,Air,2014-06-17,2014-07-01,2015-01-09,2015-01-09,2015-01-19,HRDT,HIV test,"Trinity Biotech, Plc","HIV 1/2, Uni-Gold HIV Kit, 20 Tests","HIV 1/2, Uni-Gold HIV Kit",Uni-Gold,no_dosage,Test kit,20,25,800.0,32.0,1.6,"Trinity Biotech, Plc",False,39.5,2575.925,0.82
3848,33948,116-ZA-T30,FPQ-13973,SCMS-238552,ASN-27606,South Africa,PMO - US,Direct Drop,DDP,Truck,2014-04-30,2014-08-05,2014-08-05,2014-08-05,2014-08-05,ARV,Adult,PHARMACY DIRECT,"Efavirenz 600mg, tablets, 30 Tabs",Efavirenz,Generic,600mg,Tablet,30,60,935.76,15.6,0.52,"Aurobindo Unit III, India",False,108.0,0.0,0.96
3849,33962,106-HT-T30,FPQ-4337,SCMS-56120,ASN-5630,Haiti,PMO - US,Direct Drop,CIP,Air,2009-10-13,2009-11-06,2009-12-21,2009-12-21,2009-12-21,ARV,Pediatric,BRISTOL-MYERS SQUIBB,"Didanosine 25mg [Videx], chewable tablets, 60 Tabs",Didanosine,Videx,25mg,Chewable/dispersible tablet,60,120,840.0,7.0,0.12,"BMS Meymac, France",True,29.0,260.0,1.65
3850,33964,901-CM-T30,FPQ-12837,SCMS-204300,ASN-21698,Cameroon,PMO - US,Direct Drop,EXW,Air,2013-08-19,2013-08-23,2013-10-18,2013-10-18,2013-10-18,ARV,Adult,Aurobindo Pharma Limited,"Zidovudine 300mg, tablets, 60 Tabs",Zidovudine,Generic,300mg,Tablet,60,16820,91332.6,5.43,0.09,"Aurobindo Unit III, India",True,2993.0,28620.2,112.98
3851,33969,109-TZ-T30,FPQ-5446,SCMS-71300,ASN-7529,Tanzania,PMO - US,Direct Drop,EXW,Ocean,2010-04-15,2010-04-23,2010-09-21,2010-09-21,2010-09-21,ARV,Adult,MYLAN LABORATORIES LTD (FORMERLY MATRIX LABORATORIES),"Efavirenz/Emtricitabine/Tenofovir Disoproxil Fumarate 600/200/300mg, tablets, 30 Tabs",Efavirenz/Emtricitabine/Tenofovir Disoproxil Fumarate,Generic,600/200/300mg,Tablet - FDC,30,57727,1148767.3,19.9,0.66,Mylan (formerly Matrix) Nashik,True,6349.0,27797.6,2476.74
3852,34010,114-UG-T30,FPQ-15303,SCMS-264961,ASN-32047,Uganda,PMO - US,Direct Drop,EXW,Air,2014-11-11,2014-11-25,2015-05-26,2015-05-26,2015-06-01,ARV,Adult,EMCURE PHARMACEUTICALS LTD,"Atazanavir/Ritonavir 300/100mg, tablets, 30 Tabs",Atazanavir/Ritonavir,Generic,300/100mg,Tablet,30,1000,18000.0,18.0,0.6,"Emcure Plot No.P-2, I.T-B.T. Park, Phase II, MIDC, Hinjwadi, Pune, India",True,132.0,1329.99,21.19
3853,34028,107-RW-T30,FPQ-4047,SCMS-50840,ASN-7094,Rwanda,PMO - US,Direct Drop,CIP,Air,2009-07-28,2009-08-18,2010-06-13,2010-06-13,2010-06-13,ARV,Adult,HETERO LABS LIMITED,"Lamivudine 150mg, tablets, 60 Tabs",Lamivudine,Generic,150mg,Tablet,60,4500,11655.0,2.59,0.04,Hetero Unit III Hyderabad IN,True,277.0,1393.42,22.84
3854,34058,109-TZ-T30,FPQ-13945,SCMS-235400,ASN-31018,Tanzania,PMO - US,Direct Drop,EXW,Air,2014-03-27,2014-05-06,2015-04-28,2015-04-28,2015-04-28,HRDT,HIV test,"Trinity Biotech, Plc","HIV 1/2, Uni-Gold HIV Kit, 20 Tests","HIV 1/2, Uni-Gold HIV Kit",Uni-Gold,no_dosage,Test kit,20,84,2688.0,32.0,1.6,"Trinity Biotech, Plc",True,33.0,939.38,2.76
3855,34062,108-VN-T30,FPQ-12051,SCMS-188651,ASN-24041,Vietnam,PMO - US,Direct Drop,EXW,Air,2013-05-03,2013-11-28,2014-05-30,2014-05-30,2014-05-31,ARV,Adult,MYLAN LABORATORIES LTD (FORMERLY MATRIX LABORATORIES),"Lamivudine/Zidovudine 150/300mg, tablets, 60 Tabs",Lamivudine/Zidovudine,Generic,150/300mg,Tablet - FDC,60,9789,66075.75,6.75,0.11,Mylan (formerly Matrix) Nashik,True,1585.0,2965.32,81.74
3856,34103,106-HT-T30,FPQ-13494,SCMS-225422,ASN-27237,Haiti,PMO - US,Direct Drop,EXW,Air,2014-01-21,2014-02-19,2014-08-28,2014-08-28,2014-08-28,HRDT,HIV test,"SHANGHAI KEHUA BIOENGINEERING CO.,LTD.  (KHB)","HIV 1/2, SKB Colloidal Gold, Diagnostic Kit, Antibody, 50 Tests","HIV 1/2, Colloidal Gold, Diagnostic Kit, Antibody",Colloidal Gold,no_dosage,Test kit,1,450,11025.0,24.5,24.5,"KHB Test Kit Facility, Shanghai China",True,300.0,3446.68,11.33
3857,34113,105-SS-T30,FPQ-11539,SCMS-176931,ASN-20331,South Sudan,PMO - US,Direct Drop,EXW,Air,2013-01-24,2013-02-26,2013-09-20,2013-09-20,2013-09-20,HRDT,HIV test - Ancillary,"Orgenics, Ltd","Chase Buffer, Determine, 100 Tests, 2.5ml x 1 Vial","Chase Buffer, Determine, 100 Tests, 2.5ml x 1 Vial",Determine,no_dosage,Test kit - Ancillary,1,115,575.0,5.0,5.0,"Alere Medical Co., Ltd.",True,115.0,2660.05,0.71
3858,34119,116-ZA-T30,FPQ-14942,SCMS-259077,ASN-33479,South Africa,PMO - US,Direct Drop,DDP,Truck,2014-09-11,2014-10-09,2015-07-24,2015-07-24,2015-07-24,ARV,Adult,PHARMACY DIRECT,"Etravirine 100mg [Intelence], tablets, 120 Tabs",Etravirine,Intelence,100mg,Tablet,120,1,27.51,27.51,0.23,"Janssen-Cilag, Latina, IT",True,63.0,0.0,0.03
3859,34122,104-CI-T30,FPQ-13125,SCMS-215031,ASN-24897,Côte d'Ivoire,PMO - US,Direct Drop,EXW,Air,2013-10-25,2013-11-21,2014-03-17,2014-03-17,2014-03-18,HRDT,HIV test,"Standard Diagnostics, Inc.","HIV 1/2, Bioline 3.0 Kit, Lancets, Capillary pipets, Alcohol swabs included, 25 Tests","HIV 1/2, Bioline 3.0 Kit, Lancets, Capillary pipets, Alcohol swabs included",Bioline,no_dosage,Test kit,25,2700,55350.0,20.5,0.82,"Standard Diagnostics, Korea",True,900.0,9024.04,56.9
3860,34140,109-TZ-T30,FPQ-16453,SCMS-293550,ASN-33357,Tanzania,PMO - US,Direct Drop,EXW,Air,2015-06-08,2015-06-25,2015-08-24,2015-08-24,2015-08-28,HRDT,HIV test,"Orgenics, Ltd","HIV 1/2, Determine Complete HIV Kit, 100 Tests","HIV 1/2, Determine Complete HIV Kit",Determine,no_dosage,Test kit,100,1900,152000.0,80.0,0.8,"Alere Medical Co., Ltd.",True,656.5,8925.0,178.9
3861,34143,116-ZA-T30,FPQ-14942,SCMS-259075,ASN-32122,South Africa,PMO - US,Direct Drop,DDP,Truck,2014-09-11,2015-05-11,2015-05-12,2015-05-12,2015-05-12,ARV,Pediatric,PHARMACY DIRECT,"Lamivudine 10mg/ml, oral solution, Bottle, 240 ml",Lamivudine,Generic,10mg/ml,Oral solution,240,6,31.01,5.17,0.02,"Aurobindo Unit III, India",False,9.0,0.0,0.03
3862,34164,102-SZ-T30,FPQ-7281,SCMS-109450,ASN-11528,Swaziland,PMO - US,Direct Drop,EXW,Air,2011-03-28,2011-06-17,2011-08-08,2011-08-08,2011-08-08,HRDT,HIV test,"Orgenics, Ltd","HIV 1/2, Determine Complete HIV Kit, 100 Tests","HIV 1/2, Determine Complete HIV Kit",Determine,no_dosage,Test kit,100,90,7200.0,80.0,0.8,Inverness Japan,False,39.0,3467.885,11.88
3863,34184,108-VN-T30,FPQ-6818,SCMS-98170,ASN-10617,Vietnam,PMO - US,Direct Drop,FCA,Air,2011-01-17,2011-02-09,2011-05-10,2011-05-10,2011-05-10,ARV,Adult,ABBVIE LOGISTICS (FORMERLY ABBOTT LOGISTICS BV),"Ritonavir 100mg [Norvir], capsules, cool, 4 x 84 Caps",Ritonavir,Norvir,100mg,Capsule,336,36,7434.36,206.51,0.61,ABBVIE (Abbott) Logis. UK,True,111.0,7300.68,12.27
3864,34267,114-UG-T30,FPQ-13816,SCMS-231330,ASN-25469,Uganda,PMO - US,Direct Drop,EXW,Air,2014-02-27,2014-03-19,2014-04-22,2014-04-22,2014-04-24,HRDT,HIV test,"Orgenics, Ltd","HIV 1/2, Determine Complete HIV Kit, 100 Tests","HIV 1/2, Determine Complete HIV Kit",Determine,no_dosage,Test kit,100,5486,438880.0,80.0,0.8,"Alere Medical Co., Ltd.",True,2224.0,21346.47,451.17
3865,34280,108-VN-T30,FPQ-5317,SCMS-69520,ASN-7485,Vietnam,PMO - US,Direct Drop,EXW,Air,2010-03-22,2010-03-29,2010-08-03,2010-08-03,2010-08-03,ARV,Adult,STRIDES ARCOLAB LIMITED,"Lamivudine 150mg, tablets, 60 Tabs",Lamivudine,Generic,150mg,Tablet,60,5600,13160.0,2.35,0.04,"Strides, Bangalore, India.",False,987.0,4400.805,28.37
3866,34319,133-NG-T30,FPQ-14995,SCMS-260700,ASN-29932,Nigeria,PMO - US,Direct Drop,EXW,Air,2014-09-22,2014-10-29,2015-01-19,2015-01-19,2015-01-22,HRDT,HIV test,"Orgenics, Ltd","HIV 1/2, Determine Complete HIV Kit, 100 Tests","HIV 1/2, Determine Complete HIV Kit",Determine,no_dosage,Test kit,100,3176,282664.0,89.0,0.89,"Alere Medical Co., Ltd.",True,1288.0,16002.97,290.58
3867,34336,116-ZA-T30,FPQ-13973,SCMS-238550,ASN-30792,South Africa,PMO - US,Direct Drop,DDP,Truck,2014-04-30,2014-05-08,2015-02-19,2015-02-19,2015-02-19,ARV,Adult,PHARMACY DIRECT,"Tenofovir Disoproxil Fumarate 300mg, tablets, 30 Tabs",Tenofovir Disoproxil Fumarate,Generic,300mg,Tablet,30,3,57.36,19.12,0.64,Mylan (formerly Matrix) Nashik,False,1.0,0.0,0.06
3868,34351,113-ZW-T30,FPQ-4476,SCMS-56180,ASN-5618,Zimbabwe,PMO - US,Direct Drop,EXW,Air,2009-10-27,2009-10-29,2010-01-08,2010-01-08,2010-01-08,HRDT,HIV test,"Orgenics, Ltd","HIV 1/2, Determine Complete HIV Kit, 100 Tests","HIV 1/2, Determine Complete HIV Kit",Determine,no_dosage,Test kit,100,1270,91440.0,72.0,0.72,Inverness Japan,True,635.0,11835.69,197.14
3869,34360,104-CI-T30,FPQ-6897,SCMS-101010,ASN-10906,Côte d'Ivoire,PMO - US,Direct Drop,EXW,Air,2011-01-05,2011-03-11,2011-06-15,2011-06-15,2011-06-15,ARV,Adult,MYLAN LABORATORIES LTD (FORMERLY MATRIX LABORATORIES),"Abacavir/Lamivudine/Zidovudine 300/150/300mg, tablets, 60 Tabs",Abacavir/Lamivudine/Zidovudine,Generic,300/150/300mg,Tablet - FDC,60,2432,72960.0,30.0,0.5,Mylan (formerly Matrix) Nashik,True,403.0,5714.74,120.38
3870,34380,116-ZA-T30,FPQ-12523,SCMS-199315,ASN-27209,South Africa,PMO - US,Direct Drop,DDP,Truck,2013-07-12,2014-07-11,2014-07-11,2014-07-11,2014-07-11,ARV,Pediatric,S. BUYS WHOLESALER,"Atazanavir 150mg [Reyataz], capsules, 60 Caps",Atazanavir,Reyataz,150mg,Capsule,60,2,51.37,25.68,0.43,"BMS Evansville, US",True,1.0,0.0,0.06
3871,34456,105-GH-T30,FPQ-13809,SCMS-234070,ASN-26109,Ghana,PMO - US,Direct Drop,EXW,Air,2014-03-07,2014-04-14,2014-06-12,2014-06-12,2014-06-12,ARV,Adult,STRIDES ARCOLAB LIMITED,"Efavirenz 600mg, tablets, 30 Tabs",Efavirenz,Generic,600mg,Tablet,30,33144,105729.36,3.19,0.11,"Strides, Bangalore, India.",True,1874.0,9507.26,108.69
3872,34459,108-VN-T30,FPQ-9576,SCMS-149030,ASN-16137,Vietnam,PMO - US,Direct Drop,EXW,Air,2012-04-11,2012-06-08,2012-09-28,2012-09-28,2012-09-28,ARV,Adult,HETERO LABS LIMITED,"Lamivudine/Zidovudine 150/300mg, tablets, 60 Tabs",Lamivudine/Zidovudine,Generic,150/300mg,Tablet - FDC,60,7760,59364.0,7.65,0.13,Hetero Unit III Hyderabad IN,True,675.0,1587.92,83.23
3873,34505,101-CD-T30,FPQ-14100,SCMS-239410,ASN-26738,"Congo, DRC",PMO - US,Direct Drop,EXW,Air,2014-04-23,2014-05-20,2014-09-05,2014-09-05,2014-09-16,HRDT,HIV test,"Trinity Biotech, Plc","HIV 1/2, Uni-Gold HIV Kit, 20 Tests","HIV 1/2, Uni-Gold HIV Kit",Uni-Gold,no_dosage,Test kit,20,5,160.0,32.0,1.6,"Trinity Biotech, Plc",False,3.0,2346.5699999999997,0.16
3874,34526,108-VN-T30,FPQ-16123,SCMS-283040,ASN-33511,Vietnam,PMO - US,Direct Drop,FCA,Air,2015-03-26,2015-04-02,2015-09-08,2015-09-08,2015-09-08,ARV,Adult,ABBVIE LOGISTICS (FORMERLY ABBOTT LOGISTICS BV),"Ritonavir 100mg [Norvir], film coated tablets, 30 Tabs",Ritonavir,Norvir,100mg,Tablet,30,450,10467.0,23.26,0.78,ABBVIE Ludwigshafen Germany,True,78.5,4400.805,12.32
3875,34551,133-NG-T30,FPQ-12812,SCMS-210350,ASN-22877,Nigeria,PMO - US,Direct Drop,EXW,Air,2013-08-13,2013-11-01,2013-12-23,2013-12-23,2014-01-10,HRDT,HIV test,"Orgenics, Ltd","HIV 1/2, Determine Complete HIV Kit, 100 Tests","HIV 1/2, Determine Complete HIV Kit",Determine,no_dosage,Test kit,100,9335,830815.0,89.0,0.89,"Alere Medical Co., Ltd.",True,3788.0,61035.9,1027.72
3876,34563,109-TZ-T30,FPQ-4157,SCMS-52776,ASN-5592,Tanzania,PMO - US,Direct Drop,EXW,Air,2009-08-27,2009-09-11,2009-12-24,2009-12-24,2009-12-24,HRDT,HIV test,"Standard Diagnostics, Inc.","HIV 1/2, Bioline 3.0 Kit, (no accessories), 30 Tests","HIV 1/2, Bioline 3.0 Kit (no accessories)",Bioline,no_dosage,Test kit,30,4913,117912.0,24.0,0.8,"Standard Diagnostics, Korea",True,1639.0,2277.0,231.11
3877,34564,102-BI-T30,FPQ-15186,SCMS-260830,ASN-30623,Burundi,PMO - US,Direct Drop,EXW,Air,2014-10-17,2014-11-12,2015-04-21,2015-04-21,2015-04-21,HRDT,HIV test,"Orgenics, Ltd","HIV 1/2, Determine Complete HIV Kit, 100 Tests","HIV 1/2, Determine Complete HIV Kit",Determine,no_dosage,Test kit,100,1586,126880.0,80.0,0.8,"Alere Medical Co., Ltd.",True,972.0,14419.91,149.34
3878,34566,102-KE-T30,FPQ-3984,SCMS-50890,ASN-4752,Kenya,PMO - US,Direct Drop,EXW,Air,2009-07-20,2009-08-03,2009-10-13,2009-10-13,2009-10-13,HRDT,HIV test,"Orgenics, Ltd","HIV 1/2, Determine Complete HIV Kit, 100 Tests","HIV 1/2, Determine Complete HIV Kit",Determine,no_dosage,Test kit,100,100,8000.0,80.0,0.8,Inverness Japan,True,32.0,1555.21,15.68
3879,34582,108-VN-T30,FPQ-13524,SCMS-226211,ASN-27939,Vietnam,PMO - US,Direct Drop,EXW,Air,2014-02-06,2014-06-27,2014-10-27,2014-10-27,2014-10-28,ARV,Adult,MYLAN LABORATORIES LTD (FORMERLY MATRIX LABORATORIES),"Lamivudine/Zidovudine 150/300mg, tablets, 60 Tabs",Lamivudine/Zidovudine,Generic,150/300mg,Tablet - FDC,60,8000,51920.0,6.49,0.11,Mylan (formerly Matrix) Nashik,True,696.0,1599.67,53.37
3880,34593,110-ZM-T30,FPQ-8315,SCMS-120570,ASN-13035,Zambia,PMO - US,Direct Drop,EXW,Air,2011-08-31,2011-09-22,2011-12-20,2011-12-16,2011-12-16,HRDT,HIV test,"Orgenics, Ltd","HIV 1/2, Determine Complete HIV Kit, 100 Tests","HIV 1/2, Determine Complete HIV Kit",Determine,no_dosage,Test kit,100,1224,97920.0,80.0,0.8,"Alere Medical Co., Ltd.",True,588.0,11491.6,161.57
3881,34614,111-MZ-T30,FPQ-5613,SCMS-81040,ASN-8356,Mozambique,PMO - US,Direct Drop,EXW,Air,2010-06-20,2010-08-10,2010-11-04,2010-11-04,2010-11-04,HRDT,HIV test,"Orgenics, Ltd","HIV 1/2, Determine Complete HIV Kit, 100 Tests","HIV 1/2, Determine Complete HIV Kit",Determine,no_dosage,Test kit,100,212,16960.0,80.0,0.8,Inverness Japan,True,97.0,1910.93,36.57
3882,34619,104-CI-T30,FPQ-6183,SCMS-83660,ASN-8992,Côte d'Ivoire,PMO - US,Direct Drop,CIP,Air,2010-08-10,2010-09-10,2010-12-06,2010-12-06,2010-12-06,ARV,Pediatric,MERCK SHARP & DOHME IDEA GMBH (FORMALLY MERCK SHARP & DOHME B.V.),"Efavirenz 30mg/ml [Stocrin/Sustiva], oral solution, Bottle, 180 ml",Efavirenz,Stocrin/Sustiva,30mg/ml,Oral solution,180,4200,71232.0,16.96,0.09,"MSD, Haarlem, NL",True,1234.0,2786.22,153.58
3883,34646,101-CD-T30,FPQ-12093,SCMS-189060,ASN-20770,"Congo, DRC",PMO - US,Direct Drop,FCA,Air,2013-04-23,2013-05-23,2013-11-20,2013-11-20,2013-11-26,ARV,Pediatric,ABBVIE LOGISTICS (FORMERLY ABBOTT LOGISTICS BV),"Lopinavir/Ritonavir 80/20mg/ml [Kaletra], oral solution, cool, Bottle 5 x 60 ml",Lopinavir/Ritonavir,Kaletra,80/20mg/ml,Oral solution,300,30,924.6,30.82,0.1,ABBVIE (Abbott) Logis. UK,True,56.0,1573.41,1.14
3884,34698,153-NA-T30,FPQ-8795,SCMS-131120,ASN-14198,Namibia,PMO - US,Direct Drop,EXW,Air,2011-12-05,2012-01-12,2012-04-13,2012-04-13,2012-04-13,HRDT,HIV test,"Orgenics, Ltd","HIV 1/2, Clearview Complete Kit, 25 Tests","HIV 1/2, Clearview Complete Kit",Clearview,no_dosage,Test kit,25,50,4750.0,95.0,3.8,Chembio Diagnostics Sys. Inc.,True,36.0,481.63,6.66
3885,34700,133-NG-T30,FPQ-14305,SCMS-240830,ASN-27475,Nigeria,PMO - US,Direct Drop,EXW,Air,2014-05-16,2014-06-02,2014-08-19,2014-08-26,2014-09-07,HRDT,HIV test,"Orgenics, Ltd","HIV 1/2, Determine Complete HIV Kit, 100 Tests","HIV 1/2, Determine Complete HIV Kit",Determine,no_dosage,Test kit,100,6375,567375.0,89.0,0.89,"Alere Medical Co., Ltd.",True,3764.0,38029.42,583.26
3886,34718,104-CI-T30,FPQ-13198,SCMS-215300,ASN-25800,Côte d'Ivoire,PMO - US,Direct Drop,FCA,Air,2013-10-28,2013-11-22,2014-05-13,2014-05-13,2014-05-15,ARV,Pediatric,LAWRENCE LABORATORIES (SUBSIDIARY OF BRISTOL MYERS SQUIBB),"Didanosine 25mg [Videx], chewable tablets, 60 Tabs",Didanosine,Videx,25mg,Chewable/dispersible tablet,60,1515,10605.0,7.0,0.12,Bristol-Myers Squibb Anagni IT,True,338.0,2864.63,10.9
3887,34727,133-NG-T30,FPQ-12456,SCMS-196561,ASN-22351,Nigeria,PMO - US,Direct Drop,EXW,Air,2013-06-10,2013-07-10,2013-11-07,2013-11-11,2013-11-17,HRDT,HIV test,"Orgenics, Ltd","HIV 1/2, Determine Complete HIV Kit, 100 Tests","HIV 1/2, Determine Complete HIV Kit",Determine,no_dosage,Test kit,100,3038,270382.0,89.0,0.89,"Alere Medical Co., Ltd.",True,1234.0,21084.84,334.46
3888,34760,101-CD-T30,FPQ-12093,SCMS-189060,ASN-20773,"Congo, DRC",PMO - US,Direct Drop,FCA,Air,2013-04-23,2013-05-23,2013-11-20,2013-11-20,2013-11-26,ARV,Pediatric,ABBVIE LOGISTICS (FORMERLY ABBOTT LOGISTICS BV),"Lopinavir/Ritonavir 80/20mg/ml [Kaletra], oral solution, cool, Bottle 5 x 60 ml",Lopinavir/Ritonavir,Kaletra,80/20mg/ml,Oral solution,300,184,5670.88,30.82,0.1,ABBVIE (Abbott) Logis. UK,True,288.0,460.91,7.01
3889,34769,114-UG-T30,FPQ-15314,SCMS-264730,ASN-31704,Uganda,PMO - US,Direct Drop,EXW,Air,2014-11-11,2014-12-04,2015-04-28,2015-04-28,2015-04-28,HRDT,HIV test,"CHEMBIO DIAGNOSTIC SYSTEMS, INC.","HIV 1/2, Stat-Pak HIV, Kit, 20 Tests","HIV 1/2, Stat-Pak HIV, Kit",Stat-Pak,no_dosage,Test kit,20,6200,192200.0,31.0,1.55,Chembio Diagnostics Sys. Inc.,True,2328.0,13456.05,226.22
3890,34772,161-ZA-T30,FPQ-7175,SCMS-103890,ASN-11307,South Africa,PMO - US,Direct Drop,DDP,Ocean,2011-03-10,2011-03-28,2011-09-02,2011-09-02,2011-09-02,ARV,Adult,STRIDES ARCOLAB LIMITED,"Lamivudine 150mg, tablets, 60 Tabs",Lamivudine,Generic,150mg,Tablet,60,515000,1251450.0,2.43,0.04,"Strides, Bangalore, India.",True,23273.0,31656.61,2064.89
3891,34781,161-ZA-T30,FPQ-6708,SCMS-93560,ASN-11436,South Africa,PMO - US,Direct Drop,DDP,Ocean,2010-11-26,2010-12-14,2011-09-15,2011-09-15,2011-09-15,ARV,Adult,Aurobindo Pharma Limited,"Tenofovir Disoproxil Fumarate 300mg, tablets, 30 Tabs",Tenofovir Disoproxil Fumarate,Generic,300mg,Tablet,30,54245,360729.25,6.65,0.22,"Aurobindo Unit III, India",True,5063.0,10748.74,595.2
3892,34837,117-ET-T30,FPQ-9098,SCMS-133580,ASN-13876,Ethiopia,PMO - US,Direct Drop,EXW,Air,2012-01-10,2012-01-23,2012-03-12,2012-03-12,2012-03-12,HRDT,HIV test,"SHANGHAI KEHUA BIOENGINEERING CO.,LTD.  (KHB)","HIV 1/2, SKB Colloidal Gold, Diagnostic Kit, Antibody, 50 Tests","HIV 1/2, Colloidal Gold, Diagnostic Kit, Antibody",Colloidal Gold,no_dosage,Test kit,1,1362,33369.0,24.5,24.5,"KHB Test Kit Facility, Shanghai China",True,970.0,8851.4,46.78
3893,34885,116-ZA-T30,FPQ-14942,SCMS-259073,ASN-30671,South Africa,PMO - US,Direct Drop,DDP,Truck,2014-09-11,2015-02-12,2015-02-12,2015-02-12,2015-02-12,ARV,Adult,PHARMACY DIRECT,"Nevirapine 200mg, tablets, 60 Tabs",Nevirapine,Generic,200mg,Tablet,60,20,256.48,12.82,0.21,"Aurobindo Unit III, India",False,35.5,0.0,0.26
3894,34890,116-ZA-T30,FPQ-12522,SCMS-199289,ASN-28037,South Africa,PMO - US,Direct Drop,DDP,Truck,2013-07-11,2014-08-29,2014-08-29,2014-08-29,2014-08-29,ARV,Adult,S. BUYS WHOLESALER,"Lamivudine/Zidovudine 150/300mg, tablets, 60 Tabs",Lamivudine/Zidovudine,Generic,150/300mg,Tablet - FDC,60,215,7040.78,32.75,0.55,Hetero Unit III Hyderabad IN,False,668.5,0.0,8.71
3895,34942,116-ZA-T30,FPQ-3560,SCMS-49641,ASN-5136,South Africa,PMO - US,Direct Drop,DDP,Truck,2009-05-07,2009-07-21,2009-08-05,2009-08-05,2009-08-05,ARV,Pediatric,S. BUYS WHOLESALER,"Zidovudine 100mg, capsules, 100 Caps",Zidovudine,Generic,100mg,Capsule,100,944,22658.01,24.0,0.24,"Cipla, Goa, India",False,668.5,0.0,44.41
3896,34960,109-TZ-T30,FPQ-7909,SCMS-114980,ASN-12870,Tanzania,PMO - US,Direct Drop,EXW,Air,2011-06-24,2011-07-18,2011-09-29,2011-09-20,2011-09-20,HRDT,HIV test,"Standard Diagnostics, Inc.","HIV 1/2, Bioline 3.0 Kit, Lancets, Capillary pipets, Alcohol swabs included, 25 Tests","HIV 1/2, Bioline 3.0 Kit, Lancets, Capillary pipets, Alcohol swabs included",Bioline,no_dosage,Test kit,25,10000,200000.0,20.0,0.8,"Standard Diagnostics, Korea",True,3334.0,8925.0,330.0
3897,34961,116-ZA-T30,FPQ-3560,SCMS-49641,ASN-5159,South Africa,PMO - US,Direct Drop,DDP,Truck,2009-05-07,2009-07-21,2009-08-07,2009-08-07,2009-08-07,ARV,Pediatric,S. BUYS WHOLESALER,"Zidovudine 100mg [Retrovir], capsules, 100 Caps",Zidovudine,Retrovir,100mg,Capsule,100,1056,17046.74,16.14,0.16,GSK Crawley,True,112.0,0.0,33.41
3898,34965,116-ZA-T30,FPQ-11828,SCMS-183950,ASN-19165,South Africa,South Africa Field Office,Direct Drop,DDP,Truck,2013-03-18,2012-10-15,2013-04-15,2013-04-15,2013-04-15,ARV,Pediatric,S. BUYS WHOLESALER,"Lamivudine 10mg/ml, oral solution, Bottle, 240 ml",Lamivudine,Generic,10mg/ml,Oral solution,240,25,184.76,7.39,0.03,"Cipla, Goa, India",True,3.0,0.0,0.23
3899,34987,108-VN-T30,FPQ-12539,SCMS-199820,ASN-23648,Vietnam,PMO - US,Direct Drop,EXW,Air,2013-07-11,2013-08-02,2014-06-13,2014-01-22,2014-01-22,ARV,Adult,MYLAN LABORATORIES LTD (FORMERLY MATRIX LABORATORIES),"Efavirenz/Lamivudine/Tenofovir Disoproxil Fumarate 600/300/300mg, tablets, 30 Tabs",Efavirenz/Lamivudine/Tenofovir Disoproxil Fumarate,Generic,600/300/300mg,Tablet - FDC,30,15500,172825.0,11.15,0.37,Mylan (formerly Matrix) Nashik,True,1745.0,3977.24,213.78
3900,34989,116-ZA-T30,FPQ-4359,SCMS-54980,ASN-5373,South Africa,PMO - US,Direct Drop,DDP,Truck,2009-10-08,2009-10-15,2009-10-19,2009-10-19,2009-10-19,ARV,Adult,S. BUYS WHOLESALER,"Tenofovir Disoproxil Fumarate 300mg [Viread], tablets, 30 Tabs",Tenofovir Disoproxil Fumarate,Viread,300mg,Tablet,30,500,14278.99,28.56,0.95,"Aspen-OSD, Port Elizabeth, SA",False,83.0,0.0,27.99
3901,35031,116-ZA-T30,FPQ-14942,SCMS-259072,ASN-30377,South Africa,PMO - US,Direct Drop,DDP,Truck,2014-09-11,2015-01-26,2015-01-26,2015-01-26,2015-01-26,ARV,Pediatric,PHARMACY DIRECT,"Abacavir 20mg/ml, oral solution, Bottle, 240 ml",Abacavir,Generic,20mg/ml,Oral solution,240,27,478.2,17.71,0.07,"Aurobindo Unit III, India",False,5.0,0.0,0.49
3902,35043,108-VN-T30,FPQ-14516,SCMS-251680,ASN-29385,Vietnam,PMO - US,Direct Drop,EXW,Air,2014-07-09,2014-08-11,2014-12-24,2014-12-13,2014-12-13,ARV,Adult,HETERO LABS LIMITED,"Efavirenz/Lamivudine/Tenofovir Disoproxil Fumarate 600/300/300mg, tablets, 30 Tabs",Efavirenz/Lamivudine/Tenofovir Disoproxil Fumarate,Generic,600/300/300mg,Tablet - FDC,30,18880,198240.0,10.5,0.35,Hetero Unit III Hyderabad IN,True,2452.0,3691.22,203.79
3903,35053,108-VN-T30,FPQ-9001,SCMS-131650,ASN-14875,Vietnam,PMO - US,Direct Drop,EXW,Air,2011-12-15,2012-01-18,2012-06-05,2012-06-05,2012-06-05,ARV,Pediatric,Aurobindo Pharma Limited,"Abacavir 20mg/ml, oral solution w/syringe, Bottle, 240 ml",Abacavir,Generic,20mg/ml,Oral solution,240,200,2500.0,12.5,0.05,"Aurobindo Unit III, India",True,546.0,1340.23,3.5
3904,35054,108-VN-T30,FPQ-15692,SCMS-274370,ASN-32261,Vietnam,PMO - US,Direct Drop,EXW,Air,2015-01-28,2015-02-17,2015-07-13,2015-07-13,2015-07-14,ARV,Adult,HETERO LABS LIMITED,"Efavirenz/Lamivudine/Tenofovir Disoproxil Fumarate 600/300/300mg, tablets, 30 Tabs",Efavirenz/Lamivudine/Tenofovir Disoproxil Fumarate,Generic,600/300/300mg,Tablet - FDC,30,17760,177600.0,10.0,0.33,Hetero Unit III Hyderabad IN,True,2516.0,3809.94,209.04
3905,35065,114-UG-T30,FPQ-8498,SCMS-126390,ASN-13437,Uganda,PMO - US,Direct Drop,DDP,Air,2011-10-18,2011-10-31,2012-01-04,2012-01-04,2012-01-04,ARV,Adult,ASPEN PHARMACARE,"Darunavir 300mg [Prezista], tablets, 120 Tabs",Darunavir,Prezista,300mg,Tablet,120,165,15140.4,91.76,0.76,"Aspen-OSD, Port Elizabeth, SA",True,24.0,297.0,24.98
3906,35067,133-NG-T30,FPQ-10765,SCMS-162440,ASN-17527,Nigeria,PMO - US,Direct Drop,EXW,Air,2012-10-05,2012-10-16,2013-01-09,2013-01-09,2013-01-09,HRDT,HIV test,"Orgenics, Ltd","HIV 1/2, Determine Complete HIV Kit, 100 Tests","HIV 1/2, Determine Complete HIV Kit",Determine,no_dosage,Test kit,100,2744,244216.0,89.0,0.89,"Alere Medical Co., Ltd.",True,1186.0,24927.19,342.39
3907,35082,108-VN-T30,FPQ-3896,SCMS-48280,ASN-4871,Vietnam,PMO - US,Direct Drop,EXW,Air,2009-06-25,2009-06-29,2009-09-28,2009-09-28,2009-09-28,ARV,Adult,MYLAN LABORATORIES LTD (FORMERLY MATRIX LABORATORIES),"Tenofovir Disoproxil Fumarate 300mg, tablets, 30 Tabs",Tenofovir Disoproxil Fumarate,Generic,300mg,Tablet,30,504,4158.0,8.25,0.28,Mylan (formerly Matrix) Nashik,False,668.5,4400.805,8.15
3908,35120,133-NG-T30,FPQ-14995,SCMS-260700,ASN-29937,Nigeria,PMO - US,Direct Drop,EXW,Air,2014-09-22,2014-10-29,2015-01-19,2015-01-20,2015-01-22,HRDT,HIV test,"Orgenics, Ltd","HIV 1/2, Determine Complete HIV Kit, 100 Tests","HIV 1/2, Determine Complete HIV Kit",Determine,no_dosage,Test kit,100,6010,534890.0,89.0,0.89,"Alere Medical Co., Ltd.",True,6010.0,30132.32,549.87
3909,35123,133-NG-T30,FPQ-12456,SCMS-196561,ASN-22173,Nigeria,PMO - US,Direct Drop,EXW,Air,2013-06-10,2013-07-10,2013-11-07,2013-11-08,2013-11-17,HRDT,HIV test,"Orgenics, Ltd","HIV 1/2, Determine Complete HIV Kit, 100 Tests","HIV 1/2, Determine Complete HIV Kit",Determine,no_dosage,Test kit,100,3064,272696.0,89.0,0.89,"Alere Medical Co., Ltd.",True,1244.0,20602.3,337.32
3910,35146,114-UG-T30,FPQ-12290,SCMS-192190,ASN-22601,Uganda,PMO - US,Direct Drop,CIP,Air,2013-05-17,2013-07-03,2013-11-20,2013-11-20,2013-11-21,ARV,Adult,ASPEN PHARMACARE,"Etravirine 100mg [Intelence], tablets, 120 Tabs",Etravirine,Intelence,100mg,Tablet,120,217,7812.0,36.0,0.3,"Janssen-Cilag, Latina, IT",True,74.0,294.86,9.66
3911,35231,116-ZA-T30,FPQ-14942,SCMS-259075,ASN-32122,South Africa,PMO - US,Direct Drop,DDP,Truck,2014-09-11,2015-05-11,2015-05-12,2015-05-12,2015-05-12,ARV,Adult,PHARMACY DIRECT,"Tenofovir Disoproxil Fumarate 300mg, tablets, 30 Tabs",Tenofovir Disoproxil Fumarate,Generic,300mg,Tablet,30,30,414.5,13.82,0.46,Mylan (formerly Matrix) Nashik,False,55.0,0.0,0.43
3912,35232,104-CI-T30,FPQ-3882,SCMS-51830,ASN-5184,Côte d'Ivoire,PMO - US,Direct Drop,EXW,Air,2009-07-24,2009-08-19,2009-10-30,2009-10-30,2009-10-30,ARV,Adult,Aurobindo Pharma Limited,"Abacavir/Lamivudine 600/300mg, scored tablets, 30 Tabs",Abacavir/Lamivudine,Generic,600/300mg,Tablet - FDC,30,2245,51635.0,23.0,0.77,"Aurobindo Unit III, India",True,226.0,2911.16,101.2
3913,35250,108-VN-T30,FPQ-13524,SCMS-226190,ASN-27099,Vietnam,PMO - US,Direct Drop,FCA,Air,2014-02-06,2014-03-10,2014-08-18,2014-08-18,2014-08-25,ARV,Adult,ABBVIE LOGISTICS (FORMERLY ABBOTT LOGISTICS BV),"Ritonavir 100mg [Norvir], film coated tablets, 30 Tabs",Ritonavir,Norvir,100mg,Tablet,30,300,6978.0,23.26,0.78,ABBVIE Ludwigshafen Germany,True,38.0,1779.09,7.17
3914,35252,108-VN-T30,FPQ-4720,SCMS-62460,ASN-6355,Vietnam,PMO - US,Direct Drop,EXW,Air,2009-01-04,2010-01-12,2010-03-29,2010-03-29,2010-03-29,ARV,Adult,MYLAN LABORATORIES LTD (FORMERLY MATRIX LABORATORIES),"Lamivudine 150mg, tablets, 60 Tabs",Lamivudine,Generic,150mg,Tablet,60,19152,49795.2,2.6,0.04,Mylan (formerly Matrix) Nashik,False,4927.0,4400.805,107.36
3915,35258,111-MZ-T30,FPQ-15323,SCMS-264760,ASN-29854,Mozambique,PMO - US,Direct Drop,EXW,Air,2014-11-12,2014-11-19,2015-01-13,2015-01-13,2015-01-16,HRDT,HIV test,"Trinity Biotech, Plc","HIV 1/2, Uni-Gold HIV Kit, 20 Tests","HIV 1/2, Uni-Gold HIV Kit",Uni-Gold,no_dosage,Test kit,20,27,864.0,32.0,1.6,"Trinity Biotech, Plc",True,10.0,3247.5699999999997,1.02
3916,35267,116-ZA-T30,FPQ-3560,SCMS-50960,ASN-5007,South Africa,PMO - US,Direct Drop,DDP,Truck,2009-05-07,2009-08-03,2009-09-15,2009-09-15,2009-09-15,ARV,Adult,S. BUYS WHOLESALER,"Didanosine EC 400mg [Videx EC], delayed-release capsules, Blister 3 x 10 Caps",Didanosine EC,Videx EC,400mg,Delayed-release capsules - blister,30,600,16040.17,26.73,0.89,"BMS Meymac, France",True,231.5,0.0,31.44
3917,35279,116-ZA-T30,FPQ-12522,SCMS-199289,ASN-28037,South Africa,PMO - US,Direct Drop,DDP,Truck,2013-07-11,2014-08-29,2014-08-29,2014-08-29,2014-08-29,ARV,Adult,S. BUYS WHOLESALER,"Efavirenz 600mg, tablets, 30 Tabs",Efavirenz,Generic,600mg,Tablet,30,768,12726.75,16.57,0.55,Hetero Unit III Hyderabad IN,False,55.0,0.0,15.74
3918,35298,116-ZA-T30,FPQ-14942,SCMS-259078,ASN-33470,South Africa,PMO - US,Direct Drop,DDP,Truck,2014-09-11,2014-10-09,2015-07-24,2015-07-24,2015-07-24,ARV,Pediatric,PHARMACY DIRECT,"Lamivudine 10mg/ml, oral solution, Bottle, 240 ml",Lamivudine,Generic,10mg/ml,Oral solution,240,17,91.92,5.41,0.02,"Aurobindo Unit III, India",False,50.0,0.0,0.09
3919,35299,116-ZA-T30,FPQ-13214,SCMS-215410,ASN-23875,South Africa,PMO - US,Direct Drop,DDP,Truck,2013-11-14,2013-12-02,2014-01-13,2014-01-13,2014-01-13,ARV,Adult,S. BUYS WHOLESALER,"Stavudine 30mg, capsules, 60 Caps",Stavudine,Generic,30mg,Capsule,60,440,1734.76,3.94,0.07,"Aurobindo Unit III, India",False,27.0,0.0,1.78
3920,35300,108-VN-T30,FPQ-6818,SCMS-97840,ASN-10792,Vietnam,PMO - US,Direct Drop,EXW,Air,2011-01-17,2011-02-09,2011-06-06,2011-06-06,2011-06-06,ARV,Adult,HETERO LABS LIMITED,"Stavudine 30mg, capsules, 60 Caps",Stavudine,Generic,30mg,Capsule,60,21000,30450.0,1.45,0.02,Hetero Unit III Hyderabad IN,True,1516.0,11915.51,50.24
3921,35310,161-ZA-T30,FPQ-5648,SCMS-75910,ASN-8444,South Africa,PMO - US,Direct Drop,DDP,Ocean,2010-06-02,2010-06-17,2010-11-04,2010-11-04,2010-11-04,ARV,Adult,STRIDES ARCOLAB LIMITED,"Lamivudine 150mg, tablets, 60 Tabs",Lamivudine,Generic,150mg,Tablet,60,75000,186750.0,2.49,0.04,"Strides, Bangalore, India.",True,3755.0,4514.06,402.63
3922,35323,104-CI-T30,FPQ-12150,SCMS-191960,ASN-22107,Côte d'Ivoire,PMO - US,Direct Drop,FCA,Air,2013-04-29,2013-06-12,2013-10-17,2013-10-17,2013-10-28,ARV,Adult,ABBVIE LOGISTICS (FORMERLY ABBOTT LOGISTICS BV),"Ritonavir 100mg [Norvir], film coated tablets, 60 Tabs",Ritonavir,Norvir,100mg,Tablet,60,780,5343.0,6.85,0.11,ABBVIE Ludwigshafen Germany,True,102.0,1743.84,6.61
3923,35352,107-RW-T30,FPQ-8365,SCMS-126490,ASN-14125,Rwanda,PMO - US,Direct Drop,EXW,Air,2011-10-26,2011-11-09,2012-03-30,2012-03-30,2012-03-30,ARV,Adult,Aurobindo Pharma Limited,"Didanosine 250mg, delayed-release capsules, 30 Caps",Didanosine,Generic,250mg,Delayed-release capsules,30,1185,15405.0,13.0,0.43,"Aurobindo Unit III, India",False,668.5,5865.805,25.42
3924,35788,101-CD-T30,FPQ-8792,SCMS-131060,ASN-13565,"Congo, DRC",PMO - US,Direct Drop,EXW,Air,2011-12-14,2012-01-09,2012-08-03,2012-08-03,2012-08-03,HRDT,HIV test,"Trinity Biotech, Plc","HIV 1/2, Uni-Gold HIV Kit, 20 Tests","HIV 1/2, Uni-Gold HIV Kit",Uni-Gold,no_dosage,Test kit,20,137,4384.0,32.0,1.6,"Trinity Biotech, Plc",True,62.0,1367.59,6.15
3925,35372,108-VN-T30,FPQ-13976,SCMS-236100,ASN-28777,Vietnam,PMO - US,Direct Drop,EXW,Air,2014-04-08,2014-04-30,2014-11-26,2014-11-26,2014-11-26,ARV,Adult,MICRO LABS LIMITED,"Nevirapine 200mg, tablets, 60 Tabs",Nevirapine,Generic,200mg,Tablet,60,8400,17472.0,2.08,0.03,"Micro labs, Verna, Goa, India",False,654.0,4400.805,17.96
3926,35375,116-ZA-T30,FPQ-7176,SCMS-104380,ASN-11720,South Africa,PMO - US,Direct Drop,DDP,Ocean,2011-03-10,2011-04-01,2011-11-03,2011-11-03,2011-11-03,ARV,Adult,Aurobindo Pharma Limited,"Efavirenz 600mg, tablets, 30 Tabs",Efavirenz,Generic,600mg,Tablet,30,69255,312340.05,4.51,0.15,"Aurobindo Unit III, India",True,5887.0,4232.71,515.36
3927,35444,109-TZ-T30,FPQ-12588,SCMS-200840,ASN-22941,Tanzania,PMO - US,Direct Drop,FCA,Air,2013-07-15,2013-08-09,2013-12-31,2013-12-31,2014-01-03,ARV,Pediatric,ABBVIE LOGISTICS (FORMERLY ABBOTT LOGISTICS BV),"Lopinavir/Ritonavir 100/25mg [Aluvia], tablets, 60 Tabs",Lopinavir/Ritonavir,Generic,100/25mg,Tablet,60,1764,10478.16,5.94,0.1,ABBVIE Ludwigshafen Germany,True,209.0,2177.56,12.96
3928,35487,103-KE-T30,FPQ-10018,SCMS-149610,ASN-15667,Kenya,PMO - US,Direct Drop,EXW,Air,2012-06-05,2012-06-14,2012-07-09,2012-07-28,2012-07-28,HRDT,HIV test,"Orgenics, Ltd","HIV 1/2, Determine Complete HIV Kit, 100 Tests","HIV 1/2, Determine Complete HIV Kit",Determine,no_dosage,Test kit,100,5938,528482.0,89.0,0.89,"Alere Medical Co., Ltd.",True,1022.0,15120.61,740.93
3929,35488,133-NG-T30,FPQ-14995,SCMS-260700,ASN-29930,Nigeria,PMO - US,Direct Drop,EXW,Air,2014-09-22,2014-10-29,2015-01-19,2015-01-16,2015-01-22,HRDT,HIV test,"Orgenics, Ltd","HIV 1/2, Determine Complete HIV Kit, 100 Tests","HIV 1/2, Determine Complete HIV Kit",Determine,no_dosage,Test kit,100,3054,271806.0,89.0,0.89,"Alere Medical Co., Ltd.",True,1241.0,15994.73,279.42
3930,35493,110-ZM-T30,FPQ-11979,SCMS-188800,ASN-21073,Zambia,PMO - US,Direct Drop,EXW,Air,2013-04-19,2013-05-13,2013-08-27,2013-08-27,2013-08-27,ARV,Adult,Aurobindo Pharma Limited,"Emtricitabine/Tenofovir Disoproxil Fumarate 200/300mg, tablets, 30 Tabs",Emtricitabine/Tenofovir Disoproxil Fumarate,Generic,200/300mg,Tablet - FDC,30,79620,469758.0,5.9,0.2,"Aurobindo Unit III, India",True,7133.0,40583.63,581.09
3931,35519,161-ZA-T30,FPQ-5303,SCMS-68860,ASN-6937,South Africa,PMO - US,Direct Drop,DDP,Air,2010-03-18,2010-03-19,2010-06-01,2010-06-01,2010-06-01,ARV,Adult,Aurobindo Pharma Limited,"Efavirenz 600mg, tablets, 30 Tabs",Efavirenz,Generic,600mg,Tablet,30,53957,251979.19,4.67,0.16,"Aurobindo Unit III, India",True,4565.0,6105.83,543.27
3932,35539,102-SD-T30,FPQ-8261,SCMS-120453,ASN-13275,Sudan,PMO - US,Direct Drop,EXW,Air,2011-08-29,2011-09-14,2012-02-03,2012-02-03,2012-02-03,HRDT,HIV test,"Orgenics, Ltd","HIV 1/2, Determine Complete HIV Kit, 100 Tests","HIV 1/2, Determine Complete HIV Kit",Determine,no_dosage,Test kit,100,20,1780.0,89.0,0.89,"Alere Medical Co., Ltd.",True,10.0,900.53,2.94
3933,35559,116-ZA-T30,FPQ-12522,SCMS-199283,ASN-27976,South Africa,PMO - US,Direct Drop,DDP,Truck,2013-07-11,2014-08-27,2014-08-27,2014-08-27,2014-08-27,ARV,Pediatric,S. BUYS WHOLESALER,"Efavirenz 50mg, capsule, 30 Caps",Efavirenz,Generic,50mg,Capsule,30,18,59.69,3.32,0.11,"Aurobindo Unit III, India",False,55.0,0.0,0.07
3934,35566,116-ZA-T30,FPQ-14942,SCMS-259075,ASN-32122,South Africa,PMO - US,Direct Drop,DDP,Truck,2014-09-11,2015-05-11,2015-05-12,2015-05-12,2015-05-12,ARV,Adult,PHARMACY DIRECT,"Lamivudine/Zidovudine 150/300mg, tablets, 60 Tabs",Lamivudine/Zidovudine,Generic,150/300mg,Tablet - FDC,60,19,406.76,21.41,0.36,"Aurobindo Unit III, India",False,668.5,0.0,0.42
3935,35609,105-GH-T30,FPQ-13872,SCMS-235800,ASN-26462,Ghana,PMO - US,Direct Drop,EXW,Air,2014-03-24,2014-04-23,2014-07-17,2014-07-23,2014-07-31,ARV,Adult,STRIDES ARCOLAB LIMITED,"Efavirenz 600mg, tablets, 30 Tabs",Efavirenz,Generic,600mg,Tablet,30,60000,191400.0,3.19,0.11,"Strides, Bangalore, India.",True,3862.0,25512.84,196.76
3936,35637,116-ZA-T30,FPQ-13973,SCMS-238552,ASN-27606,South Africa,PMO - US,Direct Drop,DDP,Truck,2014-04-30,2014-08-05,2014-08-05,2014-08-05,2014-08-05,ARV,Adult,PHARMACY DIRECT,"Didanosine 400mg, delayed-release capsules, 30 Caps",Didanosine,Generic,400mg,Delayed-release capsules,30,1,19.68,19.68,0.66,"Aurobindo Unit III, India",False,63.0,0.0,0.02
3937,35640,900-LR-T30,FPQ-7996,SCMS-115350,ASN-11895,Liberia,PMO - US,Direct Drop,EXW,Air,2011-07-12,2011-07-20,2011-09-13,2011-09-13,2011-09-13,HRDT,HIV test,"Orgenics, Ltd","HIV 1/2, Determine Complete HIV Kit, 100 Tests","HIV 1/2, Determine Complete HIV Kit",Determine,no_dosage,Test kit,100,520,41600.0,80.0,0.8,Inverness Japan,True,252.0,8678.71,68.64
3938,35643,107-RW-T30,FPQ-14813,SCMS-261781,ASN-31603,Rwanda,PMO - US,Direct Drop,EXW,Air,2014-10-09,2014-12-15,2015-05-04,2015-05-04,2015-05-05,ARV,Adult,EMCURE PHARMACEUTICALS LTD,"Atazanavir/Ritonavir 300/100mg, tablets, 30 Tabs",Atazanavir/Ritonavir,Generic,300/100mg,Tablet,30,13823,248814.0,18.0,0.6,"Emcure Plot No.P-2, I.T-B.T. Park, Phase II, MIDC, Hinjwadi, Pune, India",True,1805.0,10743.33,255.78
3939,35652,116-ZA-T30,FPQ-12522,SCMS-199289,ASN-28037,South Africa,PMO - US,Direct Drop,DDP,Truck,2013-07-11,2014-08-29,2014-08-29,2014-08-29,2014-08-29,ARV,Pediatric,S. BUYS WHOLESALER,"Efavirenz 200mg, capsule, 90 Caps",Efavirenz,Generic,200mg,Capsule,90,59,1535.78,26.03,0.29,"Aurobindo Unit III, India",False,17.5,0.0,1.9
3940,35660,110-ZM-T30,FPQ-11390,SCMS-173920,ASN-19075,Zambia,PMO - US,Direct Drop,EXW,Air,2013-01-08,2013-01-23,2013-06-05,2013-06-05,2013-06-05,HRDT,HIV test,"Orgenics, Ltd","HIV 1/2, Determine Complete HIV Kit, 100 Tests","HIV 1/2, Determine Complete HIV Kit",Determine,no_dosage,Test kit,100,2233,178640.0,80.0,0.8,"Alere Medical Co., Ltd.",True,925.0,16740.97,220.98
3941,35678,101-CD-T30,FPQ-8792,SCMS-131080,ASN-15396,"Congo, DRC",PMO - US,Direct Drop,EXW,Air,2011-12-14,2012-01-09,2012-11-20,2012-11-20,2012-11-20,HRDT,HIV test,"Orgenics, Ltd","HIV 1/2, DoubleCheck Gold Kit, 20 Tests","HIV 1/2, DoubleCheck Gold Kit",DoubleCheck,no_dosage,Test kit,20,196,7157.92,36.52,1.83,"Alere Medical Co., Ltd.",True,47.0,4449.1,10.04
3942,35699,901-CM-T30,FPQ-12837,SCMS-204320,ASN-22654,Cameroon,PMO - US,Direct Drop,EXW,Air,2013-08-19,2013-08-23,2013-12-16,2013-12-16,2013-12-17,ARV,Adult,MYLAN LABORATORIES LTD (FORMERLY MATRIX LABORATORIES),"Efavirenz/Lamivudine/Tenofovir Disoproxil Fumarate 600/300/300mg, tablets, 30 Tabs",Efavirenz/Lamivudine/Tenofovir Disoproxil Fumarate,Generic,600/300/300mg,Tablet - FDC,30,76733,855572.95,11.15,0.37,Mylan (formerly Matrix) Nashik,True,9268.0,77756.12,1058.34
3943,35700,161-ZA-T30,FPQ-5303,SCMS-68711,ASN-7430,South Africa,PMO - US,Direct Drop,DDP,Air,2010-03-18,2010-03-19,2010-07-19,2010-07-19,2010-07-19,ARV,Adult,CIPLA LIMITED,"Tenofovir Disoproxil Fumarate 300mg, tablets, 30 Tabs",Tenofovir Disoproxil Fumarate,Generic,300mg,Tablet,30,1110,8680.2,7.82,0.26,"Cipla, Goa, India",True,76.0,916.22,18.71
3944,35717,107-RW-T30,FPQ-15650,SCMS-276390,ASN-31739,Rwanda,PMO - US,Direct Drop,FCA,Air,2015-01-15,2015-02-23,2015-05-08,2015-05-08,2015-05-11,ARV,Pediatric,SWORDS LABORATORIES,"Atazanavir 200mg [Reyataz], capsules, 60 Caps",Atazanavir,Reyataz,200mg,Capsule,60,466,18928.92,40.62,0.68,Bristol-Myers Squibb Anagni IT,True,69.0,802.85,22.28
3945,35749,161-ZA-T30,FPQ-7175,SCMS-103450,ASN-13058,South Africa,PMO - US,Direct Drop,DDP,Ocean,2011-03-10,2011-03-24,2011-10-13,2012-01-24,2012-01-24,ARV,Pediatric,Aurobindo Pharma Limited,"Nevirapine 10mg/ml, oral suspension w/syringe, Bottle, 240 ml",Nevirapine,Generic,10mg/ml,Oral suspension,240,19098,43161.48,2.26,0.01,"Aurobindo Unit III, India",True,6876.0,461.5,71.22
3946,35790,114-UG-T30,FPQ-12477,SCMS-198540,ASN-21766,Uganda,PMO - US,Direct Drop,EXW,Air,2013-07-08,2013-07-31,2013-10-03,2013-10-03,2013-10-05,ARV,Adult,CIPLA LIMITED,"Lamivudine/Nevirapine/Zidovudine 150/200/300mg, tablets, 60 Tabs",Lamivudine/Nevirapine/Zidovudine,Generic,150/300/200mg,Tablet - FDC,60,114996,931467.6,8.1,0.13,"Cipla, Goa, India",True,15435.0,56180.34,1152.23
3947,35808,161-ZA-T30,FPQ-5303,SCMS-68750,ASN-8348,South Africa,PMO - US,Direct Drop,DDP,Air,2010-03-18,2010-03-19,2010-10-13,2010-10-27,2010-10-27,ARV,Adult,CIPLA LIMITED,"Tenofovir Disoproxil Fumarate 300mg, tablets, 30 Tabs",Tenofovir Disoproxil Fumarate,Generic,300mg,Tablet,30,51920,406014.4,7.82,0.26,"Cipla, Goa, India",True,3549.0,3646.13,875.37
3948,35813,105-GY-T30,FPQ-5472,SCMS-71680,ASN-6934,Guyana,PMO - US,Direct Drop,FCA,Air,2010-04-15,2010-04-23,2010-06-12,2010-06-12,2010-06-12,ARV,Pediatric,ABBVIE LOGISTICS (FORMERLY ABBOTT LOGISTICS BV),"Lopinavir/Ritonavir 80/20mg/ml [Kaletra], oral solution, cool, Bottle 5 x 60 ml",Lopinavir/Ritonavir,Kaletra,80/20mg/ml,Oral solution,300,141,11590.2,82.2,0.27,ABBVIE (Abbott) Logis. UK,True,225.0,1831.83,24.99
3949,35870,114-UG-T30,FPQ-11153,SCMS-171950,ASN-18631,Uganda,PMO - US,Direct Drop,DDP,Air,2012-12-13,2013-01-17,2013-03-14,2013-03-14,2013-03-14,ARV,Adult,ASPEN PHARMACARE,"Darunavir 300mg [Prezista], tablets, 120 Tabs",Darunavir,Prezista,300mg,Tablet,120,388,25840.8,66.6,0.55,"Aspen-OSD, Port Elizabeth, SA",True,68.0,1571.76,31.97
3950,35896,108-VN-T30,FPQ-12051,SCMS-188670,ASN-23622,Vietnam,PMO - US,Direct Drop,EXW,Air,2013-05-03,2013-05-17,2014-01-22,2014-01-22,2014-01-22,ARV,Adult,Aurobindo Pharma Limited,"Lamivudine/Nevirapine/Zidovudine 150/200/300mg, tablets, 60 Tabs",Lamivudine/Nevirapine/Zidovudine,Generic,150/300/200mg,Tablet - FDC,60,26598,216773.7,8.15,0.14,"Aurobindo Unit III, India",True,3301.0,5764.28,268.15
3951,35900,102-SZ-T30,FPQ-9926,SCMS-147790,ASN-15643,Swaziland,PMO - US,Direct Drop,EXW,Air,2012-05-18,2012-06-21,2012-08-09,2012-08-09,2012-08-09,HRDT,HIV test,"Orgenics, Ltd","HIV 1/2, Determine Complete HIV Kit, 100 Tests","HIV 1/2, Determine Complete HIV Kit",Determine,no_dosage,Test kit,100,135,10800.0,80.0,0.8,"Alere Medical Co., Ltd.",True,69.0,1626.1,15.14
3952,35904,116-ZA-T30,FPQ-13973,SCMS-238555,ASN-29257,South Africa,PMO - US,Direct Drop,DDP,Truck,2014-04-30,2014-11-04,2014-11-05,2014-11-05,2014-11-05,ARV,Pediatric,PHARMACY DIRECT,"Efavirenz 50mg, capsule, 30 Caps",Efavirenz,Generic,50mg,Capsule,30,24,72.14,3.01,0.1,"Aurobindo Unit III, India",False,14.5,0.0,0.07
3953,35913,161-ZA-T30,FPQ-6708,SCMS-93550,ASN-11197,South Africa,PMO - US,Direct Drop,DDP,Ocean,2010-11-26,2010-12-14,2011-06-13,2011-09-22,2011-09-22,ARV,Adult,Aurobindo Pharma Limited,"Tenofovir Disoproxil Fumarate 300mg, tablets, 30 Tabs",Tenofovir Disoproxil Fumarate,Generic,300mg,Tablet,30,42938,285537.7,6.65,0.22,"Aurobindo Unit III, India",True,4008.0,6121.39,471.14
3954,35922,116-ZA-T30,FPQ-13035,SCMS-215370,ASN-24415,South Africa,PMO - US,Direct Drop,DDP,Truck,2013-10-08,2013-12-02,2014-02-06,2014-02-06,2014-02-06,ARV,Adult,S. BUYS WHOLESALER,"Didanosine 400mg, delayed-release capsules, 30 Caps",Didanosine,Generic,400mg,Delayed-release capsules,30,20,389.71,19.49,0.65,"Aurobindo Unit III, India",False,35.5,0.0,0.48
3955,35951,106-HT-T30,FPQ-12590,SCMS-210541,ASN-24373,Haiti,PMO - US,Direct Drop,EXW,Ocean,2013-08-21,2014-02-03,2014-05-09,2014-05-09,2014-05-12,ARV,Pediatric,MYLAN LABORATORIES LTD (FORMERLY MATRIX LABORATORIES),"Abacavir/Lamivudine 60/30mg, tablets, 60 Tabs",Abacavir/Lamivudine,Generic,60/30mg,Tablet - FDC,60,1080,4266.0,3.95,0.07,Mylan (formerly Matrix) Nashik,False,282.0,7785.125,5.28
3956,35968,108-VN-T30,FPQ-15692,SCMS-274390,ASN-32270,Vietnam,PMO - US,Direct Drop,EXW,Air,2015-01-28,2015-02-17,2015-07-10,2015-07-10,2015-07-10,ARV,Adult,HETERO LABS LIMITED,"Efavirenz 600mg, tablets, 30 Tabs",Efavirenz,Generic,600mg,Tablet,30,14000,49000.0,3.5,0.12,Hetero Unit III Hyderabad IN,True,1400.0,2859.58,57.67
3957,35975,107-RW-T30,FPQ-9217,SCMS-152020,ASN-15941,Rwanda,PMO - US,Direct Drop,EXW,Air,2012-02-13,2012-07-04,2012-08-22,2012-08-22,2012-08-22,ARV,Adult,Aurobindo Pharma Limited,"Didanosine 400mg, delayed-release capsules, 30 Caps",Didanosine,Generic,400mg,Delayed-release capsules,30,1728,34560.0,20.0,0.67,"Aurobindo Unit III, India",False,668.5,5865.805,48.45
3958,35977,116-ZA-T30,FPQ-14942,SCMS-295800,ASN-33865,South Africa,PMO - US,Direct Drop,DDP,Truck,2014-09-11,2015-08-24,2015-08-24,2015-08-24,2015-08-24,ARV,Pediatric,PHARMACY DIRECT,"Efavirenz 200mg, capsule, 90 Caps",Efavirenz,Generic,200mg,Capsule,90,34,620.49,18.25,0.2,"Aurobindo Unit III, India",False,14.0,0.0,0.64
3959,35983,108-VN-T30,FPQ-5317,SCMS-69710,ASN-7510,Vietnam,PMO - US,Direct Drop,EXW,Air,2010-03-22,2010-03-29,2010-08-09,2010-08-09,2010-08-09,ARV,Adult,MYLAN LABORATORIES LTD (FORMERLY MATRIX LABORATORIES),"Tenofovir Disoproxil Fumarate 300mg, tablets, 30 Tabs",Tenofovir Disoproxil Fumarate,Generic,300mg,Tablet,30,3686,25802.0,7.0,0.23,Mylan (formerly Matrix) Nashik,True,255.0,6518.69,55.63
3960,36005,107-RW-T30,FPQ-14813,SCMS-261783,ASN-33614,Rwanda,PMO - US,Direct Drop,EXW,Air,2014-10-09,2014-12-15,2015-08-27,2015-08-27,2015-08-27,ARV,Adult,EMCURE PHARMACEUTICALS LTD,"Atazanavir/Ritonavir 300/100mg, tablets, 30 Tabs",Atazanavir/Ritonavir,Generic,300/100mg,Tablet,30,4011,72198.0,18.0,0.6,"Emcure Plot No.P-2, I.T-B.T. Park, Phase II, MIDC, Hinjwadi, Pune, India",True,668.5,5865.805,74.22
3961,36019,109-TZ-T30,FPQ-13945,SCMS-235450,ASN-31133,Tanzania,PMO - US,Direct Drop,EXW,Air,2014-03-27,2014-04-29,2015-04-28,2015-04-28,2015-04-28,HRDT,HIV test,"Orgenics, Ltd","HIV 1/2, Determine Complete HIV Kit, 100 Tests","HIV 1/2, Determine Complete HIV Kit",Determine,no_dosage,Test kit,100,168,13440.0,80.0,0.8,"Alere Medical Co., Ltd.",True,73.0,1806.81,13.82
3962,36035,108-VN-T30,FPQ-10286,SCMS-156271,ASN-17429,Vietnam,PMO - US,Direct Drop,EXW,Air,2012-07-25,2012-08-14,2013-01-29,2013-01-29,2013-01-29,ARV,Adult,MYLAN LABORATORIES LTD (FORMERLY MATRIX LABORATORIES),"Efavirenz/Lamivudine/Tenofovir Disoproxil Fumarate 600/300/300mg, tablets, 30 Tabs",Efavirenz/Lamivudine/Tenofovir Disoproxil Fumarate,Generic,600/300/300mg,Tablet - FDC,30,46749,560520.51,11.99,0.4,Mylan (formerly Matrix) Nashik,True,7500.0,19116.64,785.85
3963,36053,116-ZA-T30,FPQ-3560,SCMS-50941,ASN-5498,South Africa,PMO - US,Direct Drop,DDP,Truck,2009-05-07,2009-08-03,2009-10-30,2009-10-30,2009-10-30,ARV,Pediatric,S. BUYS WHOLESALER,"Efavirenz 50mg, capsule, 30 Caps",Efavirenz,Generic,50mg,Capsule,30,6690,26864.85,4.02,0.13,"Aurobindo Unit III, India",True,668.5,0.0,52.66
3964,36083,114-UG-T30,FPQ-13655,SCMS-226131,ASN-27538,Uganda,PMO - US,Direct Drop,EXW,Air,2014-02-04,2014-04-10,2014-08-22,2014-08-22,2014-08-27,HRDT,HIV test,BIO-RAD LABORATORIES (FRANCE),"HIV, Multispot HIV-1/HIV-2 Rapid Test Kit, 50 Tests","HIV, Multispot HIV-1/HIV-2 Rapid Test Kit",Multispot,no_dosage,Test kit,50,45,55913.85,1242.53,24.85,Bio-Rad Laboratories,True,68.0,1305.28,57.48
3965,36147,108-VN-T30,FPQ-15692,SCMS-274370,ASN-32258,Vietnam,PMO - US,Direct Drop,EXW,Air,2015-01-28,2015-02-17,2015-07-13,2015-07-13,2015-07-14,ARV,Adult,HETERO LABS LIMITED,"Nevirapine 200mg, tablets, 60 Tabs",Nevirapine,Generic,200mg,Tablet,60,10000,21600.0,2.16,0.04,Hetero Unit III Hyderabad IN,False,1097.5,4400.805,25.42
3966,36157,116-ZA-T30,FPQ-13214,SCMS-215410,ASN-23875,South Africa,PMO - US,Direct Drop,DDP,Truck,2013-11-14,2013-12-02,2014-01-13,2014-01-13,2014-01-13,ARV,Pediatric,S. BUYS WHOLESALER,"Efavirenz 50mg, capsule, 30 Caps",Efavirenz,Generic,50mg,Capsule,30,328,976.49,2.98,0.1,"Aurobindo Unit III, India",False,668.5,0.0,1.0
3967,36162,108-VN-T30,FPQ-10811,SCMS-164680,ASN-18665,Vietnam,PMO - US,Direct Drop,EXW,Air,2012-10-15,2012-11-07,2013-04-02,2013-04-02,2013-04-02,ARV,Adult,HETERO LABS LIMITED,"Efavirenz 600mg, tablets, 30 Tabs",Efavirenz,Generic,600mg,Tablet,30,17755,57703.75,3.25,0.11,"Hetero, Jadcherla, unit 5, IN",True,1505.0,2604.31,71.38
3968,36166,900-SS-T30,FPQ-11260,SCMS-173100,ASN-18312,South Sudan,PMO - US,Direct Drop,EXW,Air,2012-12-17,2013-01-11,2013-03-22,2013-03-22,2013-03-22,HRDT,HIV test,"Trinity Biotech, Plc","HIV 1/2, Uni-Gold HIV Kit, 20 Tests","HIV 1/2, Uni-Gold HIV Kit",Uni-Gold,no_dosage,Test kit,20,44,1408.0,32.0,1.6,"Trinity Biotech, Plc",True,14.0,1101.91,1.74
3969,36172,116-ZA-T30,FPQ-5535,SCMS-71370,ASN-7373,South Africa,PMO - US,Direct Drop,DDP,Truck,2010-04-19,2010-04-21,2010-05-31,2010-05-31,2010-05-31,ARV,Pediatric,S. BUYS WHOLESALER,"Efavirenz 200mg, capsule, 90 Caps",Efavirenz,Generic,200mg,Capsule,90,80,2666.08,33.33,0.37,"Aurobindo Unit III, India",False,19.0,0.0,5.75
3970,36179,106-HT-T30,FPQ-11442,SCMS-177170,ASN-19521,Haiti,PMO - US,Direct Drop,EXW,Air,2013-01-30,2013-03-17,2013-06-13,2013-06-13,2013-06-13,ARV,Pediatric,MYLAN LABORATORIES LTD (FORMERLY MATRIX LABORATORIES),"Lamivudine/Nevirapine/Zidovudine 30/50/60mg, dispersible tablets, 60 Tabs",Lamivudine/Nevirapine/Zidovudine,Generic,30/50/60mg,Chewable/dispersible tablet - FDC,60,4235,17575.25,4.15,0.07,Mylan (formerly Matrix) Nashik,True,236.0,2215.13,21.74
3971,36203,133-NG-T30,FPQ-10349,SCMS-155320,ASN-16929,Nigeria,PMO - US,Direct Drop,EXW,Air,2012-07-17,2012-08-13,2012-11-06,2012-11-08,2012-11-08,HRDT,HIV test,"Orgenics, Ltd","HIV 1/2, Determine Complete HIV Kit, 100 Tests","HIV 1/2, Determine Complete HIV Kit",Determine,no_dosage,Test kit,100,2996,266644.0,89.0,0.89,"Alere Medical Co., Ltd.",True,1426.0,33279.83,373.83
3972,36204,106-HT-T30,FPQ-12590,SCMS-210450,ASN-23820,Haiti,PMO - US,Direct Drop,FCA,Air,2013-08-21,2013-10-22,2014-02-28,2014-02-28,2014-03-03,ARV,Pediatric,ABBVIE LOGISTICS (FORMERLY ABBOTT LOGISTICS BV),"Lopinavir/Ritonavir 80/20mg/ml [Kaletra], oral solution, cool, Bottle 5 x 60 ml",Lopinavir/Ritonavir,Kaletra,80/20mg/ml,Oral solution,300,10,308.2,30.82,0.1,ABBVIE (Abbott) Logis. UK,True,38.0,1347.0,0.38
3973,36209,116-ZA-T30,FPQ-12522,SCMS-199283,ASN-27978,South Africa,PMO - US,Direct Drop,DDP,Truck,2013-07-11,2014-08-27,2014-08-27,2014-08-27,2014-08-27,ARV,Adult,S. BUYS WHOLESALER,"Didanosine 400mg, delayed-release capsules, 30 Caps",Didanosine,Generic,400mg,Delayed-release capsules,30,16,349.87,21.87,0.73,"Aurobindo Unit III, India",False,168.5,0.0,0.43
3974,36212,116-ZA-T30,FPQ-13214,SCMS-215410,ASN-23875,South Africa,PMO - US,Direct Drop,DDP,Truck,2013-11-14,2013-12-02,2014-01-13,2014-01-13,2014-01-13,ARV,Adult,S. BUYS WHOLESALER,"Lamivudine/Zidovudine 150/300mg, tablets, 60 Tabs",Lamivudine/Zidovudine,Generic,150/300mg,Tablet - FDC,60,524,15533.57,29.64,0.49,"Cipla, Goa, India",False,644.0,0.0,15.97
3975,36219,161-ZA-T30,FPQ-7175,SCMS-103420,ASN-11472,South Africa,PMO - US,Direct Drop,DDP,Ocean,2011-03-10,2011-03-24,2011-09-05,2011-09-05,2011-09-05,ARV,Adult,Aurobindo Pharma Limited,"Zidovudine 300mg, tablets, 60 Tabs",Zidovudine,Generic,300mg,Tablet,60,100000,730000.0,7.3,0.12,"Aurobindo Unit III, India",True,5178.0,14621.3,1204.5
3976,36277,106-HT-T30,FPQ-6086,SCMS-80640,ASN-8012,Haiti,PMO - US,Direct Drop,EXW,Air,2010-07-19,2010-07-30,2010-10-01,2010-10-01,2010-10-01,HRDT,HIV test,Orasure Technologies Inc.,"HIV 1/2, OraQuick Advance HIV Rapid Antibody Kit, 100 Tests","HIV 1/2, OraQuick Advance HIV Rapid Antibody Kit",OraQuick,no_dosage,Test kit,100,100,35000.0,350.0,3.5,"Orasure Technologies, Inc",True,240.0,4355.7,75.46
3977,36298,108-VN-T30,FPQ-4720,SCMS-62410,ASN-6076,Vietnam,PMO - US,Direct Drop,FCA,Air,2009-01-04,2010-01-11,2010-03-22,2010-03-22,2010-03-22,ARV,Adult,ABBVIE LOGISTICS (FORMERLY ABBOTT LOGISTICS BV),"Ritonavir 100mg [Norvir], capsules, cool, 4 x 84 Caps",Ritonavir,Norvir,100mg,Capsule,336,60,4603.2,76.72,0.23,ABBVIE (Abbott) Logis. UK,True,170.0,4256.38,9.92
3978,36322,106-HT-T30,FPQ-15038,SCMS-262841,ASN-31571,Haiti,PMO - US,Direct Drop,EXW,Ocean,2014-10-22,2014-12-24,2015-06-17,2015-06-17,2015-06-18,ARV,Adult,MYLAN LABORATORIES LTD (FORMERLY MATRIX LABORATORIES),"Lamivudine/Zidovudine 150/300mg, tablets, 60 Tabs",Lamivudine/Zidovudine,Generic,150/300mg,Tablet - FDC,60,53010,344034.9,6.49,0.11,Mylan (formerly Matrix) Nashik,True,668.5,7785.125,353.67
3979,36350,105-GY-T30,FPQ-6308,SCMS-85581,ASN-8445,Guyana,PMO - US,Direct Drop,EXW,Air,2010-09-13,2010-09-17,2010-11-24,2010-11-24,2010-11-24,ARV,Adult,Aurobindo Pharma Limited,"Lopinavir/Ritonavir 200/50mg, tablets, 120 Tabs",Lopinavir/Ritonavir,Generic,200/50mg,Tablet,120,3796,136656.0,36.0,0.3,"Aurobindo Unit III, India",True,1028.0,12609.89,294.63
3980,36411,116-ZA-T30,FPQ-14942,SCMS-259075,ASN-32138,South Africa,PMO - US,Direct Drop,DDP,Truck,2014-09-11,2015-05-11,2015-05-12,2015-05-12,2015-05-12,ARV,Adult,PHARMACY DIRECT,"Abacavir 300mg, tablets, 60 Tabs",Abacavir,Generic,300mg,Tablet,60,3,149.56,49.85,0.83,"Aurobindo Unit III, India",False,1.0,0.0,0.15
3981,36416,113-ZW-T30,FPQ-13939,SCMS-234761,ASN-26863,Zimbabwe,PMO - US,Direct Drop,EXW,Air,2014-04-01,2014-04-24,2014-07-18,2014-07-18,2014-07-18,ARV,Adult,STRIDES ARCOLAB LIMITED,"Nevirapine 200mg, tablets, 60 Tabs",Nevirapine,Generic,200mg,Tablet,60,35000,77000.0,2.2,0.04,"Strides, Bangalore, India.",True,2180.0,19328.2,79.16
3982,36431,161-ZA-T30,FPQ-7175,SCMS-104080,ASN-12988,South Africa,PMO - US,Direct Drop,DDP,Ocean,2011-03-10,2011-03-28,2011-12-13,2012-01-30,2012-01-30,ARV,Adult,CIPLA LIMITED,"Nevirapine 200mg, tablets, 60 Tabs",Nevirapine,Generic,200mg,Tablet,60,35364,96190.08,2.72,0.05,"Cipla, Goa, India",True,3793.0,8527.45,158.71
3983,36443,106-HT-T30,FPQ-14083,SCMS-240220,ASN-26559,Haiti,PMO - US,Direct Drop,EXW,Air,2014-05-11,2014-06-02,2014-07-18,2014-07-18,2014-07-31,ARV,Pediatric,Aurobindo Pharma Limited,"Nevirapine 50mg, dispersible tablets (tablets for oral suspension), 30 Tabs",Nevirapine,Generic,50mg,Chewable/dispersible tablet,30,2438,3047.5,1.25,0.04,"Aurobindo Unit III, India",False,668.5,2946.7200000000003,3.13
3984,36447,161-ZA-T30,FPQ-6708,SCMS-93570,ASN-11801,South Africa,PMO - US,Direct Drop,DDP,Ocean,2010-11-26,2010-12-14,2011-10-05,2011-10-14,2011-10-14,ARV,Adult,Aurobindo Pharma Limited,"Tenofovir Disoproxil Fumarate 300mg, tablets, 30 Tabs",Tenofovir Disoproxil Fumarate,Generic,300mg,Tablet,30,14155,94130.75,6.65,0.22,"Aurobindo Unit III, India",True,1321.0,9726.53,155.32
3985,36453,102-SD-T30,FPQ-6991,SCMS-100480,ASN-11003,Sudan,PMO - US,Direct Drop,EXW,Air,2011-02-05,2011-03-02,2011-06-27,2011-06-27,2011-06-27,HRDT,HIV test,"Orgenics, Ltd","HIV 1/2, Determine Complete HIV Kit, 100 Tests","HIV 1/2, Determine Complete HIV Kit",Determine,no_dosage,Test kit,100,213,18957.0,89.0,0.89,Inverness Japan,True,97.0,2542.17,31.28
3986,36810,102-KE-T30,FPQ-8446,SCMS-124900,ASN-13148,Kenya,PMO - US,Direct Drop,EXW,Air,2011-10-05,2011-10-26,2012-01-17,2012-01-17,2012-01-17,HRDT,HIV test,"Orgenics, Ltd","HIV 1/2, Determine Complete HIV Kit, 100 Tests","HIV 1/2, Determine Complete HIV Kit",Determine,no_dosage,Test kit,100,6959,619351.0,89.0,0.89,"Alere Medical Co., Ltd.",True,1198.0,13543.63,1021.93
3987,36464,108-VN-T30,FPQ-15692,SCMS-274390,ASN-32266,Vietnam,PMO - US,Direct Drop,EXW,Air,2015-01-28,2015-02-17,2015-07-10,2015-07-10,2015-07-10,ARV,Adult,HETERO LABS LIMITED,"Efavirenz/Lamivudine/Tenofovir Disoproxil Fumarate 600/300/300mg, tablets, 30 Tabs",Efavirenz/Lamivudine/Tenofovir Disoproxil Fumarate,Generic,600/300/300mg,Tablet - FDC,30,17760,177600.0,10.0,0.33,Hetero Unit III Hyderabad IN,True,2523.0,4761.9,209.04
3988,36507,108-VN-T30,FPQ-6384,SCMS-87770,ASN-9407,Vietnam,PMO - US,Direct Drop,EXW,Air,2010-09-30,2010-10-18,2011-02-09,2011-02-09,2011-02-09,ARV,Adult,HETERO LABS LIMITED,"Zidovudine 300mg, tablets, 60 Tabs",Zidovudine,Generic,300mg,Tablet,60,504,3502.8,6.95,0.12,Hetero Unit III Hyderabad IN,False,668.5,4400.805,7.55
3989,36530,109-TZ-T30,FPQ-10994,SCMS-169320,ASN-18202,Tanzania,PMO - US,Direct Drop,EXW,Air,2012-11-13,2012-12-12,2013-02-28,2013-02-28,2013-02-28,HRDT,HIV test,"Trinity Biotech, Plc","HIV 1/2, Uni-Gold HIV Kit, 20 Tests","HIV 1/2, Uni-Gold HIV Kit",Uni-Gold,no_dosage,Test kit,20,8460,270720.0,32.0,1.6,"Trinity Biotech, Plc",True,2770.0,26281.49,334.88
3990,36539,114-UG-T30,FPQ-10787,SCMS-163460,ASN-17750,Uganda,PMO - US,Direct Drop,EXW,Air,2012-10-10,2012-10-25,2013-01-21,2013-01-21,2013-01-21,ARV,Adult,MYLAN LABORATORIES LTD (FORMERLY MATRIX LABORATORIES),"Atazanavir/Ritonavir 300/100mg, tablets, 30 Tabs",Atazanavir/Ritonavir,Generic,300/100mg,Tablet,30,1665,37462.5,22.5,0.75,Mylan (formerly Matrix) Nashik,True,420.0,3900.39,46.34
3991,36541,116-ZA-T30,FPQ-13035,SCMS-215370,ASN-24415,South Africa,PMO - US,Direct Drop,DDP,Truck,2013-10-08,2013-12-02,2014-02-06,2014-02-06,2014-02-06,ARV,Pediatric,S. BUYS WHOLESALER,"Efavirenz 200mg, capsule, 90 Caps",Efavirenz,Generic,200mg,Capsule,90,85,1985.58,23.36,0.26,"Aurobindo Unit III, India",False,668.5,0.0,2.46
3992,36562,111-MZ-T30,FPQ-4740,SCMS-82730,ASN-9423,Mozambique,PMO - US,Direct Drop,FCA,Air,2009-12-23,2010-08-25,2011-03-02,2011-03-02,2011-03-02,ARV,Adult,ABBVIE LOGISTICS (FORMERLY ABBOTT LOGISTICS BV),"Ritonavir 100mg [Norvir], film coated tablets, 30 Tabs",Ritonavir,Norvir,100mg,Tablet,30,2240,7683.2,3.43,0.11,ABBVIE Ludwigshafen Germany,True,216.0,2698.28,16.56
3993,36592,113-ZW-T30,FPQ-7521,SCMS-108030,ASN-11412,Zimbabwe,PMO - US,Direct Drop,EXW,Air,2011-04-07,2011-05-05,2011-09-08,2011-09-08,2011-09-08,HRDT,HIV test,"Orgenics, Ltd","HIV 1/2, Determine Complete HIV Kit, 100 Tests","HIV 1/2, Determine Complete HIV Kit",Determine,no_dosage,Test kit,100,1070,85600.0,80.0,0.8,Inverness Japan,True,532.0,14423.28,141.24
3994,36596,116-ZA-T30,FPQ-14942,SCMS-259077,ASN-33477,South Africa,PMO - US,Direct Drop,DDP,Truck,2014-09-11,2014-10-09,2015-07-24,2015-07-24,2015-07-24,ARV,Adult,PHARMACY DIRECT,"Efavirenz 600mg, tablets, 30 Tabs",Efavirenz,Generic,600mg,Tablet,30,39,439.52,11.27,0.38,"Aurobindo Unit III, India",False,668.5,0.0,0.45
3995,36603,108-VN-T30,FPQ-13524,SCMS-226240,ASN-25803,Vietnam,PMO - US,Direct Drop,EXW,Air,2014-02-06,2014-03-10,2014-06-07,2014-06-07,2014-06-07,ARV,Adult,Aurobindo Pharma Limited,"Nevirapine 200mg, tablets, 60 Tabs",Nevirapine,Generic,200mg,Tablet,60,7400,16650.0,2.25,0.04,"Aurobindo Unit III, India",True,730.0,1338.19,17.12
3996,36617,108-VN-T30,FPQ-15040,SCMS-263660,ASN-30941,Vietnam,PMO - US,Direct Drop,EXW,Air,2014-10-30,2014-12-08,2015-03-31,2015-03-31,2015-04-01,ARV,Adult,HETERO LABS LIMITED,"Abacavir 300mg, tablets, 60 Tabs",Abacavir,Generic,300mg,Tablet,60,800,8960.0,11.2,0.19,Hetero Unit III Hyderabad IN,False,98.0,4400.805,9.21
3997,36641,113-ZW-T30,FPQ-15380,SCMS-266490,ASN-31132,Zimbabwe,PMO - US,Direct Drop,EXW,Air,2014-11-17,2015-01-26,2015-05-14,2015-05-14,2015-05-14,HRDT,HIV test,"Orgenics, Ltd","HIV 1/2, Determine Complete HIV Kit, 100 Tests","HIV 1/2, Determine Complete HIV Kit",Determine,no_dosage,Test kit,100,1500,120000.0,80.0,0.8,"Alere Medical Co., Ltd.",True,781.0,9914.59,141.24
3998,36643,161-ZA-T30,FPQ-5303,SCMS-69030,ASN-8381,South Africa,PMO - US,Direct Drop,DDP,Air,2010-03-18,2010-03-19,2010-09-20,2010-12-13,2010-12-13,ARV,Adult,Aurobindo Pharma Limited,"Zidovudine 300mg, tablets, 60 Tabs",Zidovudine,Generic,300mg,Tablet,60,8366,62159.38,7.43,0.12,"Aurobindo Unit III, India",True,458.0,1697.9,134.02
3999,36654,114-UG-T30,FPQ-7268,SCMS-104120,ASN-11026,Uganda,PMO - US,Direct Drop,DDP,Air,2011-03-11,2011-03-25,2011-06-02,2011-06-02,2011-06-02,ARV,Adult,ASPEN PHARMACARE,"Etravirine 100mg [Intelence], tablets, 120 Tabs",Etravirine,Intelence,100mg,Tablet,120,27,2361.42,87.46,0.73,"Janssen-Cilag, Latina, IT",True,5.0,41.0,3.9
4000,36661,116-ZA-T30,FPQ-13035,SCMS-215370,ASN-24415,South Africa,PMO - US,Direct Drop,DDP,Truck,2013-10-08,2013-12-02,2014-02-06,2014-02-06,2014-02-06,ARV,Pediatric,S. BUYS WHOLESALER,"Abacavir 20mg/ml, oral solution w/syringe, Bottle, 240 ml",Abacavir,Generic,20mg/ml,Oral solution,240,210,5097.32,24.27,0.1,"Aurobindo Unit III, India",False,32.0,0.0,6.31
4001,36679,116-ZA-T30,FPQ-12522,SCMS-199289,ASN-28033,South Africa,PMO - US,Direct Drop,DDP,Truck,2013-07-11,2014-08-29,2014-08-29,2014-08-29,2014-08-29,ARV,Pediatric,S. BUYS WHOLESALER,"Lamivudine 10mg/ml, oral solution w/syringe, Bottle, 240 ml",Lamivudine,Generic,10mg/ml,Oral solution,240,28,220.91,7.89,0.03,"Aurobindo Unit III, India",False,7.0,0.0,0.27
4002,36710,102-MW-T30,FPQ-11638,SCMS-179340,ASN-19207,Malawi,PMO - US,Direct Drop,EXW,Air,2013-02-22,2013-03-14,2013-05-03,2013-05-03,2013-05-03,HRDT,HIV test,"Trinity Biotech, Plc","HIV 1/2, Uni-Gold HIV Kit, 20 Tests","HIV 1/2, Uni-Gold HIV Kit",Uni-Gold,no_dosage,Test kit,20,94,3008.0,32.0,1.6,"Trinity Biotech, Plc",True,32.0,1136.31,3.72
4003,36717,104-CI-T30,FPQ-5207,SCMS-75360,ASN-7633,Côte d'Ivoire,PMO - US,Direct Drop,EXW,Air,2010-02-25,2010-06-07,2010-08-03,2010-08-03,2010-08-03,HRDT,HIV test,"CHEMBIO DIAGNOSTIC SYSTEMS, INC.","HIV 1/2, Stat-Pak HIV, Kit, 20 Tests","HIV 1/2, Stat-Pak HIV, Kit",Stat-Pak,no_dosage,Test kit,20,2483,67041.0,27.0,1.35,Chembio Diagnostics Sys. Inc.,True,706.0,6150.75,144.54
4004,36758,107-RW-T30,FPQ-10752,SCMS-162540,ASN-17494,Rwanda,PMO - US,Direct Drop,EXW,Air,2012-10-03,2012-10-17,2013-01-30,2013-01-30,2013-01-30,ARV,Adult,HETERO LABS LIMITED,"Tenofovir Disoproxil Fumarate 300mg, tablets, 30 Tabs",Tenofovir Disoproxil Fumarate,Generic,300mg,Tablet,30,672,2520.0,3.75,0.12,Hetero Unit III Hyderabad IN,True,55.0,1276.53,3.53
4005,36773,116-ZA-T30,FPQ-13214,SCMS-215410,ASN-23875,South Africa,PMO - US,Direct Drop,DDP,Truck,2013-11-14,2013-12-02,2014-01-13,2014-01-13,2014-01-13,ARV,Pediatric,S. BUYS WHOLESALER,"Efavirenz 200mg, capsule, 90 Caps",Efavirenz,Generic,200mg,Capsule,90,12,264.95,22.08,0.25,"Aurobindo Unit III, India",False,48.0,0.0,0.27
4006,36784,116-ZA-T30,FPQ-13035,SCMS-215370,ASN-24415,South Africa,PMO - US,Direct Drop,DDP,Truck,2013-10-08,2013-12-02,2014-02-06,2014-02-06,2014-02-06,ARV,Pediatric,S. BUYS WHOLESALER,"Efavirenz 200mg, capsule, 90 Caps",Efavirenz,Generic,200mg,Capsule,90,168,3709.29,22.08,0.25,"Aurobindo Unit III, India",False,23.0,0.0,4.59
4007,36785,151-NG-T30,FPQ-16553,SCMS-296470,ASN-33750,Nigeria,PMO - US,Direct Drop,EXW,Air,2015-07-07,2015-08-04,2015-09-02,2015-09-02,2015-09-09,ARV,Pediatric,CIPLA LIMITED,"Abacavir/Lamivudine 60/30mg, dispersible tablets, 60 Tabs",Abacavir/Lamivudine,Generic,60/30mg,Chewable/dispersible tablet - FDC,60,6424,32120.0,5.0,0.08,"Cipla, Patalganga, India",True,668.5,10144.765,37.81
4008,36842,133-NG-T30,FPQ-12812,SCMS-210350,ASN-22885,Nigeria,PMO - US,Direct Drop,EXW,Air,2013-08-13,2013-11-01,2013-12-23,2013-12-12,2013-12-16,HRDT,HIV test,"Orgenics, Ltd","HIV 1/2, Determine Complete HIV Kit, 100 Tests","HIV 1/2, Determine Complete HIV Kit",Determine,no_dosage,Test kit,100,9308,828412.0,89.0,0.89,"Alere Medical Co., Ltd.",True,3778.0,59767.71,1024.75
4009,36868,111-MZ-T30,FPQ-4740,SCMS-62331,ASN-6710,Mozambique,PMO - US,Direct Drop,CIP,Air,2009-12-23,2010-01-25,2010-04-22,2010-04-22,2010-04-22,ARV,Adult,INTERNATIONAL HEALTHCARE DISTRIBUTORS,"Ritonavir 100mg [Norvir], capsules, cool, 84 Caps",Ritonavir,Norvir,100mg,Capsule,84,620,6417.0,10.35,0.12,ABBVIE (Abbott) Logis. UK,True,668.5,0.0,13.84
4010,36871,108-VN-T30,FPQ-10287,SCMS-156260,ASN-17696,Vietnam,PMO - US,Direct Drop,EXW,Air,2012-07-25,2012-08-15,2013-01-30,2013-01-30,2013-01-30,ARV,Pediatric,MICRO LABS LIMITED,"Efavirenz 200mg, capsule, 90 Caps",Efavirenz,Generic,200mg,Capsule,90,702,3102.84,4.42,0.05,"Micro labs, Verna, Goa, India",False,668.5,4400.805,4.35
4011,36880,116-ZA-T30,FPQ-12522,SCMS-199283,ASN-27980,South Africa,PMO - US,Direct Drop,DDP,Truck,2013-07-11,2014-08-27,2014-08-27,2014-08-27,2014-08-27,ARV,Adult,S. BUYS WHOLESALER,"Abacavir 300mg, tablets, 60 Tabs",Abacavir,Generic,300mg,Tablet,60,45,3471.61,77.15,1.29,"Aurobindo Unit III, India",False,13.0,0.0,4.29
4012,36890,116-ZA-T30,FPQ-4770,SCMS-60170,ASN-5933,South Africa,PMO - US,Direct Drop,DDP,Truck,2009-12-17,2009-12-23,2009-12-29,2009-12-29,2009-12-29,ARV,Adult,S. BUYS WHOLESALER,"Tenofovir Disoproxil Fumarate 300mg [Viread], tablets, 30 Tabs",Tenofovir Disoproxil Fumarate,Viread,300mg,Tablet,30,500,14105.11,28.21,0.94,"Aspen-OSD, Port Elizabeth, SA",False,83.0,0.0,30.41
4013,36892,116-ZA-T30,FPQ-13035,SCMS-215370,ASN-24415,South Africa,PMO - US,Direct Drop,DDP,Truck,2013-10-08,2013-12-02,2014-02-06,2014-02-06,2014-02-06,ARV,Adult,S. BUYS WHOLESALER,"Lamivudine 150mg [Epivir], tablets, 60 Tabs",Lamivudine,Epivir,150mg,Tablet,60,3519,38242.38,10.87,0.18,GSK Cape Town Factory (South Africa),False,2538.0,0.0,47.31
4014,36913,102-GY-T30,FPQ-5496,SCMS-71600,ASN-7378,Guyana,PMO - US,Direct Drop,EXW,Air,2010-04-15,2010-06-21,2010-07-27,2010-07-27,2010-07-27,HRDT,HIV test,"Trinity Biotech, Plc","HIV 1/2, Uni-Gold HIV Kit, 20 Tests","HIV 1/2, Uni-Gold HIV Kit",Uni-Gold,no_dosage,Test kit,20,1470,47040.0,32.0,1.6,"Trinity Biotech, Plc",True,500.0,5255.14,101.42
4015,36922,116-ZA-T30,FPQ-12522,SCMS-199289,ASN-28037,South Africa,PMO - US,Direct Drop,DDP,Truck,2013-07-11,2014-08-29,2014-08-29,2014-08-29,2014-08-29,ARV,Adult,S. BUYS WHOLESALER,"Lopinavir/Ritonavir 200/50mg [Aluvia], tablets, 120 Tabs",Lopinavir/Ritonavir,Aluvia,200/50mg,Tablet,120,87,2241.1,25.76,0.21,ABBVIE Ludwigshafen Germany,False,42.0,0.0,2.77
4016,36936,102-KE-T30,FPQ-6406,SCMS-88211,ASN-9547,Kenya,PMO - US,Direct Drop,EXW,Air,2010-09-27,2010-11-22,2011-02-10,2011-02-10,2011-02-10,HRDT,HIV test,"Orgenics, Ltd","HIV 1/2, Determine Complete HIV Kit, 100 Tests","HIV 1/2, Determine Complete HIV Kit",Determine,no_dosage,Test kit,100,8586,764154.0,89.0,0.89,Inverness Japan,True,1479.0,15519.77,1647.52
4017,36969,108-VN-T30,FPQ-4265,SCMS-56310,ASN-6252,Vietnam,PMO - US,Direct Drop,EXW,Air,2009-10-20,2009-11-03,2010-03-22,2010-03-22,2010-03-22,ARV,Adult,MYLAN LABORATORIES LTD (FORMERLY MATRIX LABORATORIES),"Zidovudine 300mg, tablets, 60 Tabs",Zidovudine,Generic,300mg,Tablet,60,1680,12600.0,7.5,0.12,Mylan (formerly Matrix) Nashik,True,389.0,9674.88,24.7
4018,36978,108-VN-T30,FPQ-10286,SCMS-156250,ASN-17673,Vietnam,PMO - US,Direct Drop,EXW,Air,2012-07-25,2012-08-15,2013-02-04,2013-02-04,2013-02-04,ARV,Pediatric,MICRO LABS LIMITED,"Efavirenz 50mg, capsule, 30 Caps",Efavirenz,Generic,50mg,Capsule,30,1240,2504.8,2.02,0.07,"Micro labs, Verna, Goa, India",True,71.0,990.04,3.51
4019,37031,108-VN-T30,FPQ-10287,SCMS-156140,ASN-17077,Vietnam,PMO - US,Direct Drop,EXW,Air,2012-07-25,2012-08-14,2012-12-10,2012-12-10,2012-12-10,ARV,Pediatric,Aurobindo Pharma Limited,"Lamivudine 10mg/ml, oral solution w/syringe, Bottle, 240 ml",Lamivudine,Generic,10mg/ml,Oral solution,240,370,684.5,1.85,0.01,"Aurobindo Unit III, India",True,2998.0,4531.29,0.96
4020,37037,113-ZW-T30,FPQ-13939,SCMS-240570,ASN-27584,Zimbabwe,PMO - US,Direct Drop,EXW,Air Charter,2014-04-01,2014-05-27,2014-09-17,2014-09-17,2014-09-19,ARV,Adult,HETERO LABS LIMITED,"Lamivudine/Tenofovir Disoproxil Fumarate 300/300mg, tablets, 30 Tabs",Lamivudine/Tenofovir Disoproxil Fumarate,Generic,300/300mg,Tablet - FDC,30,42336,195592.32,4.62,0.15,Hetero Unit III Hyderabad IN,True,4601.0,28788.73,201.07
4021,37040,116-ZA-T30,FPQ-3596,SCMS-50360,ASN-5454,South Africa,PMO - US,Direct Drop,DDP,Truck,2009-05-07,2009-09-22,2009-10-27,2009-10-27,2009-10-27,ARV,Adult,S. BUYS WHOLESALER,"Nevirapine 200mg [Viramune], tablets, 60 Tabs",Nevirapine,Viramune,200mg,Tablet,60,5000,101541.09,20.31,0.34,"Boehringer Ing., Koropi, GR",True,452.0,0.0,199.02
4022,37052,116-ZA-T30,FPQ-12522,SCMS-199283,ASN-27979,South Africa,PMO - US,Direct Drop,DDP,Truck,2013-07-11,2014-08-27,2014-08-27,2014-08-27,2014-08-27,ARV,Adult,S. BUYS WHOLESALER,"Didanosine 250mg, delayed-release capsules, 30 Caps",Didanosine,Generic,250mg,Delayed-release capsules,30,7,119.16,17.02,0.57,"Aurobindo Unit III, India",False,668.5,0.0,0.15
4023,37068,116-ZA-T30,FPQ-14942,SCMS-259074,ASN-31070,South Africa,PMO - US,Direct Drop,DDP,Truck,2014-09-11,2015-03-09,2015-03-09,2015-03-09,2015-03-09,ARV,Adult,PHARMACY DIRECT,"Tenofovir Disoproxil Fumarate 300mg, tablets, 30 Tabs",Tenofovir Disoproxil Fumarate,Generic,300mg,Tablet,30,138,1906.7,13.82,0.46,Mylan (formerly Matrix) Nashik,False,668.5,0.0,1.96
4024,37076,110-ZM-T30,FPQ-16528,SCMS-294910,ASN-33650,Zambia,PMO - US,Direct Drop,EXW,Air,2015-06-30,2015-07-28,2015-08-18,2015-08-18,2015-08-21,ARV,Adult,HETERO LABS LIMITED,"Efavirenz 600mg, tablets, 30 Tabs",Efavirenz,Generic,600mg,Tablet,30,56352,183144.0,3.25,0.11,"Hetero, Jadcherla, unit 5, IN",True,4792.0,14019.38,215.56
4025,37087,116-ZA-T30,FPQ-14942,SCMS-259076,ASN-32524,South Africa,PMO - US,Direct Drop,DDP,Truck,2014-09-11,2015-06-02,2015-06-02,2015-06-02,2015-06-02,ARV,Adult,PHARMACY DIRECT,"Tenofovir Disoproxil Fumarate 300mg, tablets, 30 Tabs",Tenofovir Disoproxil Fumarate,Generic,300mg,Tablet,30,24,331.6,13.82,0.46,Mylan (formerly Matrix) Nashik,False,14.5,0.0,0.34
4026,37089,122-HT-T30,FPQ-8635,SCMS-132170,ASN-14729,Haiti,PMO - US,Direct Drop,EXW,Air,2011-12-07,2012-01-05,2012-05-10,2012-05-10,2012-05-10,ANTM,Malaria,THE MEDICAL EXPORT GROUP BV,"Chloroquine 150mg base (as phosphate), tablets, 1000 Tabs",Chloroquine base (as phosphate),Generic,150mg,Tablet,1000,11000,100540.0,9.14,0.01,"Micro Labs, Hosur, India",True,5051.0,37744.27,140.96
4027,37140,111-MZ-T30,FPQ-7054,SCMS-98420,ASN-10816,Mozambique,PMO - US,Direct Drop,FCA,Air,2011-01-21,2011-02-08,2011-05-24,2011-05-24,2011-05-24,ARV,Adult,Hoffmann-La Roche ltd Basel,"Saquinavir 200mg [Invirase], capsules, 270 Caps",Saquinavir,Invirase,200mg,Capsule,270,448,46377.58,103.52,0.38,Roche Basel,False,68.0,3247.5699999999997,76.52
4028,37152,114-UG-T30,FPQ-4320,SCMS-58160,ASN-5935,Uganda,PMO - US,Direct Drop,EXW,Air,2009-11-16,2009-11-25,2010-02-02,2010-02-02,2010-02-02,ARV,Pediatric,EMCURE PHARMACEUTICALS LTD,"Atazanavir 150mg, capsules, 60 Caps",Atazanavir,Generic,150mg,Capsule,60,240,6261.6,26.09,0.43,"Emcure Plot No.P-2, I.T-B.T. Park, Phase II, MIDC, Hinjwadi, Pune, India",True,25.0,915.09,12.27
4029,37157,111-MZ-T30,FPQ-7807,SCMS-111300,ASN-12116,Mozambique,PMO - US,Direct Drop,EXW,Air,2011-05-31,2011-06-13,2011-10-26,2011-10-26,2011-10-26,HRDT,HIV test,"Orgenics, Ltd","HIV 1/2, Determine Complete HIV Kit, 100 Tests","HIV 1/2, Determine Complete HIV Kit",Determine,no_dosage,Test kit,100,120,9600.0,80.0,0.8,Inverness Japan,True,55.0,3267.66,15.84
4030,37177,161-ZA-T30,FPQ-7175,SCMS-103460,ASN-10839,South Africa,PMO - US,Direct Drop,DDP,Ocean,2011-03-10,2011-03-24,2011-09-02,2011-09-02,2011-09-02,ARV,Adult,Aurobindo Pharma Limited,"Zidovudine 300mg, tablets, 60 Tabs",Zidovudine,Generic,300mg,Tablet,60,66793,487588.9,7.3,0.12,"Aurobindo Unit III, India",True,3458.0,3787.72,804.52
4031,37251,102-SD-T30,FPQ-6991,SCMS-100301,ASN-10451,Sudan,PMO - US,Direct Drop,EXW,Air,2011-02-05,2011-03-02,2011-04-29,2011-04-29,2011-04-29,HRDT,HIV test - Ancillary,"Standard Diagnostics, Inc.","HIV 1/2, Bioline 3.0 Diluent, 25 Tests, Bottle x 5 ml","HIV 1/2, Bioline 3.0 Diluent, 25 Tests",Bioline,no_dosage,Test kit - Ancillary,1,13,11.7,0.9,0.9,"Standard Diagnostics, Korea",True,1.0,137.5,0.02
4032,37277,106-HT-T30,FPQ-12590,SCMS-210460,ASN-25570,Haiti,PMO - US,Direct Drop,EXW,Air,2013-08-21,2013-10-24,2014-06-03,2014-06-03,2014-06-05,ARV,Pediatric,Aurobindo Pharma Limited,"Abacavir 20mg/ml, oral solution w/syringe, Bottle, 240 ml",Abacavir,Generic,20mg/ml,Oral solution,240,450,3073.5,6.83,0.03,"Aurobindo Unit III, India",True,180.0,1773.7,3.8
4033,37324,103-UG-T30,FPQ-10289,SCMS-153580,ASN-16006,Uganda,PMO - US,Direct Drop,EXW,Air,2012-07-11,2012-07-31,2012-08-29,2012-08-29,2012-08-29,ARV,Adult,MYLAN LABORATORIES LTD (FORMERLY MATRIX LABORATORIES),"Efavirenz/Lamivudine/Tenofovir Disoproxil Fumarate 600/300/300mg, tablets, 30 Tabs",Efavirenz/Lamivudine/Tenofovir Disoproxil Fumarate,Generic,600/300/300mg,Tablet - FDC,30,205042,2458453.58,11.99,0.4,Mylan (formerly Matrix) Nashik,True,24556.0,146850.66,3446.75
4034,37334,116-ZA-T30,FPQ-12523,SCMS-199310,ASN-29450,South Africa,PMO - US,Direct Drop,DDP,Truck,2013-07-12,2013-08-13,2014-11-19,2014-11-19,2014-11-19,ARV,Adult,S. BUYS WHOLESALER,"Saquinavir 200mg [Invirase], capsules, 270 Caps",Saquinavir,Invirase,200mg,Capsule,270,30,2542.45,84.75,0.31,Roche Madrid,False,55.0,0.0,3.15
4035,37362,116-ZA-T30,FPQ-12522,SCMS-199289,ASN-28034,South Africa,PMO - US,Direct Drop,DDP,Truck,2013-07-11,2014-08-29,2014-08-29,2014-08-29,2014-08-29,ARV,Adult,S. BUYS WHOLESALER,"Didanosine 250mg, delayed-release capsules, 30 Caps",Didanosine,Generic,250mg,Delayed-release capsules,30,8,134.55,16.82,0.56,"Aurobindo Unit III, India",False,48.0,0.0,0.17
4036,37379,106-HT-T30,FPQ-12682,SCMS-209700,ASN-24413,Haiti,PMO - US,Direct Drop,EXW,Air,2013-08-23,2013-10-08,2014-03-25,2014-03-25,2014-03-26,ARV,Pediatric,CIPLA LIMITED,"Abacavir 60mg, dispersible tablets, 60 Tabs",Abacavir,Generic,60mg,Chewable/dispersible tablet,60,741,3705.0,5.0,0.08,"Cipla, Patalganga, India",True,66.0,1572.92,4.58
4037,37410,116-ZA-T30,FPQ-13035,SCMS-215370,ASN-24415,South Africa,PMO - US,Direct Drop,DDP,Truck,2013-10-08,2013-12-02,2014-02-06,2014-02-06,2014-02-06,ARV,Adult,S. BUYS WHOLESALER,"Abacavir 300mg, tablets, 60 Tabs",Abacavir,Generic,300mg,Tablet,60,97,6627.47,68.32,1.14,"Aurobindo Unit III, India",False,46.0,0.0,8.2
4038,37416,116-ZA-T30,FPQ-14942,SCMS-259082,ASN-30448,South Africa,PMO - US,Direct Drop,DDP,Truck,2014-09-11,2015-01-29,2015-01-29,2015-01-29,2015-01-29,ARV,Pediatric,PHARMACY DIRECT,"Lopinavir/Ritonavir 80/20mg/ml [Kaletra], oral solution, cool, Bottle 5 x 60 ml",Lopinavir/Ritonavir,Kaletra,80/20mg/ml,Oral solution,300,2,31.89,15.94,0.05,ABBVIE (Abbott) Logis. UK,True,1.0,0.0,0.03
4039,37417,110-ZM-T30,FPQ-6263,SCMS-87270,ASN-8664,Zambia,PMO - US,Direct Drop,EXW,Air,2010-09-08,2010-10-07,2010-12-14,2010-12-14,2010-12-14,HRDT,HIV test,"Standard Diagnostics, Inc.","HIV 1/2, Bioline 3.0 Kit, Lancets, Capillary pipets, Alcohol swabs included, 25 Tests","HIV 1/2, Bioline 3.0 Kit, Lancets, Capillary pipets, Alcohol swabs included",Bioline,no_dosage,Test kit,25,120,2400.0,20.0,0.8,"Standard Diagnostics, Korea",True,40.0,771.88,5.17
4040,37452,116-ZA-T30,FPQ-14942,SCMS-259075,ASN-32122,South Africa,PMO - US,Direct Drop,DDP,Truck,2014-09-11,2015-05-11,2015-05-12,2015-05-12,2015-05-12,ARV,Pediatric,PHARMACY DIRECT,"Abacavir 20mg/ml, oral solution, Bottle, 240 ml",Abacavir,Generic,20mg/ml,Oral solution,240,14,247.96,17.71,0.07,"Aurobindo Unit III, India",False,38.5,0.0,0.25
4041,37470,101-CD-T30,FPQ-16001,SCMS-280210,ASN-31750,"Congo, DRC",PMO - US,Direct Drop,EXW,Air,2015-03-10,2015-03-16,2015-07-02,2015-07-02,2015-07-30,HRDT,HIV test,"Trinity Biotech, Plc","HIV 1/2, Uni-Gold HIV Kit, 20 Tests","HIV 1/2, Uni-Gold HIV Kit",Uni-Gold,no_dosage,Test kit,20,34,1088.0,32.0,1.6,"Trinity Biotech, Plc",False,62.5,2346.5699999999997,1.28
4042,37475,108-VN-T30,FPQ-10287,SCMS-156281,ASN-17806,Vietnam,PMO - US,Direct Drop,EXW,Air,2012-07-25,2012-08-14,2013-02-02,2013-02-02,2013-02-02,ARV,Pediatric,MYLAN LABORATORIES LTD (FORMERLY MATRIX LABORATORIES),"Lamivudine/Zidovudine 30/60mg, tablets, 60 Tabs",Lamivudine/Zidovudine,Generic,30/60mg,Tablet - FDC,60,3434,7726.5,2.25,0.04,Mylan (formerly Matrix) Nashik,True,876.0,2183.92,10.83
4043,37481,107-RW-T30,FPQ-5792,SCMS-75790,ASN-7839,Rwanda,PMO - US,Direct Drop,EXW,Air,2010-06-07,2010-07-22,2010-09-09,2010-09-09,2010-09-09,HRDT,HIV test,"Orgenics, Ltd","HIV 1/2, Determine HIV Kit, without Lancets, 100 Tests","HIV 1/2, Determine HIV Kit, without Lancets",Determine,no_dosage,Test kit,100,5000,388500.0,77.7,0.78,Inverness Japan,True,1136.0,49573.62,837.61
4044,37487,116-ZA-T30,FPQ-12522,SCMS-199289,ASN-28033,South Africa,PMO - US,Direct Drop,DDP,Truck,2013-07-11,2014-08-29,2014-08-29,2014-08-29,2014-08-29,ARV,Pediatric,S. BUYS WHOLESALER,"Lopinavir/Ritonavir 100/25mg [Aluvia], tablets, 60 Tabs",Lopinavir/Ritonavir,Generic,100/25mg,Tablet,60,6,38.64,6.44,0.11,ABBVIE Ludwigshafen Germany,False,9.0,0.0,0.05
4045,37489,116-ZA-T30,FPQ-3560,SCMS-49640,ASN-5441,South Africa,PMO - US,Direct Drop,DDP,Truck,2009-05-07,2009-07-21,2009-09-30,2009-09-30,2009-09-30,ARV,Adult,S. BUYS WHOLESALER,"Efavirenz 600mg, tablets, 30 Tabs",Efavirenz,Generic,600mg,Tablet,30,2285,40375.94,17.67,0.59,"Cipla, Goa, India",True,668.5,0.0,79.14
4046,37496,111-MZ-T30,FPQ-13775,SCMS-229680,ASN-25195,Mozambique,PMO - US,Direct Drop,EXW,Air,2014-02-21,2014-02-28,2014-06-13,2014-06-13,2014-06-13,HRDT,HIV test,"Trinity Biotech, Plc","HIV 1/2, Uni-Gold HIV Kit, 20 Tests","HIV 1/2, Uni-Gold HIV Kit",Uni-Gold,no_dosage,Test kit,20,286,9152.0,32.0,1.6,"Trinity Biotech, Plc",True,88.0,1088.93,9.41
4047,37506,108-VN-T30,FPQ-4720,SCMS-62370,ASN-6189,Vietnam,PMO - US,Direct Drop,FCA,Air,2009-01-04,2010-01-11,2010-03-22,2010-03-22,2010-03-22,ARV,Adult,ABBVIE LOGISTICS (FORMERLY ABBOTT LOGISTICS BV),"Lopinavir/Ritonavir 200/50mg [Aluvia], tablets, 120 Tabs",Lopinavir/Ritonavir,Aluvia,200/50mg,Tablet,120,4165,342363.0,82.2,0.68,ABBVIE Ludwigshafen Germany,True,1010.0,5417.87,738.13
4048,37519,161-ZA-T30,FPQ-6262,SCMS-83770,ASN-9945,South Africa,PMO - US,Direct Drop,DDP,Ocean,2010-08-31,2010-09-24,2011-04-26,2011-04-26,2011-04-26,ARV,Adult,Aurobindo Pharma Limited,"Lamivudine 150mg, tablets, 60 Tabs",Lamivudine,Generic,150mg,Tablet,60,136403,323275.11,2.37,0.04,"Aurobindo Unit III, India",False,668.5,7526.14,696.98
4049,37526,108-VN-T30,FPQ-10643,SCMS-160990,ASN-17709,Vietnam,PMO - US,Direct Drop,EXW,Air,2012-09-18,2012-09-24,2013-02-04,2013-02-04,2013-02-04,ARV,Adult,MICRO LABS LIMITED,"Lamivudine 150mg, tablets, 60 Tabs",Lamivudine,Generic,150mg,Tablet,60,13570,24968.8,1.84,0.03,"Micro labs, Verna, Goa, India",True,568.0,1646.5,35.01
4050,37531,161-ZA-T30,FPQ-5303,SCMS-68952,ASN-7507,South Africa,PMO - US,Direct Drop,DDP,Air,2010-03-18,2010-03-19,2010-08-24,2010-08-24,2010-08-24,ARV,Pediatric,Aurobindo Pharma Limited,"Lamivudine 10mg/ml, oral solution w/syringe, Bottle, 240 ml",Lamivudine,Generic,10mg/ml,Oral solution,240,3184,9552.0,3.0,0.01,"Aurobindo Unit III, India",True,1205.0,3283.62,20.59
4051,37578,104-CI-T30,FPQ-6037,SCMS-80620,ASN-8761,Côte d'Ivoire,PMO - US,Direct Drop,EXW,Air,2010-07-14,2010-07-30,2010-11-24,2010-11-24,2010-11-24,HRDT,HIV test,"CHEMBIO DIAGNOSTIC SYSTEMS, INC.","HIV 1/2, Stat-Pak HIV, Kit, 20 Tests","HIV 1/2, Stat-Pak HIV, Kit",Stat-Pak,no_dosage,Test kit,20,2825,76275.0,27.0,1.35,Chembio Diagnostics Sys. Inc.,True,1038.0,3360.75,164.45
4052,37612,103-ZW-T30,FPQ-13969,SCMS-239170,ASN-26975,Zimbabwe,PMO - US,Direct Drop,EXW,Ocean,2014-04-08,2014-05-15,2014-09-10,2014-09-10,2014-10-30,ARV,Pediatric,ABBVIE LOGISTICS (FORMERLY ABBOTT LOGISTICS BV),"Lopinavir/Ritonavir 100/25mg [Aluvia], tablets, 60 Tabs",Lopinavir/Ritonavir,Generic,100/25mg,Tablet,60,41840,248529.6,5.94,0.1,ABBVIE Ludwigshafen Germany,True,4528.0,25189.51,255.49
4053,37624,101-CD-T30,FPQ-16001,SCMS-280220,ASN-32231,"Congo, DRC",PMO - US,Direct Drop,EXW,Air,2015-03-10,2015-03-17,2015-07-23,2015-07-23,2015-07-29,HRDT,HIV test,"Orgenics, Ltd","HIV 1/2, Determine Complete HIV Kit, 100 Tests","HIV 1/2, Determine Complete HIV Kit",Determine,no_dosage,Test kit,100,776,62080.0,80.0,0.8,"Alere Medical Co., Ltd.",False,394.0,2346.5699999999997,73.07
4054,37650,200-ZW-T30,FPQ-6488,SCMS-90650,ASN-10818,Zimbabwe,PMO - US,Direct Drop,FCA,Air,2010-10-26,2010-11-10,2011-07-12,2011-07-12,2011-07-12,ARV,Pediatric,ABBVIE LOGISTICS (FORMERLY ABBOTT LOGISTICS BV),"Lopinavir/Ritonavir 80/20mg/ml [Kaletra], oral solution, cool, Bottle 5 x 60 ml",Lopinavir/Ritonavir,Kaletra,80/20mg/ml,Oral solution,300,1083,39161.28,36.16,0.12,ABBVIE (Abbott) Logis. UK,True,1257.0,22837.98,84.43
4055,37664,133-NG-T30,FPQ-10765,SCMS-162440,ASN-17529,Nigeria,PMO - US,Direct Drop,EXW,Air,2012-10-05,2012-10-16,2013-01-09,2013-01-10,2013-01-10,HRDT,HIV test,"Orgenics, Ltd","HIV 1/2, Determine Complete HIV Kit, 100 Tests","HIV 1/2, Determine Complete HIV Kit",Determine,no_dosage,Test kit,100,2744,244216.0,89.0,0.89,"Alere Medical Co., Ltd.",True,1186.0,24927.19,342.39
4056,37720,116-ZA-T30,FPQ-12522,SCMS-199289,ASN-28036,South Africa,PMO - US,Direct Drop,DDP,Truck,2013-07-11,2014-08-29,2014-08-29,2014-08-29,2014-08-29,ARV,Adult,S. BUYS WHOLESALER,"Nevirapine 200mg, tablets, 60 Tabs",Nevirapine,Generic,200mg,Tablet,60,121,2368.94,19.58,0.33,"Aurobindo Unit III, India",False,43.0,0.0,2.93
4057,37752,101-CD-T30,FPQ-16001,SCMS-280210,ASN-31750,"Congo, DRC",PMO - US,Direct Drop,EXW,Air,2015-03-10,2015-03-16,2015-07-02,2015-07-02,2015-07-30,HRDT,HIV test,"Trinity Biotech, Plc","HIV 1/2, Uni-Gold HIV Kit, 20 Tests","HIV 1/2, Uni-Gold HIV Kit",Uni-Gold,no_dosage,Test kit,20,65,2080.0,32.0,1.6,"Trinity Biotech, Plc",False,22.5,2346.5699999999997,2.45
4058,37753,108-VN-T30,FPQ-11417,SCMS-174410,ASN-18761,Vietnam,PMO - US,Direct Drop,EXW,Air,2013-01-10,2013-01-22,2013-06-05,2013-06-05,2013-06-05,ARV,Adult,HETERO LABS LIMITED,"Nevirapine 200mg, tablets, 60 Tabs",Nevirapine,Generic,200mg,Tablet,60,23003,50836.63,2.21,0.04,Hetero Unit III Hyderabad IN,True,1483.0,11346.48,62.88
4059,37775,116-ZA-T30,FPQ-3596,SCMS-50372,ASN-6124,South Africa,PMO - US,Direct Drop,DDP,Truck,2009-05-07,2009-09-22,2010-01-27,2010-01-27,2010-01-27,ARV,Adult,S. BUYS WHOLESALER,"Stavudine 30mg, capsules, 60 Caps",Stavudine,Generic,30mg,Capsule,60,8000,36968.24,4.62,0.08,"Aurobindo Unit III, India",True,1023.0,0.0,72.46
4060,37820,116-ZA-T30,FPQ-13973,SCMS-238556,ASN-31854,South Africa,PMO - US,Direct Drop,DDP,Truck,2014-04-30,2015-04-28,2015-04-28,2015-04-28,2015-04-28,ARV,Adult,PHARMACY DIRECT,"Tenofovir Disoproxil Fumarate 300mg, tablets, 30 Tabs",Tenofovir Disoproxil Fumarate,Generic,300mg,Tablet,30,60,1147.25,19.12,0.64,Mylan (formerly Matrix) Nashik,False,108.0,0.0,1.18
4061,37829,108-VN-T30,FPQ-12539,SCMS-199710,ASN-23182,Vietnam,PMO - US,Direct Drop,FCA,Air,2013-07-11,2013-07-30,2014-01-08,2014-01-08,2014-01-08,ARV,Adult,ABBVIE LOGISTICS (FORMERLY ABBOTT LOGISTICS BV),"Lopinavir/Ritonavir 200/50mg [Aluvia], tablets, 120 Tabs",Lopinavir/Ritonavir,Aluvia,200/50mg,Tablet,120,7067,429814.94,60.82,0.51,ABBVIE Ludwigshafen Germany,False,668.5,4400.805,531.68
4062,37835,107-RW-T30,FPQ-12518,SCMS-198220,ASN-21423,Rwanda,PMO - US,Direct Drop,EXW,Air,2013-06-21,2013-08-09,2013-09-20,2013-09-20,2013-09-20,HRDT,HIV test,"SHANGHAI KEHUA BIOENGINEERING CO.,LTD.  (KHB)","HIV 1/2, SKB Colloidal Gold, Diagnostic Kit, Antibody, 50 Tests","HIV 1/2, Colloidal Gold, Diagnostic Kit, Antibody",Colloidal Gold,no_dosage,Test kit,1,28000,686000.0,24.5,24.5,"KHB Test Kit Facility, Shanghai China",True,18667.0,289653.2,848.58
4063,37868,108-VN-T30,FPQ-7898,SCMS-113621,ASN-14065,Vietnam,PMO - US,Direct Drop,EXW,Air,2011-06-27,2011-07-08,2012-04-13,2012-04-13,2012-04-13,ARV,Adult,STRIDES ARCOLAB LIMITED,"Efavirenz 600mg, tablets, 30 Tabs",Efavirenz,Generic,600mg,Tablet,30,21146,86698.6,4.1,0.14,"Strides, Bangalore, India.",True,1301.0,5664.49,143.05
4064,37872,108-VN-T30,FPQ-12539,SCMS-199740,ASN-22827,Vietnam,PMO - US,Direct Drop,EXW,Air,2013-07-11,2013-07-25,2013-12-12,2013-12-12,2013-12-12,ARV,Adult,CIPLA LIMITED,"Lamivudine/Nevirapine/Zidovudine 150/200/300mg, tablets, 60 Tabs",Lamivudine/Nevirapine/Zidovudine,Generic,150/300/200mg,Tablet - FDC,60,10762,87172.2,8.1,0.13,"Cipla, Goa, India",True,1485.0,2702.63,107.83
4065,37887,161-ZA-T30,FPQ-5303,SCMS-68720,ASN-7593,South Africa,PMO - US,Direct Drop,DDP,Air,2010-03-18,2010-03-19,2010-07-19,2010-10-13,2010-10-13,ARV,Adult,CIPLA LIMITED,"Tenofovir Disoproxil Fumarate 300mg, tablets, 30 Tabs",Tenofovir Disoproxil Fumarate,Generic,300mg,Tablet,30,63785,498798.7,7.82,0.26,"Cipla, Goa, India",True,4141.0,5404.34,1075.41
4066,37924,109-TZ-T30,FPQ-13945,SCMS-235360,ASN-26124,Tanzania,PMO - US,Direct Drop,EXW,Air,2014-03-27,2014-05-06,2014-07-15,2014-07-15,2014-08-12,HRDT,HIV test,"Trinity Biotech, Plc","HIV 1/2, Uni-Gold HIV Kit, 20 Tests","HIV 1/2, Uni-Gold HIV Kit",Uni-Gold,no_dosage,Test kit,20,369,11808.0,32.0,1.6,"Trinity Biotech, Plc",True,113.0,1661.01,12.14
4067,37925,161-ZA-T30,FPQ-5303,SCMS-68910,ASN-7468,South Africa,PMO - US,Direct Drop,DDP,Air,2010-03-18,2010-03-19,2010-08-24,2010-08-04,2010-08-04,ARV,Adult,Aurobindo Pharma Limited,"Efavirenz 600mg, tablets, 30 Tabs",Efavirenz,Generic,600mg,Tablet,30,25190,117637.3,4.67,0.16,"Aurobindo Unit III, India",True,2131.0,5886.9,253.63
4068,38273,161-ZA-T30,FPQ-7175,SCMS-104100,ASN-13302,South Africa,PMO - US,Direct Drop,DDP,Ocean,2011-03-10,2011-03-28,2012-01-12,2012-01-27,2012-01-27,ARV,Adult,CIPLA LIMITED,"Nevirapine 200mg, tablets, 60 Tabs",Nevirapine,Generic,200mg,Tablet,60,96770,263214.4,2.72,0.05,"Cipla, Goa, India",True,10536.0,4957.81,434.3
4069,37960,103-ZW-T30,FPQ-9905,SCMS-148300,ASN-17258,Zimbabwe,PMO - US,Direct Drop,FCA,Air,2012-05-29,2012-07-18,2012-12-13,2012-12-13,2012-12-13,ARV,Pediatric,ABBVIE LOGISTICS (FORMERLY ABBOTT LOGISTICS BV),"Lopinavir/Ritonavir 80/20mg/ml [Kaletra], oral solution, cool, Bottle 5 x 60 ml",Lopinavir/Ritonavir,Kaletra,80/20mg/ml,Oral solution,300,1500,46230.0,30.82,0.1,ABBVIE (Abbott) Logis. UK,True,1374.0,21730.49,64.81
4070,37963,108-VN-T30,FPQ-6818,SCMS-98050,ASN-11023,Vietnam,PMO - US,Direct Drop,EXW,Air,2011-01-17,2011-02-15,2011-06-22,2011-06-22,2011-06-22,ARV,Adult,MYLAN LABORATORIES LTD (FORMERLY MATRIX LABORATORIES),"Nevirapine 200mg, tablets, 60 Tabs",Nevirapine,Generic,200mg,Tablet,60,1556,4045.6,2.6,0.04,Mylan (formerly Matrix) Nashik,True,2113.0,10784.69,6.68
4071,37979,103-ZW-T30,FPQ-9905,SCMS-148290,ASN-16417,Zimbabwe,PMO - US,Direct Drop,FCA,Air,2012-05-29,2012-07-18,2012-11-08,2012-11-08,2012-11-08,ARV,Pediatric,ABBVIE LOGISTICS (FORMERLY ABBOTT LOGISTICS BV),"Lopinavir/Ritonavir 80/20mg/ml [Kaletra], oral solution, cool, Bottle 5 x 60 ml",Lopinavir/Ritonavir,Kaletra,80/20mg/ml,Oral solution,300,1500,46230.0,30.82,0.1,ABBVIE (Abbott) Logis. UK,True,1374.0,15593.13,64.81
4072,37987,161-ZA-T30,FPQ-5648,SCMS-75990,ASN-8794,South Africa,PMO - US,Direct Drop,DDP,Ocean,2010-06-02,2010-06-17,2011-01-12,2011-01-12,2011-01-12,ARV,Adult,Aurobindo Pharma Limited,"Tenofovir Disoproxil Fumarate 300mg, tablets, 30 Tabs",Tenofovir Disoproxil Fumarate,Generic,300mg,Tablet,30,3619,25007.29,6.91,0.23,"Aurobindo Unit III, India",True,338.0,6147.09,53.92
4073,37994,103-ML-T30,FPQ-15006,SCMS-260760,ASN-30806,Mali,PMO - US,Direct Drop,EXW,Air,2014-10-07,2014-11-19,2015-04-04,2015-04-04,2015-05-11,HRDT,HIV test,"Orgenics, Ltd","HIV 1/2, Determine Complete HIV Kit, 100 Tests","HIV 1/2, Determine Complete HIV Kit",Determine,no_dosage,Test kit,100,434,34720.0,80.0,0.8,"Alere Medical Co., Ltd.",True,169.0,4498.98,35.69
4074,37997,104-CI-T30,FPQ-6998,SCMS-97570,ASN-9882,Côte d'Ivoire,PMO - US,Direct Drop,FCA,Air,2011-01-11,2011-01-21,2011-03-15,2011-03-15,2011-03-15,ARV,Adult,ABBVIE LOGISTICS (FORMERLY ABBOTT LOGISTICS BV),"Lopinavir/Ritonavir 200/50mg [Aluvia], tablets, 120 Tabs",Lopinavir/Ritonavir,Aluvia,200/50mg,Tablet,120,20280,733324.8,36.16,0.3,ABBVIE Ludwigshafen Germany,True,5089.0,31318.31,1209.99
4075,38021,116-ZA-T30,FPQ-14942,SCMS-259077,ASN-33477,South Africa,PMO - US,Direct Drop,DDP,Truck,2014-09-11,2014-10-09,2015-07-24,2015-07-24,2015-07-24,ARV,Adult,PHARMACY DIRECT,"Abacavir 300mg, tablets, 60 Tabs",Abacavir,Generic,300mg,Tablet,60,33,1645.14,49.85,0.83,"Aurobindo Unit III, India",False,668.5,0.0,1.69
4076,38045,106-HT-T30,FPQ-14895,SCMS-258590,ASN-29615,Haiti,PMO - US,Direct Drop,EXW,Air,2014-09-24,2014-11-14,2015-01-05,2015-01-05,2015-01-05,ARV,Pediatric,Aurobindo Pharma Limited,"Nevirapine 50mg, dispersible tablets (tablets for oral suspension), 30 Tabs",Nevirapine,Generic,50mg,Chewable/dispersible tablet,30,2118,2647.5,1.25,0.04,"Aurobindo Unit III, India",True,134.0,1987.82,2.72
4077,38095,116-ZA-T30,FPQ-13973,SCMS-238551,ASN-26882,South Africa,PMO - US,Direct Drop,DDP,Truck,2014-04-30,2014-06-25,2014-06-25,2014-06-25,2014-06-25,ARV,Adult,PHARMACY DIRECT,"Didanosine 250mg, delayed-release capsules, 30 Caps",Didanosine,Generic,250mg,Delayed-release capsules,30,5,76.23,15.25,0.51,"Aurobindo Unit III, India",False,842.0,0.0,0.08
4078,38099,106-HT-T30,FPQ-14083,SCMS-240160,ASN-27525,Haiti,PMO - US,Direct Drop,EXW,Ocean,2014-05-11,2014-06-02,2014-10-30,2014-10-30,2014-11-12,ARV,Adult,HETERO LABS LIMITED,"Lamivudine/Tenofovir Disoproxil Fumarate 300/300mg, tablets, 30 Tabs",Lamivudine/Tenofovir Disoproxil Fumarate,Generic,300/300mg,Tablet - FDC,30,33936,156784.32,4.62,0.15,Hetero Unit III Hyderabad IN,True,14925.0,22100.46,161.17
4079,38111,114-UG-T30,FPQ-15674,SCMS-277510,ASN-32498,Uganda,PMO - US,Direct Drop,EXW,Air,2015-01-12,2015-02-23,2015-06-20,2015-06-20,2015-06-23,ARV,Adult,MYLAN LABORATORIES LTD (FORMERLY MATRIX LABORATORIES),"Atazanavir/Ritonavir 300/100mg, tablets, 30 Tabs",Atazanavir/Ritonavir,Generic,300/100mg,Tablet,30,12370,241215.0,19.5,0.65,Mylan (formerly Matrix) Nashik,True,1652.0,7172.9,283.91
4080,38120,107-RW-T30,FPQ-10092,SCMS-149420,ASN-15288,Rwanda,PMO - US,Direct Drop,EXW,Air,2012-06-04,2012-06-12,2012-06-29,2012-06-29,2012-06-29,ARV,Adult,Aurobindo Pharma Limited,"Nevirapine 200mg, tablets, 60 Tabs",Nevirapine,Generic,200mg,Tablet,60,22500,52875.0,2.35,0.04,"Aurobindo Unit III, India",True,2145.0,17858.68,74.13
4081,38157,111-MZ-T30,FPQ-8527,SCMS-130160,ASN-13822,Mozambique,PMO - US,Direct Drop,EXW,Air,2011-10-05,2011-12-29,2012-05-02,2012-05-02,2012-05-02,HRDT,HIV test,"Orgenics, Ltd","HIV 1/2, Determine Complete HIV Kit, 100 Tests","HIV 1/2, Determine Complete HIV Kit",Determine,no_dosage,Test kit,100,1133,90640.0,80.0,0.8,"Alere Medical Co., Ltd.",True,539.0,10925.46,149.56
4082,38183,104-CI-T30,FPQ-12622,SCMS-201211,ASN-23979,Côte d'Ivoire,PMO - US,Direct Drop,EXW,Air,2013-07-16,2013-08-15,2014-01-31,2014-01-31,2014-02-03,HRDT,HIV test,"Standard Diagnostics, Inc.","HIV 1/2, Bioline 3.0 Kit, Lancets, Capillary pipets, Alcohol swabs included, 25 Tests","HIV 1/2, Bioline 3.0 Kit, Lancets, Capillary pipets, Alcohol swabs included",Bioline,no_dosage,Test kit,25,2400,49200.0,20.5,0.82,"Standard Diagnostics, Korea",True,831.0,9254.06,60.86
4083,38192,133-NG-T30,FPQ-10765,SCMS-162440,ASN-17526,Nigeria,PMO - US,Direct Drop,EXW,Air,2012-10-05,2012-10-16,2013-01-09,2013-01-08,2013-01-08,HRDT,HIV test,"Orgenics, Ltd","HIV 1/2, Determine Complete HIV Kit, 100 Tests","HIV 1/2, Determine Complete HIV Kit",Determine,no_dosage,Test kit,100,2744,244216.0,89.0,0.89,"Alere Medical Co., Ltd.",True,1186.0,24927.19,342.39
4084,38237,113-ZW-T30,FPQ-7521,SCMS-108010,ASN-15475,Zimbabwe,PMO - US,Direct Drop,EXW,Air,2011-04-07,2011-05-05,2012-07-23,2012-07-23,2012-07-23,HRDT,HIV test,"Orgenics, Ltd","HIV 1/2, Determine Complete HIV Kit, 100 Tests","HIV 1/2, Determine Complete HIV Kit",Determine,no_dosage,Test kit,100,4309,344720.0,80.0,0.8,Inverness Japan,True,2124.0,40520.83,568.79
4085,38243,116-ZA-T30,FPQ-13973,SCMS-238555,ASN-29257,South Africa,PMO - US,Direct Drop,DDP,Truck,2014-04-30,2014-11-04,2014-11-05,2014-11-05,2014-11-05,ARV,Adult,PHARMACY DIRECT,"Didanosine 400mg, delayed-release capsules, 30 Caps",Didanosine,Generic,400mg,Delayed-release capsules,30,7,137.73,19.68,0.66,"Aurobindo Unit III, India",False,668.5,0.0,0.14
4086,38247,105-GY-T30,FPQ-12057,SCMS-189030,ASN-20003,Guyana,PMO - US,Direct Drop,EXW,Air,2013-04-15,2013-05-23,2013-07-01,2013-07-01,2013-07-01,ARV,Pediatric,Aurobindo Pharma Limited,"Zidovudine 100mg, capsules, 100 Caps",Zidovudine,Generic,100mg,Capsule,100,118,542.8,4.6,0.05,"Aurobindo Unit III, India",True,16.0,693.16,0.67
4087,38253,108-VN-T30,FPQ-6818,SCMS-97852,ASN-11311,Vietnam,PMO - US,Direct Drop,EXW,Air,2011-01-17,2011-02-15,2011-07-27,2011-07-27,2011-07-27,ARV,Adult,MYLAN LABORATORIES LTD (FORMERLY MATRIX LABORATORIES),"Tenofovir Disoproxil Fumarate 300mg, tablets, 30 Tabs",Tenofovir Disoproxil Fumarate,Generic,300mg,Tablet,30,8388,54522.0,6.5,0.22,Mylan (formerly Matrix) Nashik,True,544.0,9141.18,89.96
4088,38266,101-CD-T30,FPQ-12073,SCMS-186710,ASN-20472,"Congo, DRC",PMO - US,Direct Drop,EXW,Air,2013-04-12,2013-05-08,2013-09-20,2013-09-20,2013-09-20,HRDT,HIV test,"Orgenics, Ltd","HIV 1/2, Determine Complete HIV Kit, 100 Tests","HIV 1/2, Determine Complete HIV Kit",Determine,no_dosage,Test kit,100,2917,233360.0,80.0,0.8,"Alere Medical Co., Ltd.",True,1361.0,24410.67,288.67
4089,38293,116-ZA-T30,FPQ-13035,SCMS-215370,ASN-24415,South Africa,PMO - US,Direct Drop,DDP,Truck,2013-10-08,2013-12-02,2014-02-06,2014-02-06,2014-02-06,ARV,Pediatric,S. BUYS WHOLESALER,"Lamivudine 10mg/ml, oral solution w/syringe, Bottle, 240 ml",Lamivudine,Generic,10mg/ml,Oral solution,240,78,522.23,6.7,0.03,"Aurobindo Unit III, India",False,668.5,0.0,0.65
4090,38294,106-HT-T30,FPQ-12590,SCMS-210480,ASN-23855,Haiti,PMO - US,Direct Drop,EXW,Ocean,2013-08-21,2013-10-24,2014-05-09,2014-05-09,2014-05-12,ARV,Adult,CIPLA LIMITED,"Lamivudine/Tenofovir Disoproxil Fumarate 300/300mg, tablets, 30 Tabs",Lamivudine/Tenofovir Disoproxil Fumarate,Generic,300/300mg,Tablet - FDC,30,4176,19209.6,4.6,0.15,"Cipla, Kurkumbh, India",True,426.0,2251.94,23.76
4091,38299,108-VN-T30,FPQ-10811,SCMS-164580,ASN-18662,Vietnam,PMO - US,Direct Drop,EXW,Air,2012-10-15,2012-11-07,2013-04-03,2013-04-03,2013-04-03,ARV,Adult,HETERO LABS LIMITED,"Zidovudine 300mg, tablets, 60 Tabs",Zidovudine,Generic,300mg,Tablet,60,418,2403.5,5.75,0.1,Hetero Unit III Hyderabad IN,True,1089.0,2006.63,2.97
4092,38308,106-HT-T30,FPQ-16241,SCMS-289480,ASN-32512,Haiti,PMO - US,Direct Drop,EXW,Air,2015-05-05,2015-05-29,2015-07-02,2015-07-02,2015-07-06,ARV,Pediatric,Aurobindo Pharma Limited,"Nevirapine 50mg, dispersible tablets (tablets for oral suspension), 30 Tabs",Nevirapine,Generic,50mg,Chewable/dispersible tablet,30,2303,2878.75,1.25,0.04,"Aurobindo Unit III, India",True,143.0,2251.42,3.39
4093,38312,114-UG-T30,FPQ-4373,SCMS-58230,ASN-6154,Uganda,PMO - US,Direct Drop,FCA,Air,2009-11-25,2009-12-02,2010-03-10,2010-03-10,2010-03-10,ARV,Adult,ABBVIE LOGISTICS (FORMERLY ABBOTT LOGISTICS BV),"Ritonavir 100mg [Norvir], capsules, cool, 4 x 84 Caps",Ritonavir,Norvir,100mg,Capsule,336,21,805.56,38.36,0.11,ABBVIE (Abbott) Logis. UK,True,58.0,776.62,1.58
4094,38318,114-UG-T30,FPQ-10788,SCMS-162720,ASN-18773,Uganda,PMO - US,Direct Drop,CIP,Air,2012-10-10,2012-10-25,2013-04-11,2013-04-11,2013-04-11,ARV,Adult,MERCK SHARP & DOHME IDEA GMBH (FORMALLY MERCK SHARP & DOHME B.V.),"Raltegravir 400mg [Isentress], tablets, 60 Tabs",Raltegravir,Isentress,400mg,Tablet,60,786,43623.0,55.5,0.92,"MSD, Haarlem, NL",True,79.0,2158.88,53.96
4095,38368,161-ZA-T30,FPQ-5303,SCMS-68950,ASN-7080,South Africa,PMO - US,Direct Drop,DDP,Air,2010-03-18,2010-03-19,2010-06-09,2010-07-07,2010-07-07,ARV,Adult,Aurobindo Pharma Limited,"Nevirapine 200mg, tablets, 60 Tabs",Nevirapine,Generic,200mg,Tablet,60,38400,112128.0,2.92,0.05,"Aurobindo Unit III, India",True,4528.0,6369.79,241.75
4096,38396,901-CM-T30,FPQ-12837,SCMS-204300,ASN-21700,Cameroon,PMO - US,Direct Drop,EXW,Air,2013-08-19,2013-08-23,2013-10-18,2013-10-18,2013-10-18,ARV,Adult,Aurobindo Pharma Limited,"Nevirapine 200mg, tablets, 60 Tabs",Nevirapine,Generic,200mg,Tablet,60,38976,87696.0,2.25,0.04,"Aurobindo Unit III, India",True,4117.0,35943.58,108.48
4097,38409,109-TZ-T30,FPQ-6936,SCMS-100640,ASN-10166,Tanzania,PMO - US,Direct Drop,EXW,Air,2010-12-27,2011-02-25,2011-04-26,2011-04-26,2011-04-26,HRDT,HIV test,"Trinity Biotech, Plc","HIV 1/2, Uni-Gold HIV Kit, 20 Tests","HIV 1/2, Uni-Gold HIV Kit",Uni-Gold,no_dosage,Test kit,20,625,20000.0,32.0,1.6,"Trinity Biotech, Plc",True,200.0,2918.12,33.0
4098,38417,133-NG-T30,FPQ-14305,SCMS-240830,ASN-27471,Nigeria,PMO - US,Direct Drop,EXW,Air,2014-05-16,2014-06-02,2014-08-19,2014-08-27,2014-09-04,HRDT,HIV test,"Orgenics, Ltd","HIV 1/2, Determine Complete HIV Kit, 100 Tests","HIV 1/2, Determine Complete HIV Kit",Determine,no_dosage,Test kit,100,5884,523676.0,89.0,0.89,"Alere Medical Co., Ltd.",True,3435.0,34730.62,538.34
4099,38418,116-ZA-T30,FPQ-14942,SCMS-259075,ASN-32122,South Africa,PMO - US,Direct Drop,DDP,Truck,2014-09-11,2015-05-11,2015-05-12,2015-05-12,2015-05-12,ARV,Adult,PHARMACY DIRECT,"Lamivudine 150mg, tablets, 60 Tabs",Lamivudine,Generic,150mg,Tablet,60,56,369.98,6.61,0.11,"Aurobindo Unit III, India",False,168.0,0.0,0.38
4100,38431,105-DO-T30,FPQ-13790,SCMS-231360,ASN-25470,Dominican Republic,PMO - US,Direct Drop,EXW,Air,2014-02-26,2014-03-20,2014-04-24,2014-04-24,2014-04-24,HRDT,HIV test,"Orgenics, Ltd","HIV 1/2, Determine Complete HIV Kit, 100 Tests","HIV 1/2, Determine Complete HIV Kit",Determine,no_dosage,Test kit,100,2400,230400.0,96.0,0.96,"Alere Medical Co., Ltd.",True,978.0,10159.15,236.85
4101,38480,108-VN-T30,FPQ-11418,SCMS-176230,ASN-19651,Vietnam,PMO - US,Direct Drop,EXW,Air,2013-01-29,2013-02-05,2013-06-21,2013-06-21,2013-06-21,ARV,Adult,MICRO LABS LIMITED,"Efavirenz 600mg, tablets, 30 Tabs",Efavirenz,Generic,600mg,Tablet,30,7882,25458.86,3.23,0.11,"Micro labs, Verna, Goa, India",True,472.0,6969.97,31.49
4102,38504,102-SD-T30,FPQ-8261,SCMS-120473,ASN-13349,Sudan,PMO - US,Direct Drop,EXW,Air,2011-08-29,2011-09-07,2012-02-07,2012-02-07,2012-02-07,HRDT,HIV test,"Trinity Biotech, Plc","HIV 1/2, Uni-Gold HIV Kit, 20 Tests","HIV 1/2, Uni-Gold HIV Kit",Uni-Gold,no_dosage,Test kit,20,10,320.0,32.0,1.6,"Trinity Biotech, Plc",True,4.0,593.8,0.53
4103,38507,116-ZA-T30,FPQ-11828,SCMS-183950,ASN-19166,South Africa,South Africa Field Office,Direct Drop,DDP,Truck,2013-03-18,2012-10-16,2013-04-16,2013-04-16,2013-04-16,ARV,Adult,S. BUYS WHOLESALER,"Zidovudine 300mg [Retrovir], tablets, 60 Tabs",Zidovudine,Retrovir,300mg,Tablet,60,13,242.73,18.67,0.31,GSK Aranda,False,668.5,0.0,0.3
4104,38510,106-HT-T30,FPQ-16241,SCMS-288890,ASN-32682,Haiti,PMO - US,Direct Drop,EXW,Ocean,2015-05-05,2015-05-27,2015-08-13,2015-08-13,2015-08-14,ARV,Adult,HETERO LABS LIMITED,"Lamivudine/Nevirapine/Zidovudine 150/200/300mg, tablets, 60 Tabs",Lamivudine/Nevirapine/Zidovudine,Generic,150/300/200mg,Tablet - FDC,60,55536,449841.6,8.1,0.13,"Hetero, Jadcherla, unit 5, IN",True,668.5,7785.125,529.46
4105,38538,108-VN-T30,FPQ-10811,SCMS-164560,ASN-18406,Vietnam,PMO - US,Direct Drop,EXW,Air,2012-10-15,2012-11-07,2013-03-13,2013-03-13,2013-03-13,ARV,Adult,MYLAN LABORATORIES LTD (FORMERLY MATRIX LABORATORIES),"Efavirenz/Lamivudine/Tenofovir Disoproxil Fumarate 600/300/300mg, tablets, 30 Tabs",Efavirenz/Lamivudine/Tenofovir Disoproxil Fumarate,Generic,600/300/300mg,Tablet - FDC,30,16611,190860.39,11.49,0.38,Mylan (formerly Matrix) Nashik,False,668.5,4400.805,236.09
4106,38567,900-SS-T30,FPQ-10504,SCMS-157880,ASN-16852,South Sudan,PMO - US,Direct Drop,EXW,Air,2012-08-15,2012-08-21,2012-12-13,2012-12-13,2012-12-13,HRDT,HIV test,"Orgenics, Ltd","HIV 1/2, Determine Complete HIV Kit, 100 Tests","HIV 1/2, Determine Complete HIV Kit",Determine,no_dosage,Test kit,100,624,55536.0,89.0,0.89,"Alere Medical Co., Ltd.",False,394.0,2575.925,77.86
4107,38571,108-VN-T30,FPQ-15823,SCMS-277330,ASN-33152,Vietnam,PMO - US,Direct Drop,FCA,Air,2015-02-13,2015-03-04,2015-08-13,2015-08-13,2015-08-13,ARV,Adult,ABBVIE LOGISTICS (FORMERLY ABBOTT LOGISTICS BV),"Ritonavir 100mg [Norvir], film coated tablets, 30 Tabs",Ritonavir,Norvir,100mg,Tablet,30,100,2326.0,23.26,0.78,ABBVIE Ludwigshafen Germany,True,36.0,4400.805,2.74
4108,38573,116-ZA-T30,FPQ-5535,SCMS-71490,ASN-7428,South Africa,PMO - US,Direct Drop,DDP,Truck,2010-04-19,2010-04-21,2010-06-11,2010-06-11,2010-06-11,ARV,Adult,S. BUYS WHOLESALER,"Ritonavir 100mg [Norvir], capsules, cool, 84 Caps",Ritonavir,Norvir,100mg,Capsule,84,30,330.11,11.0,0.13,ABBVIE (Abbott) Logis. UK,False,55.0,0.0,0.71
4109,38590,107-RW-T30,FPQ-4954,SCMS-64480,ASN-7476,Rwanda,PMO - US,Direct Drop,CIP,Air,2010-01-29,2010-02-09,2010-07-13,2010-07-13,2010-07-13,ARV,Adult,Aurobindo Pharma Limited,"Didanosine 250mg, delayed-release capsules, 30 Caps",Didanosine,Generic,250mg,Delayed-release capsules,30,599,7966.7,13.3,0.44,"Aurobindo Unit III, India",True,41.0,717.0,17.18
4110,38596,110-ZM-T30,FPQ-4691,SCMS-60711,ASN-6612,Zambia,PMO - US,Direct Drop,EXW,Air,2009-12-16,2009-12-22,2010-05-03,2010-05-03,2010-05-03,HRDT,HIV test,"Orgenics, Ltd","HIV 1/2, Determine Complete HIV Kit, 100 Tests","HIV 1/2, Determine Complete HIV Kit",Determine,no_dosage,Test kit,100,2807,202104.0,72.0,0.72,Inverness Japan,True,1360.0,20067.34,435.74
4111,38600,116-ZA-T30,FPQ-12522,SCMS-199289,ASN-28036,South Africa,PMO - US,Direct Drop,DDP,Truck,2013-07-11,2014-08-29,2014-08-29,2014-08-29,2014-08-29,ARV,Adult,S. BUYS WHOLESALER,"Abacavir 300mg, tablets, 60 Tabs",Abacavir,Generic,300mg,Tablet,60,118,8980.79,76.11,1.27,"Aurobindo Unit III, India",False,284.0,0.0,11.11
4112,38611,901-NA-T30,FPQ-14689,SCMS-253440,ASN-29095,Namibia,PMO - US,Direct Drop,EXW,Air,2014-07-30,2014-08-29,2014-11-19,2014-11-19,2014-11-19,ARV,Adult,HETERO LABS LIMITED,"Lamivudine/Nevirapine/Zidovudine 150/200/300mg, tablets, 60 Tabs",Lamivudine/Nevirapine/Zidovudine,Generic,150/300/200mg,Tablet - FDC,60,33696,279339.84,8.29,0.14,"Hetero, Jadcherla, unit 5, IN",True,4262.0,27262.44,287.16
4113,38613,105-SS-T30,FPQ-14470,SCMS-245230,ASN-27241,South Sudan,PMO - US,Direct Drop,EXW,Air,2014-06-17,2014-07-01,2014-09-29,2014-09-29,2014-09-30,HRDT,HIV test,"Trinity Biotech, Plc","HIV 1/2, Uni-Gold HIV Kit, 20 Tests","HIV 1/2, Uni-Gold HIV Kit",Uni-Gold,no_dosage,Test kit,20,35,1120.0,32.0,1.6,"Trinity Biotech, Plc",False,94.0,2575.925,1.15
4114,38619,106-HT-T30,FPQ-14895,SCMS-261120,ASN-30809,Haiti,PMO - US,Direct Drop,EXW,Air,2014-09-24,2014-11-14,2015-03-27,2015-03-27,2015-03-30,ARV,Adult,MYLAN LABORATORIES LTD (FORMERLY MATRIX LABORATORIES),"Lamivudine/Nevirapine/Zidovudine 150/200/300mg, tablets, 60 Tabs",Lamivudine/Nevirapine/Zidovudine,Generic,150/300/200mg,Tablet - FDC,60,24992,202435.2,8.1,0.13,Mylan (formerly Matrix) Nashik,True,3458.0,19839.26,208.1
4115,38632,106-HT-T30,FPQ-14083,SCMS-240130,ASN-28761,Haiti,PMO - US,Direct Drop,EXW,Ocean,2014-05-11,2014-06-02,2015-01-09,2015-01-09,2015-01-12,ARV,Adult,MICRO LABS LIMITED,"Lamivudine 150mg, tablets, 60 Tabs",Lamivudine,Generic,150mg,Tablet,60,960,1651.2,1.72,0.03,"Micro labs, Verna, Goa, India",True,8385.0,12336.45,1.7
4116,38662,102-MW-T30,FPQ-9568,SCMS-144180,ASN-15302,Malawi,PMO - US,Direct Drop,EXW,Air,2012-04-11,2012-04-23,2012-07-04,2012-07-04,2012-07-04,HRDT,HIV test,"Orgenics, Ltd","HIV 1/2, Determine Complete HIV Kit, 100 Tests","HIV 1/2, Determine Complete HIV Kit",Determine,no_dosage,Test kit,100,246,19680.0,80.0,0.8,"Alere Medical Co., Ltd.",True,114.0,3278.11,27.59
4117,38759,161-ZA-T30,FPQ-7400,SCMS-104200,ASN-11475,South Africa,PMO - US,Direct Drop,DDP,Ocean,2011-03-11,2011-03-30,2011-09-24,2011-09-24,2011-09-24,ARV,Pediatric,GLAXOSMITHKLINE EXPORT LIMITED,"Abacavir 20mg/ml [Ziagen], oral solution, Bottle, 240 ml",Abacavir,Ziagen,20mg/ml,Oral solution,240,20000,185600.0,9.28,0.04,GSK Mississauga (Canada),True,7683.0,7073.56,306.24
4118,38762,151-NG-T30,FPQ-7339,SCMS-104040,ASN-10453,Nigeria,PMO - US,Direct Drop,EXW,Air,2011-03-09,2011-03-25,2011-04-18,2011-04-18,2011-04-18,ARV,Pediatric,Aurobindo Pharma Limited,"Nevirapine 10mg/ml, oral suspension w/syringe, Bottle, 240 ml",Nevirapine,Generic,10mg/ml,Oral suspension,240,4000,7800.0,1.95,0.01,"Aurobindo Unit III, India",True,1573.0,9316.91,12.87
4119,38793,113-ZW-T30,FPQ-7521,SCMS-108000,ASN-12242,Zimbabwe,PMO - US,Direct Drop,EXW,Air,2011-04-07,2011-05-05,2011-10-19,2011-10-19,2011-10-19,HRDT,HIV test,"Orgenics, Ltd","HIV 1/2, Determine Complete HIV Kit, 100 Tests","HIV 1/2, Determine Complete HIV Kit",Determine,no_dosage,Test kit,100,2856,228480.0,80.0,0.8,Inverness Japan,True,1102.0,26846.59,376.99
4120,38796,111-MZ-T30,FPQ-10880,SCMS-164000,ASN-18369,Mozambique,PMO - US,Direct Drop,EXW,Air,2012-10-18,2012-11-06,2013-03-20,2013-03-20,2013-03-20,HRDT,HIV test,"Orgenics, Ltd","HIV 1/2, Determine Complete HIV Kit, 100 Tests","HIV 1/2, Determine Complete HIV Kit",Determine,no_dosage,Test kit,100,2938,235040.0,80.0,0.8,"Alere Medical Co., Ltd.",True,1329.0,13394.09,290.74
4121,38827,102-GY-T30,FPQ-5497,SCMS-71640,ASN-6866,Guyana,PMO - US,Direct Drop,EXW,Air,2010-04-15,2010-04-26,2010-05-28,2010-05-28,2010-05-28,HRDT,HIV test,"CHEMBIO DIAGNOSTIC SYSTEMS, INC.","HIV 1/2, Stat-Pak HIV, Kit, 20 Tests","HIV 1/2, Stat-Pak HIV, Kit",Stat-Pak,no_dosage,Test kit,20,5,135.0,27.0,1.35,Chembio Diagnostics Sys. Inc.,True,1.0,283.21,0.29
4122,38831,106-HT-T30,FPQ-7438,SCMS-106610,ASN-10879,Haiti,PMO - US,Direct Drop,EXW,Air,2011-03-29,2011-04-20,2011-06-06,2011-06-06,2011-06-06,HRDT,HIV test,"SHANGHAI KEHUA BIOENGINEERING CO.,LTD.  (KHB)","HIV 1/2, SKB Colloidal Gold, Diagnostic Kit, Antibody, 50 Tests","HIV 1/2, Colloidal Gold, Diagnostic Kit, Antibody",Colloidal Gold,no_dosage,Test kit,1,260,5980.0,23.0,23.0,"KHB Test Kit Facility, Shanghai China",True,197.0,2708.04,9.87
4123,38843,103-CM-T30,FPQ-16474,SCMS-291910,ASN-33569,Cameroon,PMO - US,Direct Drop,EXW,Air,2015-06-09,2015-06-25,2015-08-11,2015-08-11,2015-08-11,HRDT,HIV test,"Orgenics, Ltd","HIV 1/2, Determine Complete HIV Kit, 100 Tests","HIV 1/2, Determine Complete HIV Kit",Determine,no_dosage,Test kit,100,120,9600.0,80.0,0.8,"Alere Medical Co., Ltd.",True,40.5,27460.25,11.3
4124,38913,133-NG-T30,FPQ-10765,SCMS-162440,ASN-17523,Nigeria,PMO - US,Direct Drop,EXW,Air,2012-10-05,2012-10-16,2013-01-09,2013-01-09,2013-01-09,HRDT,HIV test,"Orgenics, Ltd","HIV 1/2, Determine Complete HIV Kit, 100 Tests","HIV 1/2, Determine Complete HIV Kit",Determine,no_dosage,Test kit,100,792,70488.0,89.0,0.89,"Alere Medical Co., Ltd.",True,350.0,8363.61,98.82
4125,38914,116-ZA-T30,FPQ-5381,SCMS-69590,ASN-6724,South Africa,PMO - US,Direct Drop,DDP,Truck,2010-03-23,2010-03-25,2010-04-01,2010-04-01,2010-04-01,ARV,Adult,S. BUYS WHOLESALER,"Emtricitabine/Tenofovir Disoproxil Fumarate 200/300mg [Truvada], tablets, 30 Tabs",Emtricitabine/Tenofovir Disoproxil Fumarate,Truvada,300/200mg,Tablet - FDC,30,240,11495.46,47.9,1.6,"Aspen-OSD, Port Elizabeth, SA",True,25.0,0.0,24.78
4126,38949,161-ZA-T30,FPQ-6262,SCMS-83880,ASN-10012,South Africa,PMO - US,Direct Drop,DDP,Air,2010-08-31,2010-09-21,2011-03-07,2011-03-07,2011-03-07,ARV,Pediatric,ASPEN PHARMACARE,"Abacavir 20mg/ml [Ziagen], oral solution, Bottle, 240 ml",Abacavir,Ziagen,20mg/ml,Oral solution,240,40000,400800.0,10.02,0.04,GSK Mississauga (Canada),True,4261.0,11770.87,864.12
4127,38951,116-ZA-T30,FPQ-14942,SCMS-259079,ASN-33852,South Africa,PMO - US,Direct Drop,DDP,Truck,2014-09-11,2014-10-09,2015-08-24,2015-08-24,2015-08-24,ARV,Adult,PHARMACY DIRECT,"Didanosine 400mg, delayed-release capsules, 30 Caps",Didanosine,Generic,400mg,Delayed-release capsules,30,9,137.45,15.27,0.51,"Aurobindo Unit III, India",False,1.0,0.0,0.14
4128,38955,133-NG-T30,FPQ-16302,SCMS-287610,ASN-32234,Nigeria,PMO - US,Direct Drop,EXW,Air,2015-05-04,2015-05-12,2015-06-12,2015-06-12,2015-06-12,HRDT,HIV test,"Trinity Biotech, Plc","HIV 1/2, Uni-Gold HIV Kit, 20 Tests","HIV 1/2, Uni-Gold HIV Kit",Uni-Gold,no_dosage,Test kit,20,12485,399520.0,32.0,1.6,"Trinity Biotech, Plc",True,3655.0,25636.67,470.24
4129,38992,105-SS-T30,FPQ-15569,SCMS-272160,ASN-31338,South Sudan,PMO - US,Direct Drop,EXW,Air,2014-12-29,2015-02-20,2015-06-03,2015-06-03,2015-06-05,HRDT,HIV test - Ancillary,"Orgenics, Ltd","Chase Buffer, Determine, 100 Tests, 2.5ml x 1 Vial","Chase Buffer, Determine, 100 Tests, 2.5ml x 1 Vial",Determine,no_dosage,Test kit - Ancillary,1,100,500.0,5.0,5.0,"Alere Medical Co., Ltd.",True,34.0,2575.925,0.59
4130,39014,133-NG-T30,FPQ-7088,SCMS-100510,ASN-10729,Nigeria,PMO - US,Direct Drop,EXW,Air,2011-02-04,2011-03-02,2011-05-25,2011-05-25,2011-05-25,HRDT,HIV test,"CHEMBIO DIAGNOSTIC SYSTEMS, INC.","HIV 1/2, Stat-Pak HIV, Kit, 20 Tests","HIV 1/2, Stat-Pak HIV, Kit",Stat-Pak,no_dosage,Test kit,20,1052,30508.0,29.0,1.45,Chembio Diagnostics Sys. Inc.,True,334.0,2335.9,50.34
4131,39017,116-ZA-T30,FPQ-12522,SCMS-199289,ASN-28037,South Africa,PMO - US,Direct Drop,DDP,Truck,2013-07-11,2014-08-29,2014-08-29,2014-08-29,2014-08-29,ARV,Pediatric,S. BUYS WHOLESALER,"Lamivudine 10mg/ml, oral solution w/syringe, Bottle, 240 ml",Lamivudine,Generic,10mg/ml,Oral solution,240,31,244.58,7.89,0.03,"Aurobindo Unit III, India",False,4.0,0.0,0.3
4132,39025,104-CI-T30,FPQ-4698,SCMS-64941,ASN-9384,Côte d'Ivoire,PMO - US,Direct Drop,CIP,Air,2009-12-28,2010-02-12,2011-01-28,2011-01-28,2011-01-28,ARV,Adult,MERCK SHARP & DOHME IDEA GMBH (FORMALLY MERCK SHARP & DOHME B.V.),"Indinavir 400mg [Crixivan], capsules, 180 Caps",Indinavir,Crixivan,400mg,Capsule,180,1015,50750.0,50.0,0.28,"MSD, Haarlem, NL",True,257.0,1167.97,109.42
4133,39029,161-ZA-T30,FPQ-6262,SCMS-83770,ASN-10574,South Africa,PMO - US,Direct Drop,DDP,Ocean,2010-08-31,2010-09-24,2011-04-26,2011-06-08,2011-06-08,ARV,Adult,Aurobindo Pharma Limited,"Efavirenz 600mg, tablets, 30 Tabs",Efavirenz,Generic,600mg,Tablet,30,20060,90871.8,4.53,0.15,"Aurobindo Unit III, India",True,1726.0,35753.93,195.92
4134,39045,161-ZA-T30,FPQ-6262,SCMS-83790,ASN-9176,South Africa,PMO - US,Direct Drop,DDP,Ocean,2010-08-31,2010-09-24,2011-02-01,2011-02-01,2011-02-01,ARV,Pediatric,Aurobindo Pharma Limited,"Efavirenz 200mg, capsule, 90 Caps",Efavirenz,Generic,200mg,Capsule,90,19271,192324.58,9.98,0.11,"Aurobindo Unit III, India",True,2555.0,2347.77,414.65
4135,39053,102-SS-T30,FPQ-9038,SCMS-137190,ASN-14092,South Sudan,PMO - US,Direct Drop,EXW,Air,2012-01-17,2012-02-15,2012-04-18,2012-04-18,2012-04-18,HRDT,HIV test - Ancillary,"Orgenics, Ltd","Capillary Tubes, for Determine, EDTA, 50uL,100 Pcs","HIV, Capillary Tubes, for Determine, EDTA, 50uL,100 Pcs",Determine,no_dosage,Test kit - Ancillary,100,339,2712.0,8.0,0.08,"Alere Medical Co., Ltd.",True,175.0,4803.06,3.8
4136,39065,116-ZA-T30,FPQ-13973,SCMS-238553,ASN-28021,South Africa,PMO - US,Direct Drop,DDP,Truck,2014-04-30,2014-08-28,2014-08-28,2014-08-28,2014-08-28,ARV,Adult,PHARMACY DIRECT,"Nevirapine 200mg, tablets, 60 Tabs",Nevirapine,Generic,200mg,Tablet,60,27,479.17,17.75,0.3,"Aurobindo Unit III, India",False,5.0,0.0,0.49
4137,39075,117-ET-T30,FPQ-9209,SCMS-134720,ASN-14235,Ethiopia,PMO - US,Direct Drop,EXW,Air,2012-01-18,2012-01-23,2012-03-27,2012-03-27,2012-03-27,HRDT,HIV test,"CHEMBIO DIAGNOSTIC SYSTEMS, INC.","HIV 1/2, Stat-Pak HIV, Kit, 20 Tests","HIV 1/2, Stat-Pak HIV, Kit",Stat-Pak,no_dosage,Test kit,20,135,3915.0,29.0,1.45,Chembio Diagnostics Sys. Inc.,True,47.0,379.65,5.49
4138,39088,151-NG-T30,FPQ-12803,SCMS-206330,ASN-23373,Nigeria,PMO - US,Direct Drop,FCA,Air,2013-08-13,2013-09-17,2013-12-30,2013-12-30,2013-12-30,ARV,Pediatric,ABBVIE LOGISTICS (FORMERLY ABBOTT LOGISTICS BV),"Lopinavir/Ritonavir 100/25mg [Aluvia], tablets, 60 Tabs",Lopinavir/Ritonavir,Generic,100/25mg,Tablet,60,5513,32747.22,5.94,0.1,ABBVIE Ludwigshafen Germany,True,640.0,6185.25,40.51
4139,39105,116-ZA-T30,FPQ-12522,SCMS-199288,ASN-27196,South Africa,PMO - US,Direct Drop,DDP,Truck,2013-07-11,2014-07-10,2014-07-10,2014-07-10,2014-07-10,ARV,Pediatric,S. BUYS WHOLESALER,"Lopinavir/Ritonavir 80/20mg/ml [Kaletra], oral solution, cool, Bottle 5 x 60 ml",Lopinavir/Ritonavir,Kaletra,80/20mg/ml,Oral solution,300,5,117.26,23.45,0.08,ABBVIE (Abbott) Logis. UK,True,842.0,0.0,0.15
4140,39133,109-TZ-T30,FPQ-11919,SCMS-205480,ASN-22109,Tanzania,PMO - US,Direct Drop,EXW,Air,2013-03-25,2013-09-11,2013-12-02,2013-12-02,2013-12-02,HRDT,HIV test,"Orgenics, Ltd","HIV 1/2, Determine Complete HIV Kit, 100 Tests","HIV 1/2, Determine Complete HIV Kit",Determine,no_dosage,Test kit,100,3,240.0,80.0,0.8,"Alere Medical Co., Ltd.",True,2.0,925.04,0.3
4141,39156,108-VN-T30,FPQ-4720,SCMS-62470,ASN-6341,Vietnam,PMO - US,Direct Drop,EXW,Air,2009-01-04,2010-01-12,2010-04-01,2010-04-01,2010-04-01,ARV,Adult,MYLAN LABORATORIES LTD (FORMERLY MATRIX LABORATORIES),"Zidovudine 300mg, tablets, 60 Tabs",Zidovudine,Generic,300mg,Tablet,60,168,1260.0,7.5,0.12,Mylan (formerly Matrix) Nashik,False,23.0,4400.805,2.72
4142,39182,161-ZA-T30,FPQ-7175,SCMS-103440,ASN-11439,South Africa,PMO - US,Direct Drop,DDP,Ocean,2011-03-10,2011-03-24,2011-10-04,2011-10-04,2011-10-04,ARV,Adult,Aurobindo Pharma Limited,"Efavirenz 600mg, tablets, 30 Tabs",Efavirenz,Generic,600mg,Tablet,30,191011,861459.61,4.51,0.15,"Aurobindo Unit III, India",True,16234.0,14439.17,1421.41
4143,39184,104-CI-T30,FPQ-7325,SCMS-106600,ASN-11740,Côte d'Ivoire,PMO - US,Direct Drop,EXW,Air,2011-03-09,2011-05-05,2011-09-08,2011-09-08,2011-09-08,HRDT,HIV test,"Orgenics, Ltd","HIV 1/2, Determine Complete HIV Kit, 100 Tests","HIV 1/2, Determine Complete HIV Kit",Determine,no_dosage,Test kit,100,2821,225680.0,80.0,0.8,Inverness Japan,True,1346.0,34282.33,372.37
4144,39208,107-RW-T30,FPQ-3859,SCMS-49100,ASN-6888,Rwanda,PMO - US,Direct Drop,CIP,Air,2009-06-30,2009-07-15,2010-05-29,2010-05-29,2010-05-29,ARV,Adult,EMCURE PHARMACEUTICALS LTD,"Efavirenz 600mg, tablets, 30 Tabs",Efavirenz,Generic,600mg,Tablet,30,31,185.69,5.99,0.2,"Emcure Plot No.P-2, I.T-B.T. Park, Phase II, MIDC, Hinjwadi, Pune, India",True,4.0,889.55,0.36
4145,39223,103-KE-T30,FPQ-10018,SCMS-149610,ASN-15669,Kenya,PMO - US,Direct Drop,EXW,Air,2012-06-05,2012-06-14,2012-07-09,2012-07-28,2012-07-28,HRDT,HIV test,"Orgenics, Ltd","HIV 1/2, Determine Complete HIV Kit, 100 Tests","HIV 1/2, Determine Complete HIV Kit",Determine,no_dosage,Test kit,100,4440,395160.0,89.0,0.89,"Alere Medical Co., Ltd.",True,1445.0,10719.64,554.01
4146,39226,116-ZA-T30,FPQ-14942,SCMS-259074,ASN-31070,South Africa,PMO - US,Direct Drop,DDP,Truck,2014-09-11,2015-03-09,2015-03-09,2015-03-09,2015-03-09,ARV,Adult,PHARMACY DIRECT,"Abacavir 300mg, tablets, 60 Tabs",Abacavir,Generic,300mg,Tablet,60,5,249.26,49.85,0.83,"Aurobindo Unit III, India",False,842.0,0.0,0.26
4147,39242,102-KE-T30,FPQ-4591,SCMS-58382,ASN-7489,Kenya,PMO - US,Direct Drop,EXW,Air,2009-11-18,2010-05-27,2010-07-29,2010-07-29,2010-07-29,HRDT,HIV test,"Orgenics, Ltd","HIV 1/2, Determine Complete HIV Kit, 100 Tests","HIV 1/2, Determine Complete HIV Kit",Determine,no_dosage,Test kit,100,3,240.0,80.0,0.8,Inverness Japan,True,1411.0,13150.21,0.52
4148,39263,108-VN-T30,FPQ-6384,SCMS-87780,ASN-9408,Vietnam,PMO - US,Direct Drop,EXW,Air,2010-09-30,2010-10-18,2011-02-16,2011-02-16,2011-02-16,ARV,Adult,HETERO LABS LIMITED,"Nevirapine 200mg, tablets, 60 Tabs",Nevirapine,Generic,200mg,Tablet,60,9023,21925.89,2.43,0.04,Hetero Unit III Hyderabad IN,True,5359.0,18473.57,47.27
4149,39291,114-UG-T30,FPQ-14407,SCMS-244440,ASN-27804,Uganda,PMO - US,Direct Drop,FCA,Air,2014-06-11,2014-06-23,2014-09-23,2014-09-23,2014-09-23,ARV,Pediatric,ABBVIE LOGISTICS (FORMERLY ABBOTT LOGISTICS BV),"Lopinavir/Ritonavir 80/20mg/ml [Kaletra], oral solution, cool, Bottle 5 x 60 ml",Lopinavir/Ritonavir,Kaletra,80/20mg/ml,Oral solution,300,75,2311.5,30.82,0.1,ABBVIE (Abbott) Logis. UK,True,120.0,1487.76,2.38
4150,39343,161-ZA-T30,FPQ-7175,SCMS-104090,ASN-12990,South Africa,PMO - US,Direct Drop,DDP,Ocean,2011-03-10,2011-03-28,2012-01-31,2012-01-31,2012-01-31,ARV,Adult,CIPLA LIMITED,"Nevirapine 200mg, tablets, 60 Tabs",Nevirapine,Generic,200mg,Tablet,60,82075,223244.0,2.72,0.05,"Cipla, Goa, India",True,8969.0,7175.27,368.35
4151,39353,161-ZA-T30,FPQ-6262,SCMS-84220,ASN-9172,South Africa,PMO - US,Direct Drop,DDP,Ocean,2010-08-31,2010-09-28,2011-02-09,2011-02-09,2011-02-09,ARV,Adult,CIPLA LIMITED,"Tenofovir Disoproxil Fumarate 300mg, tablets, 30 Tabs",Tenofovir Disoproxil Fumarate,Generic,300mg,Tablet,30,116000,815480.0,7.03,0.23,"Cipla, Goa, India",True,7965.0,13688.03,1758.17
4152,39391,108-VN-T30,FPQ-15692,SCMS-274390,ASN-32267,Vietnam,PMO - US,Direct Drop,EXW,Air,2015-01-28,2015-02-17,2015-07-10,2015-07-07,2015-07-07,ARV,Adult,HETERO LABS LIMITED,"Efavirenz/Lamivudine/Tenofovir Disoproxil Fumarate 600/300/300mg, tablets, 30 Tabs",Efavirenz/Lamivudine/Tenofovir Disoproxil Fumarate,Generic,600/300/300mg,Tablet - FDC,30,17760,177600.0,10.0,0.33,Hetero Unit III Hyderabad IN,True,2523.0,4784.19,209.04
4153,39393,127-KE-T30,FPQ-8155,SCMS-119190,ASN-12468,Kenya,PMO - US,Direct Drop,EXW,Air,2011-08-05,2011-08-28,2011-11-04,2011-11-04,2011-11-04,HRDT,HIV test,"Orgenics, Ltd","HIV 1/2, Determine Complete HIV Kit, 100 Tests","HIV 1/2, Determine Complete HIV Kit",Determine,no_dosage,Test kit,100,6105,543345.0,89.0,0.89,"Alere Medical Co., Ltd.",True,1051.0,11208.38,896.52
4154,39427,104-CI-T30,FPQ-4698,SCMS-64940,ASN-8199,Côte d'Ivoire,PMO - US,Direct Drop,CIP,Air,2009-12-28,2010-02-12,2010-09-21,2010-09-21,2010-09-21,ARV,Adult,MERCK SHARP & DOHME IDEA GMBH (FORMALLY MERCK SHARP & DOHME B.V.),"Indinavir 400mg [Crixivan], capsules, 180 Caps",Indinavir,Crixivan,400mg,Capsule,180,1000,50000.0,50.0,0.28,"MSD, Haarlem, NL",True,254.0,881.33,107.8
4155,39441,110-ZM-T30,FPQ-9074,SCMS-134320,ASN-15274,Zambia,PMO - US,Direct Drop,EXW,Air,2011-12-22,2012-01-27,2012-06-26,2012-06-26,2012-06-26,ARV,Pediatric,CIPLA LIMITED,"Lamivudine/Nevirapine/Stavudine 60/100/12mg, dispersible tablets, 60 Tabs",Lamivudine/Nevirapine/Stavudine,Generic,60/100/12mg,Chewable/dispersible tablet - FDC,60,70000,301000.0,4.3,0.07,"Cipla, Goa, India",True,5999.0,25383.34,422.0
4156,39452,116-ZA-T30,FPQ-15950,SCMS-277983,ASN-33453,South Africa,PMO - US,Direct Drop,DDP,Truck,2015-02-20,2015-02-24,2015-07-23,2015-07-23,2015-07-23,ARV,Pediatric,PHARMACY DIRECT,"Ritonavir 80mg/ml [Norvir], oral solution, cool, Bottle, 90 ml",Ritonavir,Norvir,80mg/ml,Oral solution,90,12,59.62,4.97,0.06,ABBVIE (Abbott) France,True,48.0,0.0,0.07
4157,39453,101-CD-T30,FPQ-16001,SCMS-280210,ASN-31750,"Congo, DRC",PMO - US,Direct Drop,EXW,Air,2015-03-10,2015-03-16,2015-07-02,2015-07-02,2015-07-30,HRDT,HIV test,"Trinity Biotech, Plc","HIV 1/2, Uni-Gold HIV Kit, 20 Tests","HIV 1/2, Uni-Gold HIV Kit",Uni-Gold,no_dosage,Test kit,20,73,2336.0,32.0,1.6,"Trinity Biotech, Plc",False,394.0,2346.5699999999997,2.75
4158,39489,105-GY-T30,FPQ-14694,SCMS-252360,ASN-28009,Guyana,PMO - US,Direct Drop,EXW,Air,2014-07-28,2014-08-13,2014-09-17,2014-09-17,2014-11-10,HRDT,HIV test,"Trinity Biotech, Plc","HIV 1/2, Uni-Gold HIV Kit, 20 Tests","HIV 1/2, Uni-Gold HIV Kit",Uni-Gold,no_dosage,Test kit,20,2653,84896.0,32.0,1.6,"Trinity Biotech, Plc",True,394.0,1924.4650000000001,87.27
4159,39495,104-CI-T30,FPQ-6975,SCMS-98300,ASN-10837,Côte d'Ivoire,PMO - US,Direct Drop,FCA,Air,2011-01-04,2011-01-28,2011-06-10,2011-06-10,2011-06-10,ARV,Adult,Hoffmann-La Roche ltd Basel,"Saquinavir 500mg [Invirase], tablets, 120 Tabs",Saquinavir,Invirase,500mg,Tablet,120,1464,154437.73,105.49,0.88,Roche Madrid,True,255.0,4204.67,254.82
4160,39509,116-ZA-T30,FPQ-12522,SCMS-199280,ASN-24433,South Africa,PMO - US,Direct Drop,DDP,Truck,2013-07-11,2013-08-13,2014-02-07,2014-02-07,2014-02-07,ARV,Adult,S. BUYS WHOLESALER,"Didanosine 400mg, delayed-release capsules, 30 Caps",Didanosine,Generic,400mg,Delayed-release capsules,30,10,217.06,21.71,0.72,"Aurobindo Unit III, India",False,38.0,0.0,0.27
4161,39547,104-CI-T30,FPQ-5209,SCMS-75380,ASN-7632,Côte d'Ivoire,PMO - US,Direct Drop,EXW,Air,2010-02-25,2010-06-07,2010-08-03,2010-08-03,2010-08-03,HRDT,HIV test,"Orgenics, Ltd","HIV 1/2, Determine HIV Kit, without Lancets, 100 Tests","HIV 1/2, Determine HIV Kit, without Lancets",Determine,no_dosage,Test kit,100,3000,233100.0,77.7,0.78,Inverness Japan,True,679.0,11163.49,502.56
4162,39556,153-NA-T30,FPQ-8072,SCMS-117200,ASN-12163,Namibia,PMO - US,Direct Drop,EXW,Air,2011-07-22,2011-08-03,2011-10-05,2011-10-05,2011-10-05,HRDT,HIV test,"Trinity Biotech, Plc","HIV 1/2, Uni-Gold HIV Kit, 20 Tests","HIV 1/2, Uni-Gold HIV Kit",Uni-Gold,no_dosage,Test kit,20,750,24000.0,32.0,1.6,"Trinity Biotech, Plc",True,248.0,6654.24,39.6
4163,39575,116-ZA-T30,FPQ-4359,SCMS-54980,ASN-5373,South Africa,PMO - US,Direct Drop,DDP,Truck,2009-10-08,2009-10-15,2009-10-19,2009-10-19,2009-10-19,ARV,Adult,S. BUYS WHOLESALER,"Efavirenz 600mg, tablets, 30 Tabs",Efavirenz,Generic,600mg,Tablet,30,600,11761.67,19.6,0.65,"Cipla, Goa, India",False,231.5,0.0,23.05
4164,39589,106-HT-T30,FPQ-13797,SCMS-233970,ASN-27795,Haiti,PMO - US,Direct Drop,EXW,Air,2014-03-20,2014-04-30,2014-10-14,2014-10-14,2014-10-20,ARV,Adult,CIPLA LIMITED,"Lamivudine/Tenofovir Disoproxil Fumarate 300/300mg, tablets, 30 Tabs",Lamivudine/Tenofovir Disoproxil Fumarate,Generic,300/300mg,Tablet - FDC,30,8806,40419.54,4.59,0.15,"Cipla, Kurkumbh, India",True,979.0,6161.47,41.55
4165,39606,111-MZ-T30,FPQ-4739,SCMS-62690,ASN-5953,Mozambique,PMO - US,Direct Drop,EXW,Air,2009-12-10,2010-01-08,2010-02-23,2010-02-23,2010-02-23,HRDT,HIV test,"Trinity Biotech, Plc","HIV 1/2, Uni-Gold HIV Kit, 20 Tests","HIV 1/2, Uni-Gold HIV Kit",Uni-Gold,no_dosage,Test kit,20,2360,75520.0,32.0,1.6,"Trinity Biotech, Plc",True,1636.0,21087.7,162.82
4166,39615,103-ML-T30,FPQ-15006,SCMS-260770,ASN-31163,Mali,PMO - US,Direct Drop,EXW,Air,2014-10-07,2014-11-19,2015-05-13,2015-05-13,2015-05-13,HRDT,HIV test,"Orgenics, Ltd","HIV 1/2, ImmunoComb TriSpot Ag - Ab Kit, 36 Tests","HIV 1/2, ImmunoComb TriSpot Ag - Ab Kit",ImmunoComb,no_dosage,Test kit,36,65,8125.0,125.0,3.47,"Alere Medical Co., Ltd.",True,24.0,1059.59,8.35
4167,39631,105-GH-T30,FPQ-13809,SCMS-234030,ASN-26373,Ghana,PMO - US,Direct Drop,EXW,Air,2014-03-07,2014-05-09,2014-06-12,2014-06-12,2014-06-12,ARV,Pediatric,Aurobindo Pharma Limited,"Lamivudine 10mg/ml, oral solution, Bottle, 240 ml",Lamivudine,Generic,10mg/ml,Oral solution,240,6047,8647.21,1.43,0.01,"Aurobindo Unit III, India",True,2323.0,7326.63,8.89
4168,39647,108-VN-T30,FPQ-7565,SCMS-107610,ASN-11722,Vietnam,PMO - US,Direct Drop,EXW,Air,2011-04-21,2011-05-04,2011-09-05,2011-09-05,2011-09-05,ARV,Adult,Aurobindo Pharma Limited,"Lamivudine/Nevirapine/Zidovudine 150/200/300mg, tablets, 60 Tabs",Lamivudine/Nevirapine/Zidovudine,Generic,150/300/200mg,Tablet - FDC,60,20000,219000.0,10.95,0.18,"Aurobindo Unit III, India",True,2675.0,9656.19,361.35
4169,39658,116-ZA-T30,FPQ-14942,SCMS-259079,ASN-33854,South Africa,PMO - US,Direct Drop,DDP,Truck,2014-09-11,2014-10-09,2015-08-24,2015-08-24,2015-08-24,ARV,Adult,PHARMACY DIRECT,"Darunavir 600mg [Prezista], tablets, 60 Tabs",Darunavir,Prezista,600mg,Tablet,60,3,151.99,50.66,0.84,"Janssen-Cilag, Latina, IT",False,1.0,0.0,0.16
4170,39659,102-BI-T30,FPQ-10907,SCMS-167290,ASN-17563,Burundi,PMO - US,Direct Drop,EXW,Air,2012-11-07,2012-11-21,2013-01-04,2013-01-04,2013-01-04,HRDT,HIV test,"Orgenics, Ltd","HIV 1/2, Determine Complete HIV Kit, 100 Tests","HIV 1/2, Determine Complete HIV Kit",Determine,no_dosage,Test kit,100,1472,117760.0,80.0,0.8,"Alere Medical Co., Ltd.",True,638.0,16189.94,145.67
4171,39661,107-RW-T30,FPQ-14705,SCMS-253160,ASN-27917,Rwanda,PMO - US,Direct Drop,EXW,Ocean,2014-08-04,2014-08-19,2014-11-12,2014-11-12,2014-11-24,ARV,Adult,Aurobindo Pharma Limited,"Lamivudine/Tenofovir Disoproxil Fumarate 300/300mg, tablets, 30 Tabs",Lamivudine/Tenofovir Disoproxil Fumarate,Generic,300/300mg,Tablet - FDC,30,104000,483600.0,4.65,0.16,"Aurobindo Unit VII, IN",True,9684.0,7898.15,497.14
4172,39708,104-CI-T30,FPQ-3967,SCMS-52650,ASN-5060,Côte d'Ivoire,PMO - US,Direct Drop,FCA,Air,2009-08-21,2009-09-11,2009-10-23,2009-10-23,2009-10-23,ARV,Adult,ABBVIE LOGISTICS (FORMERLY ABBOTT LOGISTICS BV),"Ritonavir 100mg [Norvir], capsules, cool, 4 x 84 Caps",Ritonavir,Norvir,100mg,Capsule,336,300,11508.0,38.36,0.11,ABBVIE (Abbott) Logis. UK,True,546.0,4901.51,22.56
4173,39724,161-ZA-T30,FPQ-6262,SCMS-83790,ASN-9195,South Africa,PMO - US,Direct Drop,DDP,Ocean,2010-08-31,2010-09-24,2010-12-31,2011-02-01,2011-02-01,ARV,Pediatric,Aurobindo Pharma Limited,"Efavirenz 50mg, capsule, 30 Caps",Efavirenz,Generic,50mg,Capsule,30,32080,76671.2,2.39,0.08,"Aurobindo Unit III, India",True,2666.0,21695.97,165.3
4174,39769,102-SD-T30,FPQ-8264,SCMS-121852,ASN-13538,Sudan,PMO - US,Direct Drop,EXW,Air,2011-09-07,2011-09-14,2012-02-20,2012-02-20,2012-02-20,HRDT,HIV test - Ancillary,"Orgenics, Ltd","Capillary Tubes, for Determine, EDTA, 50uL,100 Pcs","HIV, Capillary Tubes, for Determine, EDTA, 50uL,100 Pcs",Determine,no_dosage,Test kit - Ancillary,100,2,16.0,8.0,0.08,"Alere Medical Co., Ltd.",True,2.0,980.7,0.03
4175,39794,113-ZW-T30,FPQ-13032,SCMS-210170,ASN-22818,Zimbabwe,PMO - US,Direct Drop,EXW,Air,2013-09-24,2013-10-18,2013-12-09,2013-12-09,2013-12-10,HRDT,HIV test - Ancillary,"Orgenics, Ltd","Chase Buffer, Determine, 100 Tests, 2.5ml x 1 Vial","Chase Buffer, Determine, 100 Tests, 2.5ml x 1 Vial",Determine,no_dosage,Test kit - Ancillary,1,2000,10000.0,5.0,5.0,"Alere Medical Co., Ltd.",True,864.0,14314.83,12.37
4176,39799,114-UG-T30,FPQ-12477,SCMS-198710,ASN-21405,Uganda,PMO - US,Direct Drop,EXW,Air,2013-07-08,2013-07-31,2013-08-29,2013-08-29,2013-08-29,ARV,Adult,MYLAN LABORATORIES LTD (FORMERLY MATRIX LABORATORIES),"Lamivudine/Nevirapine/Zidovudine 150/200/300mg, tablets, 60 Tabs",Lamivudine/Nevirapine/Zidovudine,Generic,150/300/200mg,Tablet - FDC,60,50000,405000.0,8.1,0.13,Mylan (formerly Matrix) Nashik,True,6918.0,22886.81,500.98
4177,39823,116-ZA-T30,FPQ-15269,SCMS-267020,ASN-29764,South Africa,PMO - US,Direct Drop,DDP,Truck,2014-10-29,2014-12-10,2014-12-10,2014-12-10,2014-12-10,ARV,Adult,S. BUYS WHOLESALER,"Lamivudine/Zidovudine 150/300mg, tablets, 60 Tabs",Lamivudine/Zidovudine,Generic,150/300mg,Tablet - FDC,60,225,5964.4,26.51,0.44,"Cipla, Goa, India",False,193.5,0.0,7.02
4178,39833,108-VN-T30,FPQ-13524,SCMS-226260,ASN-26927,Vietnam,PMO - US,Direct Drop,EXW,Air,2014-02-06,2014-03-10,2014-08-13,2014-08-13,2014-08-25,ARV,Adult,HETERO LABS LIMITED,"Efavirenz/Lamivudine/Tenofovir Disoproxil Fumarate 600/300/300mg, tablets, 30 Tabs",Efavirenz/Lamivudine/Tenofovir Disoproxil Fumarate,Generic,600/300/300mg,Tablet - FDC,30,720,7560.0,10.5,0.35,Hetero Unit III Hyderabad IN,False,59.0,4400.805,7.77
4179,39850,101-CD-T30,FPQ-11081,SCMS-169010,ASN-17635,"Congo, DRC",PMO - US,Direct Drop,EXW,Air,2012-11-26,2012-12-07,2013-04-30,2013-04-30,2013-04-30,ANTM,Malaria,ACTION MEDEOR E.V.,"Sulfadoxine/Pyrimethamine 500/25mg, tablets, 1000 Tabs",Sulfadoxine/Pyrimethamine,Generic,500/25mg,Tablet - FDC,1000,415,10026.4,24.16,0.02,"Micro Labs, Hosur, India",True,329.0,1731.89,12.4
4180,39873,108-VN-T30,FPQ-13524,SCMS-226231,ASN-27131,Vietnam,PMO - US,Direct Drop,FCA,Air,2014-02-06,2014-05-27,2014-08-16,2014-08-16,2014-08-25,ARV,Adult,ABBVIE LOGISTICS (FORMERLY ABBOTT LOGISTICS BV),"Lopinavir/Ritonavir 200/50mg [Aluvia], tablets, 120 Tabs",Lopinavir/Ritonavir,Aluvia,200/50mg,Tablet,120,5200,316264.0,60.82,0.51,ABBVIE Ludwigshafen Germany,True,1272.0,3824.06,325.12
4181,39895,107-RW-T30,FPQ-15065,SCMS-263330,ASN-30481,Rwanda,PMO - US,Direct Drop,EXW,Air,2014-10-15,2014-12-18,2015-02-18,2015-02-18,2015-02-19,HRDT,HIV test,"SHANGHAI KEHUA BIOENGINEERING CO.,LTD.  (KHB)","HIV 1/2, SKB Colloidal Gold, Diagnostic Kit, Antibody, 50 Tests","HIV 1/2, Colloidal Gold, Diagnostic Kit, Antibody",Colloidal Gold,no_dosage,Test kit,1,4014,98343.0,24.5,24.5,"KHB Test Kit Facility, Shanghai China",True,2676.0,35281.73,101.1
4182,39920,107-RW-T30,FPQ-6413,SCMS-87190,ASN-9870,Rwanda,PMO - US,Direct Drop,EXW,Air,2010-09-21,2010-10-06,2011-04-14,2011-04-14,2011-04-14,HRDT,HIV test,"Standard Diagnostics, Inc.","HIV 1/2, Bioline 3.0 Kit, (no accessories), 30 Tests","HIV 1/2, Bioline 3.0 Kit (no accessories)",Bioline,no_dosage,Test kit,30,1600,38400.0,24.0,0.8,"Standard Diagnostics, Korea",True,571.0,5161.55,82.79
4183,39933,108-VN-T30,FPQ-15040,SCMS-263630,ASN-31646,Vietnam,PMO - US,Direct Drop,EXW,Air,2014-10-30,2014-12-08,2015-06-01,2015-06-01,2015-06-01,ARV,Adult,MYLAN LABORATORIES LTD (FORMERLY MATRIX LABORATORIES),"Lamivudine/Zidovudine 150/300mg, tablets, 60 Tabs",Lamivudine/Zidovudine,Generic,150/300mg,Tablet - FDC,60,16800,109032.0,6.49,0.11,Mylan (formerly Matrix) Nashik,True,1456.0,2984.0,112.08
4184,39966,119-NA-T30,FPQ-4398,SCMS-54910,ASN-5952,Namibia,PMO - US,Direct Drop,EXW,Air,2009-10-07,2009-10-13,2010-02-12,2010-02-12,2010-02-12,HRDT,HIV test,"Trinity Biotech, Plc","HIV 1/2, Uni-Gold HIV Kit, 20 Tests","HIV 1/2, Uni-Gold HIV Kit",Uni-Gold,no_dosage,Test kit,20,1400,44800.0,32.0,1.6,"Trinity Biotech, Plc",True,500.0,5061.46,96.59
4185,39967,104-CI-T30,FPQ-12714,SCMS-205000,ASN-21883,Côte d'Ivoire,PMO - US,Direct Drop,EXW,Air,2013-07-30,2013-09-02,2013-10-07,2013-10-07,2013-10-08,ARV,Pediatric,Aurobindo Pharma Limited,"Zidovudine 100mg, capsules, 100 Caps",Zidovudine,Generic,100mg,Capsule,100,670,3015.0,4.5,0.04,"Aurobindo Unit III, India",True,76.0,1921.02,3.73
4186,39971,108-VN-T30,FPQ-10286,SCMS-155700,ASN-17019,Vietnam,PMO - US,Direct Drop,FCA,Air,2012-07-25,2012-08-14,2012-12-11,2012-12-11,2012-12-11,ARV,Pediatric,ABBVIE LOGISTICS (FORMERLY ABBOTT LOGISTICS BV),"Lopinavir/Ritonavir 100/25mg [Aluvia], tablets, 60 Tabs",Lopinavir/Ritonavir,Generic,100/25mg,Tablet,60,104,1581.84,15.21,0.25,ABBVIE Ludwigshafen Germany,True,18.0,612.07,2.22
4187,40033,114-UG-T30,FPQ-15303,SCMS-264940,ASN-31156,Uganda,PMO - US,Direct Drop,EXW,Air,2014-11-11,2014-11-25,2015-04-08,2015-04-08,2015-04-08,ARV,Pediatric,Aurobindo Pharma Limited,"Lopinavir/Ritonavir 100/25mg, tablets, 60 Tabs",Lopinavir/Ritonavir,Generic,100/25mg,Tablet,60,4250,34170.0,8.04,0.13,"Aurobindo Unit III, India",True,424.0,1488.99,40.22
4188,40044,116-ZA-T30,FPQ-12523,SCMS-199310,ASN-29450,South Africa,PMO - US,Direct Drop,DDP,Truck,2013-07-12,2013-08-13,2014-11-19,2014-11-19,2014-11-19,ARV,Adult,S. BUYS WHOLESALER,"Etravirine 100mg [Intelence], tablets, 120 Tabs",Etravirine,Intelence,100mg,Tablet,120,39,1523.85,39.07,0.33,"Janssen-Cilag, Latina, IT",False,668.5,0.0,1.89
4189,40070,116-ZA-T30,FPQ-14942,SCMS-259076,ASN-32524,South Africa,PMO - US,Direct Drop,DDP,Truck,2014-09-11,2015-06-02,2015-06-02,2015-06-02,2015-06-02,ARV,Adult,PHARMACY DIRECT,"Abacavir 300mg, tablets, 60 Tabs",Abacavir,Generic,300mg,Tablet,60,31,1545.41,49.85,0.83,"Aurobindo Unit III, India",False,4.0,0.0,1.59
4190,40100,116-ZA-T30,FPQ-12522,SCMS-199283,ASN-27980,South Africa,PMO - US,Direct Drop,DDP,Truck,2013-07-11,2014-08-27,2014-08-27,2014-08-27,2014-08-27,ARV,Adult,S. BUYS WHOLESALER,"Lamivudine/Zidovudine 150/300mg, tablets, 60 Tabs",Lamivudine/Zidovudine,Generic,150/300mg,Tablet - FDC,60,19,626.77,32.99,0.55,Hetero Unit III Hyderabad IN,False,668.5,0.0,0.78
4191,40136,116-ZA-T30,FPQ-14942,SCMS-259076,ASN-32524,South Africa,PMO - US,Direct Drop,DDP,Truck,2014-09-11,2015-06-02,2015-06-02,2015-06-02,2015-06-02,ARV,Pediatric,PHARMACY DIRECT,"Efavirenz 200mg, capsule, 90 Caps",Efavirenz,Generic,200mg,Capsule,90,8,136.35,17.04,0.19,"Aurobindo Unit III, India",False,48.0,0.0,0.14
4192,40152,116-ZA-T30,FPQ-14942,SCMS-259071,ASN-29597,South Africa,PMO - US,Direct Drop,DDP,Truck,2014-09-11,2014-11-28,2014-11-28,2014-11-28,2014-11-28,ARV,Pediatric,PHARMACY DIRECT,"Abacavir 20mg/ml, oral solution, Bottle, 240 ml",Abacavir,Generic,20mg/ml,Oral solution,240,8,141.69,17.71,0.07,"Aurobindo Unit III, India",False,48.0,0.0,0.15
4193,40205,105-SS-T30,FPQ-15569,SCMS-272140,ASN-31129,South Sudan,PMO - US,Direct Drop,EXW,Air,2014-12-29,2015-02-20,2015-05-08,2015-05-08,2015-05-11,HRDT,HIV test,"Trinity Biotech, Plc","HIV 1/2, Uni-Gold HIV Kit, 20 Tests","HIV 1/2, Uni-Gold HIV Kit",Uni-Gold,no_dosage,Test kit,20,35,1120.0,32.0,1.6,"Trinity Biotech, Plc",True,191.0,2796.58,1.32
4194,40209,104-CI-T30,FPQ-6897,SCMS-101001,ASN-11637,Côte d'Ivoire,PMO - US,Direct Drop,FCA,Air,2011-01-05,2011-04-01,2011-08-18,2011-08-18,2011-08-18,ARV,Adult,ABBVIE LOGISTICS (FORMERLY ABBOTT LOGISTICS BV),"Lopinavir/Ritonavir 200/50mg [Aluvia], tablets, 120 Tabs",Lopinavir/Ritonavir,Aluvia,200/50mg,Tablet,120,16695,562621.5,33.7,0.28,ABBVIE Ludwigshafen Germany,True,4113.0,30130.82,928.33
4195,40214,107-RW-T30,FPQ-13851,SCMS-239030,ASN-28850,Rwanda,PMO - US,Direct Drop,EXW,Ocean,2014-03-10,2014-05-16,2014-12-19,2014-12-19,2014-12-19,ARV,Adult,MYLAN LABORATORIES LTD (FORMERLY MATRIX LABORATORIES),"Atazanavir/Ritonavir 300/100mg, tablets, 30 Tabs",Atazanavir/Ritonavir,Generic,300/100mg,Tablet,30,28869,577380.0,20.0,0.67,Mylan (formerly Matrix) Nashik,True,3865.0,5678.36,593.55
4196,40255,108-VN-T30,FPQ-13034,SCMS-210040,ASN-24697,Vietnam,PMO - US,Direct Drop,FCA,Air,2013-10-04,2013-10-10,2014-04-07,2014-04-07,2014-05-08,ARV,Adult,ABBVIE LOGISTICS (FORMERLY ABBOTT LOGISTICS BV),"Ritonavir 100mg [Norvir], film coated tablets, 30 Tabs",Ritonavir,Norvir,100mg,Tablet,30,400,9304.0,23.26,0.78,ABBVIE Ludwigshafen Germany,True,81.0,4400.805,11.51
4197,40274,114-UG-T30,FPQ-11098,SCMS-171660,ASN-17804,Uganda,PMO - US,Direct Drop,EXW,Air,2012-12-13,2013-01-02,2013-02-04,2013-02-04,2013-02-04,HRDT,HIV test,"Trinity Biotech, Plc","HIV 1/2, Uni-Gold HIV Kit, 20 Tests","HIV 1/2, Uni-Gold HIV Kit",Uni-Gold,no_dosage,Test kit,20,875,28000.0,32.0,1.6,"Trinity Biotech, Plc",True,292.0,4462.61,34.64
4198,40286,107-RW-T30,FPQ-13157,SCMS-215450,ASN-23606,Rwanda,PMO - US,Direct Drop,FCA,Air,2013-10-28,2013-12-02,2014-01-22,2014-01-22,2014-01-24,ARV,Pediatric,ABBVIE LOGISTICS (FORMERLY ABBOTT LOGISTICS BV),"Lopinavir/Ritonavir 100/25mg [Aluvia], tablets, 60 Tabs",Lopinavir/Ritonavir,Generic,100/25mg,Tablet,60,500,2970.0,5.94,0.1,ABBVIE Ludwigshafen Germany,True,65.0,985.26,3.05
4199,40351,122-HT-T30,FPQ-8635,SCMS-132180,ASN-13412,Haiti,PMO - US,Direct Drop,EXW,Air,2011-12-07,2011-12-30,2012-01-18,2012-01-18,2012-01-18,ANTM,Malaria,AMSTELFARMA B.V.,"Sulfadoxine/Pyrimethamine 500/25mg, tablets, 1000 Tabs",Sulfadoxine/Pyrimethamine,Generic,500/25mg,Tablet - FDC,1000,10,316.5,31.65,0.03,"Micro Labs, Hosur, India",False,488.0,2946.7200000000003,0.44
4200,40364,161-ZA-T30,FPQ-5648,SCMS-75660,ASN-8693,South Africa,PMO - US,Direct Drop,DDP,Ocean,2010-06-02,2010-06-17,2010-10-12,2010-12-15,2010-12-15,ARV,Adult,Aurobindo Pharma Limited,"Efavirenz 600mg, tablets, 30 Tabs",Efavirenz,Generic,600mg,Tablet,30,52516,236847.16,4.51,0.15,"Aurobindo Unit III, India",True,668.5,0.0,510.64
4201,40365,106-HT-T30,FPQ-15038,SCMS-262840,ASN-31821,Haiti,PMO - US,Direct Drop,EXW,Ocean,2014-10-22,2014-12-24,2015-07-03,2015-07-03,2015-07-13,ARV,Pediatric,MYLAN LABORATORIES LTD (FORMERLY MATRIX LABORATORIES),"Lamivudine/Zidovudine 30/60mg, tablets, 60 Tabs",Lamivudine/Zidovudine,Generic,30/60mg,Tablet - FDC,60,6000,11940.0,1.99,0.03,Mylan (formerly Matrix) Nashik,True,581.0,7785.125,12.27
4202,40373,109-TZ-T30,FPQ-6925,SCMS-97130,ASN-9833,Tanzania,PMO - US,Direct Drop,EXW,Air,2010-12-27,2011-02-02,2011-03-29,2011-03-29,2011-03-29,HRDT,HIV test,"Trinity Biotech, Plc","HIV 1/2, Uni-Gold HIV Kit, 20 Tests","HIV 1/2, Uni-Gold HIV Kit",Uni-Gold,no_dosage,Test kit,20,30,960.0,32.0,1.6,"Trinity Biotech, Plc",True,10.0,910.73,1.58
4203,40379,116-ZA-T30,FPQ-13973,SCMS-238550,ASN-30792,South Africa,PMO - US,Direct Drop,DDP,Truck,2014-04-30,2014-05-08,2015-02-19,2015-02-19,2015-02-19,ARV,Pediatric,PHARMACY DIRECT,"Abacavir 20mg/ml, oral solution, Bottle, 240 ml",Abacavir,Generic,20mg/ml,Oral solution,240,3,73.53,24.51,0.1,"Aurobindo Unit III, India",False,1.0,0.0,0.08
4204,40443,108-VN-T30,FPQ-15292,SCMS-268410,ASN-30672,Vietnam,PMO - US,Direct Drop,FCA,Air,2014-12-05,2014-12-18,2015-03-19,2015-03-19,2015-03-19,ARV,Adult,ABBVIE LOGISTICS (FORMERLY ABBOTT LOGISTICS BV),"Ritonavir 100mg [Norvir], film coated tablets, 30 Tabs",Ritonavir,Norvir,100mg,Tablet,30,128,2977.28,23.26,0.78,ABBVIE Ludwigshafen Germany,True,1232.0,2769.45,3.5
4205,40479,109-TZ-T30,FPQ-14049,SCMS-239390,ASN-26381,Tanzania,PMO - US,Direct Drop,FCA,Air,2014-04-11,2014-05-16,2014-09-30,2014-09-30,2014-10-07,ARV,Pediatric,ABBVIE LOGISTICS (FORMERLY ABBOTT LOGISTICS BV),"Lopinavir/Ritonavir 80/20mg/ml [Kaletra], oral solution, cool, Bottle 5 x 60 ml",Lopinavir/Ritonavir,Kaletra,80/20mg/ml,Oral solution,300,304,9369.28,30.82,0.1,ABBVIE (Abbott) Logis. UK,True,278.0,5656.74,9.63
4206,40484,102-KE-T30,FPQ-6406,SCMS-88211,ASN-9546,Kenya,PMO - US,Direct Drop,EXW,Air,2010-09-27,2010-11-22,2011-02-10,2011-02-10,2011-02-10,HRDT,HIV test,"Orgenics, Ltd","HIV 1/2, Determine Complete HIV Kit, 100 Tests","HIV 1/2, Determine Complete HIV Kit",Determine,no_dosage,Test kit,100,8563,762107.0,89.0,0.89,Inverness Japan,True,1474.0,15687.32,1643.1
4207,40490,105-SS-T30,FPQ-14470,SCMS-245230,ASN-27241,South Sudan,PMO - US,Direct Drop,EXW,Air,2014-06-17,2014-07-01,2014-09-29,2014-09-29,2014-09-30,HRDT,HIV test,"Trinity Biotech, Plc","HIV 1/2, Uni-Gold HIV Kit, 20 Tests","HIV 1/2, Uni-Gold HIV Kit",Uni-Gold,no_dosage,Test kit,20,450,14400.0,32.0,1.6,"Trinity Biotech, Plc",False,159.5,2575.925,14.8
4208,40496,116-ZA-T30,FPQ-13973,SCMS-238552,ASN-27610,South Africa,PMO - US,Direct Drop,DDP,Truck,2014-04-30,2014-08-05,2014-08-05,2014-08-05,2014-08-05,ARV,Adult,PHARMACY DIRECT,"Darunavir 300mg [Prezista], tablets, 120 Tabs",Darunavir,Prezista,300mg,Tablet,120,18,1254.77,69.71,0.58,"Janssen-Cilag, Latina, IT",True,55.0,0.0,1.29
4209,40498,104-CI-T30,FPQ-4381,SCMS-57380,ASN-6453,Côte d'Ivoire,PMO - US,Direct Drop,CIP,Air,2009-11-05,2009-11-17,2010-04-16,2010-04-16,2010-04-16,ARV,Pediatric,MERCK SHARP & DOHME IDEA GMBH (FORMALLY MERCK SHARP & DOHME B.V.),"Efavirenz 30mg/ml [Stocrin/Sustiva], oral solution, Bottle, 180 ml",Efavirenz,Stocrin/Sustiva,30mg/ml,Oral solution,180,3559,60360.64,16.96,0.09,"MSD, Haarlem, NL",True,1061.0,2454.99,118.31
4210,40555,109-TZ-T30,FPQ-5174,SCMS-66910,ASN-6721,Tanzania,PMO - US,Direct Drop,FCA,Air,2010-03-01,2010-03-12,2010-06-11,2010-06-04,2010-06-04,ARV,Adult,ABBVIE LOGISTICS (FORMERLY ABBOTT LOGISTICS BV),"Lopinavir/Ritonavir 200/50mg [Aluvia], tablets, 120 Tabs",Lopinavir/Ritonavir,Aluvia,200/50mg,Tablet,120,2855,103236.8,36.16,0.3,ABBVIE Ludwigshafen Germany,True,668.5,8925.0,222.58
4211,40580,800-CM-T30,FPQ-12571,SCMS-198570,ASN-21309,Cameroon,PMO - US,Direct Drop,EXW,Air,2013-07-02,2013-07-22,2013-08-27,2013-08-27,2013-08-27,HRDT,HIV test,"Orgenics, Ltd","HIV 1/2, Determine Complete HIV Kit, 100 Tests","HIV 1/2, Determine Complete HIV Kit",Determine,no_dosage,Test kit,100,5000,400000.0,80.0,0.8,"Alere Medical Co., Ltd.",True,2268.0,37942.89,494.8
4212,40584,116-ZA-T30,FPQ-7176,SCMS-104370,ASN-11395,South Africa,PMO - US,Direct Drop,DDP,Ocean,2011-03-10,2011-04-01,2011-08-15,2011-09-15,2011-09-15,ARV,Adult,Aurobindo Pharma Limited,"Zidovudine 300mg, tablets, 60 Tabs",Zidovudine,Generic,300mg,Tablet,60,7548,55100.4,7.3,0.12,"Aurobindo Unit III, India",True,391.0,659.58,90.92
4213,40598,116-ZA-T30,FPQ-12522,SCMS-199289,ASN-28034,South Africa,PMO - US,Direct Drop,DDP,Truck,2013-07-11,2014-08-29,2014-08-29,2014-08-29,2014-08-29,ARV,Adult,S. BUYS WHOLESALER,"Emtricitabine/Tenofovir Disoproxil Fumarate 200/300mg, tablets, 30 Tabs",Emtricitabine/Tenofovir Disoproxil Fumarate,Generic,200/300mg,Tablet - FDC,30,334,11131.8,33.33,1.11,"Aurobindo Unit III, India",False,668.5,0.0,13.77
4214,40608,114-UG-T30,FPQ-4320,SCMS-58170,ASN-5732,Uganda,PMO - US,Direct Drop,EXW,Air,2009-11-16,2009-11-24,2010-01-19,2010-01-19,2010-01-19,ARV,Adult,ASPEN PHARMACARE,"Darunavir 300mg [Prezista], tablets, 120 Tabs",Darunavir,Prezista,300mg,Tablet,120,120,10800.0,90.0,0.75,"Aspen-OSD, Port Elizabeth, SA",True,18.0,1190.02,21.17
4215,40620,111-MZ-T30,FPQ-8116,SCMS-118370,ASN-12476,Mozambique,PMO - US,Direct Drop,EXW,Air,2011-08-04,2011-08-30,2011-11-22,2011-12-05,2011-12-05,HRDT,HIV test,"Orgenics, Ltd","HIV 1/2, Determine HIV Kit, without Lancets, 100 Tests","HIV 1/2, Determine HIV Kit, without Lancets",Determine,no_dosage,Test kit,100,2591,201320.7,77.7,0.78,Inverness Japan,True,994.0,12838.85,332.18
4216,40627,161-ZA-T30,FPQ-7175,SCMS-103950,ASN-11462,South Africa,PMO - US,Direct Drop,DDP,Ocean,2011-03-10,2011-03-28,2011-09-16,2011-09-16,2011-09-16,ARV,Adult,STRIDES ARCOLAB LIMITED,"Nevirapine 200mg, tablets, 60 Tabs",Nevirapine,Generic,200mg,Tablet,60,150000,430500.0,2.87,0.05,"Strides, Bangalore, India.",True,9282.0,15222.94,710.32
4217,40657,117-ET-T30,FPQ-4867,SCMS-63000,ASN-5909,Ethiopia,PMO - US,Direct Drop,EXW,Air,2010-01-05,2010-01-12,2010-01-29,2010-01-29,2010-01-29,HRDT,HIV test,"CHEMBIO DIAGNOSTIC SYSTEMS, INC.","HIV 1/2, Stat-Pak HIV, Kit, 20 Tests","HIV 1/2, Stat-Pak HIV, Kit",Stat-Pak,no_dosage,Test kit,20,140,3780.0,27.0,1.35,Chembio Diagnostics Sys. Inc.,True,38.0,447.73,8.15
4218,40665,117-ET-T30,FPQ-9954,SCMS-148510,ASN-16201,Ethiopia,PMO - US,Direct Drop,EXW,Air,2012-05-21,2012-07-25,2012-09-04,2012-09-04,2012-09-04,HRDT,HIV test,"SHANGHAI KEHUA BIOENGINEERING CO.,LTD.  (KHB)","HIV 1/2, SKB Colloidal Gold, Diagnostic Kit, Antibody, 50 Tests","HIV 1/2, Colloidal Gold, Diagnostic Kit, Antibody",Colloidal Gold,no_dosage,Test kit,1,25004,612598.0,24.5,24.5,"KHB Test Kit Facility, Shanghai China",True,17367.0,161962.32,858.86
4219,40680,104-CI-T30,FPQ-12806,SCMS-206570,ASN-24432,Côte d'Ivoire,PMO - US,Direct Drop,EXW,Air,2013-08-09,2013-09-17,2014-02-27,2014-02-27,2014-03-26,ARV,Pediatric,Aurobindo Pharma Limited,"Nevirapine 50mg, dispersible tablets (tablets for oral suspension), 30 Tabs",Nevirapine,Generic,50mg,Chewable/dispersible tablet,30,7000,8750.0,1.25,0.04,"Aurobindo Unit III, India",True,480.0,5325.3,10.82
4220,40702,105-SS-T30,FPQ-15569,SCMS-272160,ASN-31321,South Sudan,PMO - US,Direct Drop,EXW,Air,2014-12-29,2015-02-20,2015-06-03,2015-06-03,2015-06-05,HRDT,HIV test - Ancillary,"Orgenics, Ltd","Chase Buffer, Determine, 100 Tests, 2.5ml x 1 Vial","Chase Buffer, Determine, 100 Tests, 2.5ml x 1 Vial",Determine,no_dosage,Test kit - Ancillary,1,45,225.0,5.0,5.0,"Alere Medical Co., Ltd.",False,29.0,2575.925,0.26
4221,40762,900-UG-T30,FPQ-10089,SCMS-149400,ASN-15430,Uganda,PMO - US,Direct Drop,EXW,Air,2012-06-07,2012-06-12,2012-07-18,2012-07-23,2012-07-23,ARV,Adult,Aurobindo Pharma Limited,"Lopinavir/Ritonavir 200/50mg, tablets, 120 Tabs",Lopinavir/Ritonavir,Generic,200/50mg,Tablet,120,10679,272314.5,25.5,0.21,"Aurobindo Unit III, India",True,2709.0,11409.29,381.78
4222,40779,111-MZ-T30,FPQ-13093,SCMS-211561,ASN-25196,Mozambique,PMO - US,Direct Drop,EXW,Air,2013-10-15,2013-11-13,2014-05-02,2014-05-02,2014-05-02,HRDT,HIV test,"Orgenics, Ltd","HIV 1/2, Determine Complete HIV Kit, 100 Tests","HIV 1/2, Determine Complete HIV Kit",Determine,no_dosage,Test kit,100,8898,711840.0,80.0,0.8,"Alere Medical Co., Ltd.",True,3611.0,24079.79,731.77
4223,40790,116-ZA-T30,FPQ-12522,SCMS-199283,ASN-27976,South Africa,PMO - US,Direct Drop,DDP,Truck,2013-07-11,2014-08-27,2014-08-27,2014-08-27,2014-08-27,ARV,Adult,S. BUYS WHOLESALER,"Lopinavir/Ritonavir 200/50mg [Aluvia], tablets, 120 Tabs",Lopinavir/Ritonavir,Aluvia,200/50mg,Tablet,120,62,1597.1,25.76,0.21,ABBVIE Ludwigshafen Germany,False,5.0,0.0,1.98
4224,40791,108-VN-T30,FPQ-7898,SCMS-113620,ASN-13100,Vietnam,PMO - US,Direct Drop,EXW,Air,2011-06-27,2011-07-08,2011-12-22,2011-12-22,2011-12-22,ARV,Adult,STRIDES ARCOLAB LIMITED,"Lamivudine 150mg, tablets, 60 Tabs",Lamivudine,Generic,150mg,Tablet,60,23355,54884.25,2.35,0.04,"Strides, Bangalore, India.",True,1073.0,5221.88,90.56
4225,40798,161-ZA-T30,FPQ-7400,SCMS-104180,ASN-12268,South Africa,PMO - US,Direct Drop,DDP,Ocean,2011-03-11,2011-03-30,2011-11-18,2011-11-18,2011-11-18,ARV,Pediatric,GLAXOSMITHKLINE EXPORT LIMITED,"Abacavir 20mg/ml [Ziagen], oral solution, Bottle, 240 ml",Abacavir,Ziagen,20mg/ml,Oral solution,240,20000,185600.0,9.28,0.04,GSK Mississauga (Canada),True,7293.0,6560.34,306.24
4226,40812,107-RW-T30,FPQ-3859,SCMS-49110,ASN-6538,Rwanda,PMO - US,Direct Drop,CIP,Air,2009-06-30,2009-07-15,2010-04-29,2010-04-29,2010-04-29,ARV,Adult,EMCURE PHARMACEUTICALS LTD,"Efavirenz 600mg, tablets, 30 Tabs",Efavirenz,Generic,600mg,Tablet,30,54684,327557.16,5.99,0.2,"Emcure Plot No.P-2, I.T-B.T. Park, Phase II, MIDC, Hinjwadi, Pune, India",True,3889.0,31784.09,642.01
4227,40821,901-CM-T30,FPQ-12528,SCMS-196500,ASN-22068,Cameroon,PMO - US,Direct Drop,EXW,Air,2013-06-21,2013-06-28,2013-11-09,2013-10-30,2013-10-31,ARV,Adult,CIPLA LIMITED,"Lamivudine/Tenofovir Disoproxil Fumarate 300/300mg, tablets, 30 Tabs",Lamivudine/Tenofovir Disoproxil Fumarate,Generic,300/300mg,Tablet - FDC,30,12600,57960.0,4.6,0.15,"Cipla, Kurkumbh, India",True,1278.0,15106.61,71.7
4228,40836,161-ZA-T30,FPQ-7175,SCMS-103380,ASN-12992,South Africa,PMO - US,Direct Drop,DDP,Ocean,2011-03-10,2011-03-24,2012-01-04,2012-01-04,2012-01-04,ARV,Adult,Aurobindo Pharma Limited,"Zidovudine 300mg, tablets, 60 Tabs",Zidovudine,Generic,300mg,Tablet,60,6384,46603.2,7.3,0.12,"Aurobindo Unit III, India",True,331.0,5766.83,76.9
4229,40840,101-CD-T30,FPQ-14654,SCMS-253260,ASN-28279,"Congo, DRC",PMO - US,Direct Drop,EXW,Air,2014-08-11,2014-08-27,2014-11-04,2014-11-04,2014-11-20,HRDT,HIV test,"Trinity Biotech, Plc","HIV 1/2, Uni-Gold HIV Kit, 20 Tests","HIV 1/2, Uni-Gold HIV Kit",Uni-Gold,no_dosage,Test kit,20,89,2848.0,32.0,1.6,"Trinity Biotech, Plc",False,394.0,2346.5699999999997,2.93
4230,40841,116-ZA-T30,FPQ-12522,SCMS-199283,ASN-27976,South Africa,PMO - US,Direct Drop,DDP,Truck,2013-07-11,2014-08-27,2014-08-27,2014-08-27,2014-08-27,ARV,Adult,S. BUYS WHOLESALER,"Tenofovir Disoproxil Fumarate 300mg, tablets, 30 Tabs",Tenofovir Disoproxil Fumarate,Generic,300mg,Tablet,30,273,6169.93,22.6,0.75,"Aurobindo Unit III, India",False,520.0,0.0,7.63
4231,40851,901-CM-T30,FPQ-12837,SCMS-204330,ASN-21572,Cameroon,PMO - US,Direct Drop,EXW,Air,2013-08-19,2013-08-23,2013-09-26,2013-09-26,2013-09-26,ARV,Adult,MYLAN LABORATORIES LTD (FORMERLY MATRIX LABORATORIES),"Zidovudine 300mg, tablets, 60 Tabs",Zidovudine,Generic,300mg,Tablet,60,5000,32500.0,6.5,0.11,Mylan (formerly Matrix) Nashik,True,294.0,4339.64,40.2
4232,45343,108-VN-T30,FPQ-12539,SCMS-199760,ASN-22686,Vietnam,PMO - US,Direct Drop,EXW,Air,2013-07-11,2013-07-25,2013-12-05,2013-12-05,2014-01-13,ARV,Adult,MICRO LABS LIMITED,"Lamivudine 150mg, tablets, 60 Tabs",Lamivudine,Generic,150mg,Tablet,60,11507,20367.39,1.77,0.03,"Micro labs, Verna, Goa, India",True,539.0,1666.35,25.19
4233,40868,116-ZA-T30,FPQ-11828,SCMS-183970,ASN-19157,South Africa,South Africa Field Office,Direct Drop,DDP,Truck,2013-03-18,2012-10-12,2013-04-12,2013-04-12,2013-04-12,ARV,Pediatric,S. BUYS WHOLESALER,"Lopinavir/Ritonavir 80/20mg/ml [Kaletra], oral solution, cool, Bottle 5 x 60 ml",Lopinavir/Ritonavir,Kaletra,80/20mg/ml,Oral solution,300,48,1199.64,24.99,0.08,ABBVIE (Abbott) Logis. UK,True,5.0,0.0,1.48
4234,40894,110-ZM-T30,FPQ-11390,SCMS-173920,ASN-19077,Zambia,PMO - US,Direct Drop,EXW,Air,2013-01-08,2013-01-23,2013-06-05,2013-06-06,2013-06-06,HRDT,HIV test,"Orgenics, Ltd","HIV 1/2, Determine Complete HIV Kit, 100 Tests","HIV 1/2, Determine Complete HIV Kit",Determine,no_dosage,Test kit,100,2950,236000.0,80.0,0.8,"Alere Medical Co., Ltd.",True,1222.0,22041.41,291.93
4235,40901,161-ZA-T30,FPQ-6708,SCMS-93540,ASN-10567,South Africa,PMO - US,Direct Drop,DDP,Ocean,2010-11-26,2010-12-14,2011-05-31,2011-06-13,2011-06-13,ARV,Adult,Aurobindo Pharma Limited,"Tenofovir Disoproxil Fumarate 300mg, tablets, 30 Tabs",Tenofovir Disoproxil Fumarate,Generic,300mg,Tablet,30,108677,722702.05,6.65,0.22,"Aurobindo Unit III, India",True,10144.0,8809.08,1192.46
4236,40923,161-ZA-T30,FPQ-6262,SCMS-83770,ASN-10212,South Africa,PMO - US,Direct Drop,DDP,Ocean,2010-08-31,2010-09-24,2011-04-26,2011-05-26,2011-05-26,ARV,Adult,Aurobindo Pharma Limited,"Efavirenz 600mg, tablets, 30 Tabs",Efavirenz,Generic,600mg,Tablet,30,125247,567368.91,4.53,0.15,"Aurobindo Unit III, India",True,668.5,0.0,1223.25
4237,40933,116-ZA-T30,FPQ-3560,SCMS-49661,ASN-5051,South Africa,PMO - US,Direct Drop,DDP,Truck,2009-05-07,2009-07-21,2009-08-27,2009-08-27,2009-08-27,ARV,Adult,S. BUYS WHOLESALER,"Ritonavir 100mg [Norvir], capsules, cool, 84 Caps",Ritonavir,Norvir,100mg,Capsule,84,123,1348.43,10.96,0.13,ABBVIE (Abbott) Logis. UK,True,668.5,0.0,2.64
4238,40934,108-VN-T30,FPQ-12051,SCMS-188570,ASN-21378,Vietnam,PMO - US,Direct Drop,FCA,Air,2013-05-03,2013-08-19,2013-09-16,2013-09-16,2013-09-16,ARV,Adult,ABBVIE LOGISTICS (FORMERLY ABBOTT LOGISTICS BV),"Ritonavir 100mg [Norvir], film coated tablets, 30 Tabs",Ritonavir,Norvir,100mg,Tablet,30,71,1651.46,23.26,0.78,ABBVIE Ludwigshafen Germany,True,15.0,493.42,2.04
4239,40935,108-VN-T30,FPQ-15692,SCMS-274350,ASN-32776,Vietnam,PMO - US,Direct Drop,EXW,Air,2015-01-28,2015-02-17,2015-07-27,2015-07-27,2015-07-27,ARV,Adult,MYLAN LABORATORIES LTD (FORMERLY MATRIX LABORATORIES),"Lamivudine/Zidovudine 150/300mg, tablets, 60 Tabs",Lamivudine/Zidovudine,Generic,150/300mg,Tablet - FDC,60,13000,84370.0,6.49,0.11,Mylan (formerly Matrix) Nashik,True,2672.0,4400.805,99.3
4240,40936,108-VN-T30,FPQ-10286,SCMS-156310,ASN-17176,Vietnam,PMO - US,Direct Drop,EXW,Air,2012-07-25,2012-08-15,2012-12-14,2012-12-14,2012-12-14,ARV,Adult,HETERO LABS LIMITED,"Abacavir 300mg, tablets, 60 Tabs",Abacavir,Generic,300mg,Tablet,60,385,4966.5,12.9,0.22,Hetero Unit III Hyderabad IN,False,25.0,4400.805,6.96
4241,40942,106-HT-T30,FPQ-4389,SCMS-58040,ASN-7322,Haiti,PMO - US,Direct Drop,CIP,Air,2009-11-03,2009-11-24,2010-06-29,2010-06-29,2010-06-29,ARV,Pediatric,MERCK SHARP & DOHME IDEA GMBH (FORMALLY MERCK SHARP & DOHME B.V.),"Efavirenz 30mg/ml [Stocrin/Sustiva], oral solution, Bottle, 180 ml",Efavirenz,Stocrin/Sustiva,30mg/ml,Oral solution,180,180,3052.8,16.96,0.09,"MSD, Haarlem, NL",True,80.5,0.0,6.58
4242,40950,105-GY-T30,FPQ-14048,SCMS-235780,ASN-28234,Guyana,PMO - US,Direct Drop,FCA,Air,2014-04-09,2014-08-26,2014-11-05,2014-11-05,2014-11-11,ARV,Pediatric,ABBVIE LOGISTICS (FORMERLY ABBOTT LOGISTICS BV),"Lopinavir/Ritonavir 80/20mg/ml [Kaletra], oral solution, cool, Bottle 5 x 60 ml",Lopinavir/Ritonavir,Kaletra,80/20mg/ml,Oral solution,300,12,729.84,60.82,0.2,ABBVIE (Abbott) Logis. UK,True,39.0,790.71,0.75
4243,40963,133-NG-T30,FPQ-14995,SCMS-260700,ASN-29934,Nigeria,PMO - US,Direct Drop,EXW,Air,2014-09-22,2014-10-29,2015-01-19,2015-01-16,2015-01-22,HRDT,HIV test,"Orgenics, Ltd","HIV 1/2, Determine Complete HIV Kit, 100 Tests","HIV 1/2, Determine Complete HIV Kit",Determine,no_dosage,Test kit,100,6170,549130.0,89.0,0.89,"Alere Medical Co., Ltd.",True,2498.0,30648.28,564.51
4244,41011,116-ZA-T30,FPQ-12522,SCMS-199289,ASN-28037,South Africa,PMO - US,Direct Drop,DDP,Truck,2013-07-11,2014-08-29,2014-08-29,2014-08-29,2014-08-29,ARV,Pediatric,S. BUYS WHOLESALER,"Abacavir 20mg/ml, oral solution w/syringe, Bottle, 240 ml",Abacavir,Generic,20mg/ml,Oral solution,240,143,3866.47,27.04,0.11,"Aurobindo Unit III, India",False,14.0,0.0,4.78
4245,41022,161-ZA-T30,FPQ-6262,SCMS-83790,ASN-9199,South Africa,PMO - US,Direct Drop,DDP,Ocean,2010-08-31,2010-09-24,2011-01-31,2011-01-31,2011-01-31,ARV,Adult,Aurobindo Pharma Limited,"Lamivudine 150mg, tablets, 60 Tabs",Lamivudine,Generic,150mg,Tablet,60,236129,559625.73,2.37,0.04,"Aurobindo Unit III, India",True,11917.0,17266.6,1206.55
4246,41032,116-ZA-T30,FPQ-13973,SCMS-238554,ASN-28627,South Africa,PMO - US,Direct Drop,DDP,Truck,2014-04-30,2014-10-03,2014-10-03,2014-10-03,2014-10-03,ARV,Adult,PHARMACY DIRECT,"Efavirenz 600mg, tablets, 30 Tabs",Efavirenz,Generic,600mg,Tablet,30,51,795.4,15.6,0.52,"Aurobindo Unit III, India",False,52.5,0.0,0.82
4247,41042,108-VN-T30,FPQ-9001,SCMS-131650,ASN-14875,Vietnam,PMO - US,Direct Drop,EXW,Air,2011-12-15,2012-01-18,2012-06-05,2012-06-05,2012-06-05,ARV,Pediatric,Aurobindo Pharma Limited,"Zidovudine 10mg/ml, oral solution w/syringe, Bottle, 240 ml",Zidovudine,Generic,10mg/ml,Oral solution,240,500,1050.0,2.1,0.01,"Aurobindo Unit III, India",False,83.0,4400.805,1.47
4248,41045,107-RW-T30,FPQ-3859,SCMS-49080,ASN-5589,Rwanda,PMO - US,Direct Drop,CIP,Air,2009-06-30,2009-07-16,2009-12-15,2009-12-15,2009-12-15,ARV,Adult,HETERO LABS LIMITED,"Nevirapine 200mg, tablets, 60 Tabs",Nevirapine,Generic,200mg,Tablet,60,34500,106605.0,3.09,0.05,Hetero Unit III Hyderabad IN,True,2044.0,10883.65,208.95
4249,41056,116-ZA-T30,FPQ-13214,SCMS-215410,ASN-23875,South Africa,PMO - US,Direct Drop,DDP,Truck,2013-11-14,2013-12-02,2014-01-13,2014-01-13,2014-01-13,ARV,Pediatric,S. BUYS WHOLESALER,"Lopinavir/Ritonavir 100/25mg [Aluvia], tablets, 60 Tabs",Lopinavir/Ritonavir,Generic,100/25mg,Tablet,60,8,46.26,5.78,0.1,ABBVIE Ludwigshafen Germany,False,48.0,0.0,0.05
4250,41062,101-CD-T30,FPQ-12093,SCMS-189050,ASN-21267,"Congo, DRC",PMO - US,Direct Drop,FCA,Air,2013-04-23,2013-05-23,2014-01-15,2014-01-15,2014-02-04,ARV,Pediatric,ABBVIE LOGISTICS (FORMERLY ABBOTT LOGISTICS BV),"Lopinavir/Ritonavir 100/25mg [Aluvia], tablets, 60 Tabs",Lopinavir/Ritonavir,Generic,100/25mg,Tablet,60,304,1805.76,5.94,0.1,ABBVIE Ludwigshafen Germany,True,43.0,453.31,2.23
4251,41092,104-CI-T30,FPQ-9756,SCMS-147690,ASN-17354,Côte d'Ivoire,PMO - US,Direct Drop,EXW,Air,2012-04-23,2012-06-06,2012-12-31,2012-12-31,2012-12-31,ARV,Pediatric,Aurobindo Pharma Limited,"Abacavir/Lamivudine 60/30mg, tablets, 60 Tabs",Abacavir/Lamivudine,Generic,60/30mg,Tablet - FDC,60,7228,33248.8,4.6,0.08,"Aurobindo Unit III, India",True,338.0,3845.67,46.61
4252,41096,101-CD-T30,FPQ-11103,SCMS-170580,ASN-18712,"Congo, DRC",PMO - US,Direct Drop,EXW,Air,2012-12-07,2013-01-03,2013-07-11,2013-07-19,2013-07-19,ARV,Pediatric,Aurobindo Pharma Limited,"Nevirapine 50mg, dispersible tablets (tablets for oral suspension), 30 Tabs",Nevirapine,Generic,50mg,Chewable/dispersible tablet,30,492,615.0,1.25,0.04,"Aurobindo Unit III, India",True,27.0,938.06,0.76
4253,41099,161-ZA-T30,FPQ-5303,SCMS-68740,ASN-8174,South Africa,PMO - US,Direct Drop,DDP,Air,2010-03-18,2010-03-19,2010-09-01,2010-10-11,2010-10-11,ARV,Adult,CIPLA LIMITED,"Tenofovir Disoproxil Fumarate 300mg, tablets, 30 Tabs",Tenofovir Disoproxil Fumarate,Generic,300mg,Tablet,30,83238,650921.16,7.82,0.26,"Cipla, Goa, India",True,5663.0,5298.02,1403.39
4254,41132,116-ZA-T30,FPQ-12523,SCMS-199316,ASN-27044,South Africa,PMO - US,Direct Drop,DDP,Truck,2013-07-12,2014-07-04,2014-07-04,2014-07-04,2014-07-04,ARV,Adult,S. BUYS WHOLESALER,"Ritonavir 100mg [Norvir], capsules, cool, 84 Caps",Ritonavir,Norvir,100mg,Capsule,84,3,19.05,6.35,0.08,ABBVIE (Abbott) Logis. UK,True,1.0,0.0,0.02
4255,41146,113-ZW-T30,FPQ-3998,SCMS-49710,ASN-4729,Zimbabwe,PMO - US,Direct Drop,EXW,Air,2009-07-14,2009-07-21,2009-09-01,2009-09-01,2009-09-01,HRDT,HIV test,"Standard Diagnostics, Inc.","HIV 1/2, Bioline 3.0 Kit, Lancets, Capillary pipets, Alcohol swabs included, 25 Tests","HIV 1/2, Bioline 3.0 Kit, Lancets, Capillary pipets, Alcohol swabs included",Bioline,no_dosage,Test kit,25,2000,40000.0,20.0,0.8,"Standard Diagnostics, Korea",True,624.0,4756.06,78.4
4256,41162,133-NG-T30,FPQ-7553,SCMS-108710,ASN-11147,Nigeria,PMO - US,Direct Drop,EXW,Air,2011-04-28,2011-05-18,2011-06-28,2011-06-28,2011-06-28,HRDT,HIV test,"CHEMBIO DIAGNOSTIC SYSTEMS, INC.","HIV 1/2, Stat-Pak HIV, Kit, 20 Tests","HIV 1/2, Stat-Pak HIV, Kit",Stat-Pak,no_dosage,Test kit,20,1286,37294.0,29.0,1.45,Chembio Diagnostics Sys. Inc.,True,482.0,2386.35,61.54
4257,41184,161-ZA-T30,FPQ-5648,SCMS-75510,ASN-8495,South Africa,PMO - US,Direct Drop,DDP,Air,2010-06-02,2010-06-17,2010-11-25,2010-12-08,2010-12-08,ARV,Adult,Aurobindo Pharma Limited,"Tenofovir Disoproxil Fumarate 300mg, tablets, 30 Tabs",Tenofovir Disoproxil Fumarate,Generic,300mg,Tablet,30,59681,412395.71,6.91,0.23,"Aurobindo Unit III, India",True,5200.0,5953.37,889.13
4258,41201,116-ZA-T30,FPQ-3596,SCMS-50362,ASN-5862,South Africa,PMO - US,Direct Drop,DDP,Truck,2009-05-07,2009-09-22,2009-12-08,2009-12-08,2009-12-08,ARV,Adult,S. BUYS WHOLESALER,"Lamivudine 150mg, tablets, 60 Tabs",Lamivudine,Generic,150mg,Tablet,60,46,470.75,10.23,0.17,"Aurobindo Unit III, India",True,3.0,0.0,0.92
4259,41214,109-TZ-T30,FPQ-12540,SCMS-198800,ASN-21501,Tanzania,PMO - US,Direct Drop,EXW,Air,2013-07-03,2013-07-16,2013-10-04,2013-10-04,2013-10-04,ARV,Adult,MYLAN LABORATORIES LTD (FORMERLY MATRIX LABORATORIES),"Efavirenz/Emtricitabine/Tenofovir Disoproxil Fumarate 600/200/300mg, tablets, 30 Tabs",Efavirenz/Emtricitabine/Tenofovir Disoproxil Fumarate,Generic,600/200/300mg,Tablet - FDC,30,216755,2653081.2,12.24,0.41,Mylan (formerly Matrix) Nashik,True,28678.0,118541.26,3281.86
4260,41222,102-KE-T30,FPQ-8446,SCMS-124900,ASN-13150,Kenya,PMO - US,Direct Drop,EXW,Air,2011-10-05,2011-10-26,2012-01-17,2012-01-17,2012-01-17,HRDT,HIV test,"Orgenics, Ltd","HIV 1/2, Determine Complete HIV Kit, 100 Tests","HIV 1/2, Determine Complete HIV Kit",Determine,no_dosage,Test kit,100,6100,542900.0,89.0,0.89,"Alere Medical Co., Ltd.",True,3497.0,40917.19,895.78
4261,41232,106-HT-T30,FPQ-14083,SCMS-240170,ASN-27004,Haiti,PMO - US,Direct Drop,EXW,Air,2014-05-11,2014-06-02,2014-08-25,2014-08-25,2014-08-28,ARV,Adult,HETERO LABS LIMITED,"Nevirapine 200mg, tablets, 60 Tabs",Nevirapine,Generic,200mg,Tablet,60,10050,21909.0,2.18,0.04,Hetero Unit III Hyderabad IN,True,659.0,5586.53,22.52
4262,41238,101-AF-T30,FPQ-15746,SCMS-275090,ASN-30861,Afghanistan,PMO - US,Direct Drop,EXW,Air,2015-01-20,2015-02-09,2015-07-12,2015-07-12,2015-07-13,ANTM,Malaria,IMRES B.V.,"Quinine 600mg/2ml (as dihydrochloride), injection, 2ml x 100 Ampules",Quinine (as dihydrochloride),Generic,600mg/2ml,Injection,100,32,800.0,25.0,0.25,"Gland Pharma, Hyderabad, IN",True,68.0,555.49,0.94
4263,41260,108-VN-T30,FPQ-15040,SCMS-263650,ASN-30553,Vietnam,PMO - US,Direct Drop,EXW,Air,2014-10-30,2014-12-08,2015-03-23,2015-03-23,2015-03-23,ARV,Adult,MYLAN LABORATORIES LTD (FORMERLY MATRIX LABORATORIES),"Efavirenz/Lamivudine/Tenofovir Disoproxil Fumarate 600/300/300mg, tablets, 30 Tabs",Efavirenz/Lamivudine/Tenofovir Disoproxil Fumarate,Generic,600/300/300mg,Tablet - FDC,30,21384,217047.6,10.15,0.34,Mylan (formerly Matrix) Nashik,True,2406.0,4219.32,223.12
4264,41279,116-ZA-T30,FPQ-14942,SCMS-259079,ASN-33854,South Africa,PMO - US,Direct Drop,DDP,Truck,2014-09-11,2014-10-09,2015-08-24,2015-08-24,2015-08-24,ARV,Pediatric,PHARMACY DIRECT,"Atazanavir 150mg [Reyataz], capsules, 60 Caps",Atazanavir,Reyataz,150mg,Capsule,60,3,47.7,15.9,0.26,"BMS Evansville, US",False,1.0,0.0,0.05
4265,41282,114-UG-T30,FPQ-12273,SCMS-198551,ASN-21866,Uganda,PMO - US,Direct Drop,EXW,Air,2013-07-08,2013-08-05,2013-11-07,2013-11-07,2013-11-08,HRDT,HIV test,BIO-RAD LABORATORIES (FRANCE),"HIV, Multispot HIV-1/HIV-2 Rapid Test Kit, 50 Tests","HIV, Multispot HIV-1/HIV-2 Rapid Test Kit",Multispot,no_dosage,Test kit,50,31,38750.0,1250.0,25.0,Bio-Rad Laboratories,True,43.0,1324.43,47.93
4266,41288,116-ZA-T30,FPQ-7176,SCMS-104430,ASN-11056,South Africa,PMO - US,Direct Drop,DDP,Ocean,2011-03-10,2011-04-01,2011-09-02,2011-09-02,2011-09-02,ARV,Adult,STRIDES ARCOLAB LIMITED,"Lamivudine 150mg, tablets, 60 Tabs",Lamivudine,Generic,150mg,Tablet,60,75000,182250.0,2.43,0.04,"Strides, Bangalore, India.",True,3347.0,7414.66,300.71
4267,41298,111-MZ-T30,FPQ-15276,SCMS-263010,ASN-31456,Mozambique,PMO - US,Direct Drop,FCA,Air,2014-10-28,2014-11-07,2015-05-06,2015-05-06,2015-06-11,ARV,Adult,ABBVIE LOGISTICS (FORMERLY ABBOTT LOGISTICS BV),"Ritonavir 100mg [Norvir], film coated tablets, 60 Tabs",Ritonavir,Norvir,100mg,Tablet,60,120,822.0,6.85,0.11,ABBVIE Ludwigshafen Germany,True,22.0,3247.5699999999997,0.97
4268,41301,116-ZA-T30,FPQ-14942,SCMS-259073,ASN-30673,South Africa,PMO - US,Direct Drop,DDP,Truck,2014-09-11,2015-02-12,2015-02-12,2015-02-12,2015-02-12,ARV,Adult,PHARMACY DIRECT,"Etravirine 100mg [Intelence], tablets, 120 Tabs",Etravirine,Intelence,100mg,Tablet,120,2,51.19,25.6,0.21,"Janssen-Cilag, Latina, IT",True,1.0,0.0,0.05
4269,41302,106-HT-T30,FPQ-14895,SCMS-258630,ASN-30066,Haiti,PMO - US,Direct Drop,EXW,Air,2014-09-24,2014-11-14,2015-03-11,2015-03-11,2015-03-16,ARV,Adult,MYLAN LABORATORIES LTD (FORMERLY MATRIX LABORATORIES),"Efavirenz/Lamivudine/Tenofovir Disoproxil Fumarate 600/300/300mg, tablets, 30 Tabs",Efavirenz/Lamivudine/Tenofovir Disoproxil Fumarate,Generic,600/300/300mg,Tablet - FDC,30,75000,768000.0,10.24,0.34,Mylan (formerly Matrix) Nashik,True,9057.0,55886.43,789.5
4270,41304,103-ZW-T30,FPQ-15220,SCMS-261580,ASN-31449,Zimbabwe,PMO - US,Direct Drop,FCA,Air,2014-10-27,2014-10-30,2015-04-22,2015-04-22,2015-04-23,ARV,Pediatric,ABBVIE LOGISTICS (FORMERLY ABBOTT LOGISTICS BV),"Lopinavir/Ritonavir 100/25mg [Aluvia], tablets, 60 Tabs",Lopinavir/Ritonavir,Generic,100/25mg,Tablet,60,19922,118336.68,5.94,0.1,ABBVIE Ludwigshafen Germany,True,3991.0,34670.93,139.28
4271,41368,106-HT-T30,FPQ-4389,SCMS-58050,ASN-7024,Haiti,PMO - US,Direct Drop,FCA,Air,2009-11-03,2009-11-23,2010-06-29,2010-06-29,2010-06-29,ARV,Pediatric,ABBVIE LOGISTICS (FORMERLY ABBOTT LOGISTICS BV),"Lopinavir/Ritonavir 80/20mg/ml [Kaletra], oral solution, cool, Bottle 5 x 60 ml",Lopinavir/Ritonavir,Kaletra,80/20mg/ml,Oral solution,300,50,1808.0,36.16,0.12,ABBVIE (Abbott) Logis. UK,True,100.0,3806.01,3.9
4272,41381,106-HT-T30,FPQ-11442,SCMS-177180,ASN-18919,Haiti,PMO - US,Direct Drop,EXW,Ocean,2013-01-30,2013-03-11,2013-08-07,2013-08-07,2013-08-07,ARV,Adult,Aurobindo Pharma Limited,"Lamivudine 150mg, tablets, 60 Tabs",Lamivudine,Generic,150mg,Tablet,60,2430,5224.5,2.15,0.04,"Aurobindo Unit III, India",False,156.0,7785.125,6.46
4273,41399,106-HT-T30,FPQ-14895,SCMS-261050,ASN-30327,Haiti,PMO - US,Direct Drop,EXW,Air,2014-09-24,2014-11-14,2015-02-24,2015-02-24,2015-02-24,ARV,Adult,HETERO LABS LIMITED,"Tenofovir Disoproxil Fumarate 300mg, tablets, 30 Tabs",Tenofovir Disoproxil Fumarate,Generic,300mg,Tablet,30,384,1363.2,3.55,0.12,Hetero Unit III Hyderabad IN,True,42.0,2391.08,1.4
4274,41414,116-ZA-T30,FPQ-12522,SCMS-199283,ASN-27976,South Africa,PMO - US,Direct Drop,DDP,Truck,2013-07-11,2014-08-27,2014-08-27,2014-08-27,2014-08-27,ARV,Adult,S. BUYS WHOLESALER,"Efavirenz 600mg, tablets, 30 Tabs",Efavirenz,Generic,600mg,Tablet,30,257,4298.6,16.73,0.56,Hetero Unit III Hyderabad IN,False,668.5,0.0,5.32
4275,41418,116-ZA-T30,FPQ-3596,SCMS-50370,ASN-5461,South Africa,PMO - US,Direct Drop,DDP,Truck,2009-05-07,2009-09-22,2009-10-28,2009-10-28,2009-10-28,ARV,Pediatric,S. BUYS WHOLESALER,"Stavudine 1mg/ml, powder for oral solution, 200 ml",Stavudine,Generic,1mg/ml,Oral solution,200,4500,12317.21,2.74,0.01,"Aurobindo Unit III, India",True,380.0,0.0,24.14
4276,41431,106-HT-T30,FPQ-14895,SCMS-261700,ASN-30811,Haiti,PMO - US,Direct Drop,EXW,Air,2014-09-24,2014-11-14,2015-03-26,2015-03-26,2015-03-30,ARV,Adult,HETERO LABS LIMITED,"Zidovudine 300mg, tablets, 60 Tabs",Zidovudine,Generic,300mg,Tablet,60,990,5445.0,5.5,0.09,Hetero Unit III Hyderabad IN,True,69.0,694.54,5.6
4277,41444,108-VN-T30,FPQ-6818,SCMS-97850,ASN-11024,Vietnam,PMO - US,Direct Drop,EXW,Air,2011-01-17,2011-02-15,2011-06-22,2011-06-22,2011-06-22,ARV,Adult,MYLAN LABORATORIES LTD (FORMERLY MATRIX LABORATORIES),"Lamivudine/Zidovudine 150/300mg, tablets, 60 Tabs",Lamivudine/Zidovudine,Generic,150/300mg,Tablet - FDC,60,5070,41827.5,8.25,0.14,Mylan (formerly Matrix) Nashik,False,668.5,4400.805,69.02
4278,41474,108-VN-T30,FPQ-9577,SCMS-145530,ASN-16123,Vietnam,PMO - US,Direct Drop,EXW,Air,2012-04-11,2012-06-12,2012-10-09,2012-10-09,2012-10-09,ARV,Adult,MYLAN LABORATORIES LTD (FORMERLY MATRIX LABORATORIES),"Abacavir 300mg, tablets, 60 Tabs",Abacavir,Generic,300mg,Tablet,60,169,2154.75,12.75,0.21,Mylan (formerly Matrix) Nashik,False,668.5,4400.805,3.02
4279,41500,116-ZA-T30,FPQ-5381,SCMS-69590,ASN-6724,South Africa,PMO - US,Direct Drop,DDP,Truck,2010-03-23,2010-03-25,2010-04-01,2010-04-01,2010-04-01,ARV,Adult,S. BUYS WHOLESALER,"Stavudine 30mg, capsules, 60 Caps",Stavudine,Generic,30mg,Capsule,60,1200,5558.6,4.63,0.08,"Aurobindo Unit III, India",False,128.0,0.0,11.98
4280,41568,108-VN-T30,FPQ-9576,SCMS-145290,ASN-15777,Vietnam,PMO - US,Direct Drop,EXW,Air,2012-04-11,2012-06-08,2012-08-23,2012-08-23,2012-08-23,ARV,Pediatric,Aurobindo Pharma Limited,"Zidovudine 10mg/ml, oral solution w/syringe, Bottle, 240 ml",Zidovudine,Generic,10mg/ml,Oral solution,240,150,315.0,2.1,0.01,"Aurobindo Unit III, India",True,58.0,755.03,0.44
4281,41578,103-ZW-T30,FPQ-9905,SCMS-148310,ASN-17808,Zimbabwe,PMO - US,Direct Drop,FCA,Air,2012-05-29,2012-07-18,2013-02-09,2013-02-09,2013-02-09,ARV,Pediatric,ABBVIE LOGISTICS (FORMERLY ABBOTT LOGISTICS BV),"Lopinavir/Ritonavir 80/20mg/ml [Kaletra], oral solution, cool, Bottle 5 x 60 ml",Lopinavir/Ritonavir,Kaletra,80/20mg/ml,Oral solution,300,1500,46230.0,30.82,0.1,ABBVIE (Abbott) Logis. UK,True,1374.0,15509.16,64.81
4282,41584,110-ZM-T30,FPQ-10531,SCMS-158520,ASN-16908,Zambia,PMO - US,Direct Drop,EXW,Air,2012-08-21,2012-09-05,2012-10-31,2012-11-07,2012-11-07,HRDT,HIV test,"Orgenics, Ltd","HIV 1/2, Determine Complete HIV Kit, 100 Tests","HIV 1/2, Determine Complete HIV Kit",Determine,no_dosage,Test kit,100,3000,240000.0,80.0,0.8,"Alere Medical Co., Ltd.",True,1428.0,25760.94,336.48
4283,41603,116-ZA-T30,FPQ-14942,SCMS-295800,ASN-33865,South Africa,PMO - US,Direct Drop,DDP,Truck,2014-09-11,2015-08-24,2015-08-24,2015-08-24,2015-08-24,ARV,Adult,PHARMACY DIRECT,"Efavirenz 600mg, tablets, 30 Tabs",Efavirenz,Generic,600mg,Tablet,30,39,471.65,12.09,0.4,"Aurobindo Unit III, India",False,668.5,0.0,0.48
4284,41623,161-ZA-T30,FPQ-6262,SCMS-83730,ASN-9947,South Africa,PMO - US,Direct Drop,DDP,Ocean,2010-08-31,2010-09-24,2011-04-26,2011-04-26,2011-04-26,ARV,Adult,Aurobindo Pharma Limited,"Efavirenz 600mg, tablets, 30 Tabs",Efavirenz,Generic,600mg,Tablet,30,100591,455677.23,4.53,0.15,"Aurobindo Unit III, India",True,8635.0,11203.79,982.44
4285,41640,105-SS-T30,FPQ-15569,SCMS-272150,ASN-31765,South Sudan,PMO - US,Direct Drop,EXW,Air,2014-12-29,2015-02-20,2015-07-25,2015-07-25,2015-07-29,HRDT,HIV test,"Trinity Biotech, Plc","HIV 1/2, Uni-Gold HIV Kit, 20 Tests","HIV 1/2, Uni-Gold HIV Kit",Uni-Gold,no_dosage,Test kit,20,450,14400.0,32.0,1.6,"Trinity Biotech, Plc",True,164.0,1871.07,16.95
4286,41694,106-HT-T30,FPQ-13494,SCMS-225414,ASN-30328,Haiti,PMO - US,Direct Drop,EXW,Air,2014-01-21,2014-02-19,2015-02-26,2015-02-26,2015-02-27,HRDT,HIV test,"Orgenics, Ltd","HIV 1/2, Determine Complete HIV Kit, 100 Tests","HIV 1/2, Determine Complete HIV Kit",Determine,no_dosage,Test kit,100,4500,450000.0,100.0,1.0,"Alere Medical Co., Ltd.",True,1825.0,15408.29,462.6
4287,41697,108-VN-T30,FPQ-10266,SCMS-153060,ASN-16145,Vietnam,PMO - US,Direct Drop,EXW,Air,2012-07-11,2012-07-12,2012-10-09,2012-10-09,2012-10-09,ARV,Adult,HETERO LABS LIMITED,"Nevirapine 200mg, tablets, 60 Tabs",Nevirapine,Generic,200mg,Tablet,60,6414,14944.62,2.33,0.04,Hetero Unit III Hyderabad IN,True,425.0,1032.12,20.95
4288,41723,114-UG-T30,FPQ-13696,SCMS-231520,ASN-25625,Uganda,PMO - US,Direct Drop,FCA,Air,2014-02-19,2014-03-21,2014-04-25,2014-04-25,2014-04-28,ARV,Pediatric,ABBVIE LOGISTICS (FORMERLY ABBOTT LOGISTICS BV),"Lopinavir/Ritonavir 100/25mg [Aluvia], tablets, 60 Tabs",Lopinavir/Ritonavir,Generic,100/25mg,Tablet,60,1000,5940.0,5.94,0.1,ABBVIE Ludwigshafen Germany,True,116.0,1105.6,6.11
4289,41780,161-ZA-T30,FPQ-6708,SCMS-93530,ASN-9845,South Africa,PMO - US,Direct Drop,DDP,Ocean,2010-11-26,2010-12-14,2011-04-07,2011-04-07,2011-04-07,ARV,Adult,Aurobindo Pharma Limited,"Tenofovir Disoproxil Fumarate 300mg, tablets, 30 Tabs",Tenofovir Disoproxil Fumarate,Generic,300mg,Tablet,30,120000,798000.0,6.65,0.22,"Aurobindo Unit III, India",True,11201.0,13084.26,1316.7
4290,41784,116-ZA-T30,FPQ-11828,SCMS-183950,ASN-19166,South Africa,South Africa Field Office,Direct Drop,DDP,Truck,2013-03-18,2012-10-16,2013-04-16,2013-04-16,2013-04-16,ARV,Adult,S. BUYS WHOLESALER,"Lamivudine/Zidovudine 150/300mg [Combivir], tablets, 60 Tabs",Lamivudine/Zidovudine,Combivir,150/300mg,Tablet - FDC,60,7,117.6,16.8,0.28,"GSK, U1, Poznan, Poland",False,668.5,0.0,0.15
4291,41791,105-GH-T30,FPQ-13809,SCMS-234060,ASN-25862,Ghana,PMO - US,Direct Drop,EXW,Air,2014-03-07,2014-04-15,2014-06-17,2014-06-17,2014-06-24,ARV,Adult,CIPLA LIMITED,"Efavirenz/Emtricitabine/Tenofovir Disoproxil Fumarate 600/200/300mg, tablets, 30 Tabs",Efavirenz/Emtricitabine/Tenofovir Disoproxil Fumarate,Generic,600/200/300mg,Tablet - FDC,30,24917,284053.8,11.4,0.38,"Cipla, Goa, India",True,3227.0,20654.13,292.01
4292,41798,161-ZA-T30,FPQ-6262,SCMS-83790,ASN-9195,South Africa,PMO - US,Direct Drop,DDP,Ocean,2010-08-31,2010-09-24,2011-01-31,2011-02-01,2011-02-01,ARV,Adult,Aurobindo Pharma Limited,"Lamivudine 150mg, tablets, 60 Tabs",Lamivudine,Generic,150mg,Tablet,60,17013,40320.81,2.37,0.04,"Aurobindo Unit III, India",False,668.5,7526.14,86.93
4293,41838,900-UG-T30,FPQ-10089,SCMS-149410,ASN-15468,Uganda,PMO - US,Direct Drop,EXW,Air,2012-06-07,2012-06-12,2012-07-27,2012-07-27,2012-07-27,ARV,Adult,HETERO LABS LIMITED,"Nevirapine 200mg, tablets, 60 Tabs",Nevirapine,Generic,200mg,Tablet,60,61290,143418.6,2.34,0.04,Hetero Unit III Hyderabad IN,True,3528.0,16938.13,201.07
4294,41841,116-ZA-T30,FPQ-13035,SCMS-215370,ASN-24415,South Africa,PMO - US,Direct Drop,DDP,Truck,2013-10-08,2013-12-02,2014-02-06,2014-02-06,2014-02-06,ARV,Adult,S. BUYS WHOLESALER,"Abacavir 300mg, tablets, 60 Tabs",Abacavir,Generic,300mg,Tablet,60,53,3422.75,64.58,1.08,"Cipla, Patalganga, India",False,368.0,0.0,4.23
4295,41852,116-ZA-T30,FPQ-14942,SCMS-259073,ASN-30671,South Africa,PMO - US,Direct Drop,DDP,Truck,2014-09-11,2015-02-12,2015-02-12,2015-02-12,2015-02-12,ARV,Pediatric,PHARMACY DIRECT,"Lamivudine 10mg/ml, oral solution, Bottle, 240 ml",Lamivudine,Generic,10mg/ml,Oral solution,240,7,36.18,5.17,0.02,"Aurobindo Unit III, India",False,668.5,0.0,0.04
4296,41875,116-ZA-T30,FPQ-13214,SCMS-215410,ASN-23875,South Africa,PMO - US,Direct Drop,DDP,Truck,2013-11-14,2013-12-02,2014-01-13,2014-01-13,2014-01-13,ARV,Adult,S. BUYS WHOLESALER,"Didanosine 400mg, delayed-release capsules, 30 Caps",Didanosine,Generic,400mg,Delayed-release capsules,30,26,506.63,19.49,0.65,"Aurobindo Unit III, India",False,33051.0,0.0,0.52
4297,41878,127-KE-T30,FPQ-7684,SCMS-109250,ASN-11401,Kenya,PMO - US,Direct Drop,EXW,Air,2011-05-05,2011-05-19,2011-08-09,2011-08-09,2011-08-09,HRDT,HIV test,"Orgenics, Ltd","HIV 1/2, Determine Complete HIV Kit, 100 Tests","HIV 1/2, Determine Complete HIV Kit",Determine,no_dosage,Test kit,100,7263,646407.0,89.0,0.89,Inverness Japan,True,2069.0,14307.97,1066.57
4298,41892,108-VN-T30,FPQ-12051,SCMS-188710,ASN-21667,Vietnam,PMO - US,Direct Drop,EXW,Air,2013-05-03,2013-05-15,2013-09-28,2013-09-28,2013-09-28,ARV,Adult,HETERO LABS LIMITED,"Zidovudine 300mg, tablets, 60 Tabs",Zidovudine,Generic,300mg,Tablet,60,497,2857.75,5.75,0.1,Hetero Unit III Hyderabad IN,True,117.0,658.27,3.54
4299,41902,108-VN-T30,FPQ-12539,SCMS-199850,ASN-23208,Vietnam,PMO - US,Direct Drop,EXW,Air,2013-07-11,2013-07-25,2014-01-07,2014-01-07,2014-01-07,ARV,Adult,HETERO LABS LIMITED,"Tenofovir Disoproxil Fumarate 300mg, tablets, 30 Tabs",Tenofovir Disoproxil Fumarate,Generic,300mg,Tablet,30,13307,47239.85,3.55,0.12,Hetero Unit III Hyderabad IN,True,1018.0,1681.58,58.44
4300,41905,114-UG-T30,FPQ-15303,SCMS-264930,ASN-31155,Uganda,PMO - US,Direct Drop,EXW,Air,2014-11-11,2014-11-25,2015-04-08,2015-04-08,2015-04-08,ARV,Pediatric,Aurobindo Pharma Limited,"Lopinavir/Ritonavir 100/25mg, tablets, 60 Tabs",Lopinavir/Ritonavir,Generic,100/25mg,Tablet,60,2335,18773.4,8.04,0.13,"Aurobindo Unit III, India",True,237.0,1488.99,22.1
4301,41910,102-BI-T30,FPQ-13443,SCMS-223470,ASN-24712,Burundi,PMO - US,Direct Drop,EXW,Air,2014-01-06,2014-02-03,2014-03-24,2014-03-24,2014-03-24,HRDT,HIV test,"Orgenics, Ltd","HIV 1/2, Determine Complete HIV Kit, 100 Tests","HIV 1/2, Determine Complete HIV Kit",Determine,no_dosage,Test kit,100,675,54000.0,80.0,0.8,"Alere Medical Co., Ltd.",True,278.0,5626.76,55.51
4302,41916,161-ZA-T30,FPQ-7175,SCMS-103510,ASN-11888,South Africa,PMO - US,Direct Drop,DDP,Ocean,2011-03-10,2011-03-24,2011-10-10,2011-10-10,2011-10-10,ARV,Adult,Aurobindo Pharma Limited,"Efavirenz 600mg, tablets, 30 Tabs",Efavirenz,Generic,600mg,Tablet,30,48866,220385.66,4.51,0.15,"Aurobindo Unit III, India",True,4154.0,9951.37,363.64
4303,41934,102-BI-T30,FPQ-13443,SCMS-223471,ASN-25595,Burundi,PMO - US,Direct Drop,EXW,Air,2014-01-06,2014-02-03,2014-05-09,2014-05-09,2014-05-09,HRDT,HIV test,"Orgenics, Ltd","HIV 1/2, Determine Complete HIV Kit, 100 Tests","HIV 1/2, Determine Complete HIV Kit",Determine,no_dosage,Test kit,100,1128,90240.0,80.0,0.8,"Alere Medical Co., Ltd.",True,462.0,12205.04,92.77
4304,41943,108-VN-T30,FPQ-15692,SCMS-274370,ASN-32262,Vietnam,PMO - US,Direct Drop,EXW,Air,2015-01-28,2015-02-17,2015-07-13,2015-07-13,2015-07-14,ARV,Adult,HETERO LABS LIMITED,"Efavirenz/Lamivudine/Tenofovir Disoproxil Fumarate 600/300/300mg, tablets, 30 Tabs",Efavirenz/Lamivudine/Tenofovir Disoproxil Fumarate,Generic,600/300/300mg,Tablet - FDC,30,9600,96000.0,10.0,0.33,Hetero Unit III Hyderabad IN,True,920.0,4400.805,112.99
4305,41953,108-VN-T30,FPQ-7427,SCMS-105520,ASN-12083,Vietnam,PMO - US,Direct Drop,EXW,Air,2011-03-31,2011-04-14,2011-10-19,2011-10-19,2011-10-19,ARV,Adult,HETERO LABS LIMITED,"Stavudine 30mg, capsules, 60 Caps",Stavudine,Generic,30mg,Capsule,60,40000,58000.0,1.45,0.02,Hetero Unit III Hyderabad IN,True,2343.0,12751.68,95.7
4306,41957,116-ZA-T30,FPQ-14942,SCMS-259075,ASN-32137,South Africa,PMO - US,Direct Drop,DDP,Truck,2014-09-11,2015-05-11,2015-05-12,2015-05-12,2015-05-12,ARV,Adult,PHARMACY DIRECT,"Etravirine 100mg [Intelence], tablets, 120 Tabs",Etravirine,Intelence,100mg,Tablet,120,2,51.19,25.6,0.21,"Janssen-Cilag, Latina, IT",True,1.0,0.0,0.05
4307,41992,133-NG-T30,FPQ-15504,SCMS-270771,ASN-32757,Nigeria,PMO - US,Direct Drop,EXW,Air,2014-12-08,2015-03-13,2015-06-30,2015-07-06,2015-07-08,HRDT,HIV test,"Orgenics, Ltd","HIV 1/2, Determine Complete HIV Kit, 100 Tests","HIV 1/2, Determine Complete HIV Kit",Determine,no_dosage,Test kit,100,4697,418033.0,89.0,0.89,"Alere Medical Co., Ltd.",True,394.0,10144.765,492.02
4308,42000,101-KE-T30,FPQ-11883,SCMS-184980,ASN-20969,Kenya,PMO - US,Direct Drop,EXW,Air,2013-03-25,2013-06-10,2013-08-24,2013-08-24,2013-08-24,HRDT,HIV test,"SHANGHAI KEHUA BIOENGINEERING CO.,LTD.  (KHB)","HIV 1/2, SKB Colloidal Gold, Diagnostic Kit Set, (includes lancet, transfer pipette & alcohol prep pad), 50 Tests","HIV 1/2, Colloidal Gold, Diagnostic Kit Set (includes lancet, transfer pipette & alcohol prep pad)",Colloidal Gold,no_dosage,Test kit,1,20000,600000.0,30.0,30.0,"KHB Test Kit Facility, Shanghai China",True,18580.0,241407.27,742.2
4309,42030,105-SS-T30,FPQ-15569,SCMS-272140,ASN-31129,South Sudan,PMO - US,Direct Drop,EXW,Air,2014-12-29,2015-02-20,2015-05-08,2015-05-08,2015-05-11,HRDT,HIV test,"Trinity Biotech, Plc","HIV 1/2, Uni-Gold HIV Kit, 20 Tests","HIV 1/2, Uni-Gold HIV Kit",Uni-Gold,no_dosage,Test kit,20,18,576.0,32.0,1.6,"Trinity Biotech, Plc",False,98.5,2575.925,0.68
4310,42038,102-KE-T30,FPQ-4587,SCMS-58380,ASN-5898,Kenya,PMO - US,Direct Drop,EXW,Air,2009-11-18,2009-12-02,2010-02-16,2010-02-19,2010-02-19,HRDT,HIV test,"Orgenics, Ltd","HIV 1/2, Determine Complete HIV Kit, 100 Tests","HIV 1/2, Determine Complete HIV Kit",Determine,no_dosage,Test kit,100,7888,631040.0,80.0,0.8,Inverness Japan,True,1357.0,12965.93,1360.52
4311,42061,116-ZA-T30,FPQ-14942,SCMS-259079,ASN-33851,South Africa,PMO - US,Direct Drop,DDP,Truck,2014-09-11,2014-10-09,2015-08-24,2015-08-24,2015-08-24,ARV,Adult,PHARMACY DIRECT,"Abacavir 300mg, tablets, 60 Tabs",Abacavir,Generic,300mg,Tablet,60,88,4713.55,53.56,0.89,"Aurobindo Unit III, India",False,52.5,0.0,4.85
4312,42073,A01-BF-T50,FPQ-15908,SCMS-285180,ASN-32998,Burkina Faso,PMO - US,Direct Drop,EXW,Air,2015-02-19,2015-04-22,2015-07-11,2015-07-11,2015-07-20,ARV,Adult,HETERO LABS LIMITED,"Lamivudine 300mg, tablets, 30 Tabs",Lamivudine,Generic,300mg,Tablet,30,140,280.0,2.0,0.07,Hetero Unit III Hyderabad IN,True,17.0,3790.6549999999997,0.33
4313,42094,116-ZA-T30,FPQ-13035,SCMS-215370,ASN-24415,South Africa,PMO - US,Direct Drop,DDP,Truck,2013-10-08,2013-12-02,2014-02-06,2014-02-06,2014-02-06,ARV,Adult,S. BUYS WHOLESALER,"Stavudine 30mg, capsules, 60 Caps",Stavudine,Generic,30mg,Capsule,60,1022,3808.14,3.73,0.06,"Aurobindo Unit III, India",False,668.5,0.0,4.71
4314,42116,116-ZA-T30,FPQ-4359,SCMS-54970,ASN-5473,South Africa,PMO - US,Direct Drop,DDP,Truck,2009-10-08,2009-10-15,2009-10-27,2009-10-27,2009-10-27,ARV,Pediatric,S. BUYS WHOLESALER,"Efavirenz 50mg, capsule, 30 Caps",Efavirenz,Generic,50mg,Capsule,30,500,2112.45,4.22,0.14,"Aurobindo Unit III, India",True,83.0,0.0,4.14
4315,42125,108-VN-T30,FPQ-6384,SCMS-87730,ASN-9118,Vietnam,PMO - US,Direct Drop,EXW,Air,2010-09-30,2010-10-15,2010-12-22,2010-12-22,2010-12-22,ARV,Adult,STRIDES ARCOLAB LIMITED,"Lamivudine 150mg, tablets, 60 Tabs",Lamivudine,Generic,150mg,Tablet,60,15153,35609.55,2.35,0.04,"Strides, Bangalore, India.",True,3595.0,12632.99,76.77
4316,42138,108-VN-T30,FPQ-10287,SCMS-156281,ASN-17806,Vietnam,PMO - US,Direct Drop,EXW,Air,2012-07-25,2012-08-14,2013-02-02,2013-02-02,2013-02-02,ARV,Pediatric,MYLAN LABORATORIES LTD (FORMERLY MATRIX LABORATORIES),"Lamivudine/Nevirapine/Zidovudine 30/50/60mg, dispersible tablets, 60 Tabs",Lamivudine/Nevirapine/Zidovudine,Generic,30/50/60mg,Chewable/dispersible tablet - FDC,60,12492,51841.8,4.15,0.07,Mylan (formerly Matrix) Nashik,False,668.5,4400.805,72.68
4317,42140,101-CD-T30,FPQ-14654,SCMS-253260,ASN-28279,"Congo, DRC",PMO - US,Direct Drop,EXW,Air,2014-08-11,2014-08-27,2014-11-04,2014-11-04,2014-11-20,HRDT,HIV test,"Trinity Biotech, Plc","HIV 1/2, Uni-Gold HIV Kit, 20 Tests","HIV 1/2, Uni-Gold HIV Kit",Uni-Gold,no_dosage,Test kit,20,39,1248.0,32.0,1.6,"Trinity Biotech, Plc",False,15.0,2346.5699999999997,1.28
4318,42156,106-HT-T30,FPQ-15038,SCMS-263000,ASN-30566,Haiti,PMO - US,Direct Drop,EXW,Ocean,2014-10-22,2014-12-24,2015-04-20,2015-04-20,2015-04-28,ARV,Adult,HETERO LABS LIMITED,"Lamivudine/Tenofovir Disoproxil Fumarate 300/300mg, tablets, 30 Tabs",Lamivudine/Tenofovir Disoproxil Fumarate,Generic,300/300mg,Tablet - FDC,30,18273,84421.26,4.62,0.15,Hetero Unit III Hyderabad IN,True,2001.0,7842.4,86.79
4319,42159,114-UG-T30,FPQ-13600,SCMS-225710,ASN-27170,Uganda,PMO - US,Direct Drop,CIP,Air,2014-01-28,2014-02-04,2014-07-30,2014-07-30,2014-08-06,ARV,Adult,MERCK SHARP & DOHME IDEA GMBH (FORMALLY MERCK SHARP & DOHME B.V.),"Raltegravir 400mg [Isentress], tablets, 60 Tabs",Raltegravir,Isentress,400mg,Tablet,60,1300,72150.0,55.5,0.92,"MSD, Haarlem, NL",True,115.0,0.0,74.17
4320,42179,116-ZA-T30,FPQ-12522,SCMS-199283,ASN-27980,South Africa,PMO - US,Direct Drop,DDP,Truck,2013-07-11,2014-08-27,2014-08-27,2014-08-27,2014-08-27,ARV,Adult,S. BUYS WHOLESALER,"Nevirapine 200mg, tablets, 60 Tabs",Nevirapine,Generic,200mg,Tablet,60,22,433.8,19.72,0.33,"Aurobindo Unit III, India",False,668.5,0.0,0.54
4321,42186,116-ZA-T30,FPQ-13973,SCMS-238550,ASN-30792,South Africa,PMO - US,Direct Drop,DDP,Truck,2014-04-30,2014-05-08,2015-02-19,2015-02-19,2015-02-19,ARV,Pediatric,PHARMACY DIRECT,"Lamivudine 10mg/ml, oral solution, Bottle, 240 ml",Lamivudine,Generic,10mg/ml,Oral solution,240,3,21.46,7.15,0.03,"Aurobindo Unit III, India",False,1.0,0.0,0.02
4322,42187,161-ZA-T30,FPQ-5303,SCMS-68950,ASN-7079,South Africa,PMO - US,Direct Drop,DDP,Air,2010-03-18,2010-03-19,2010-06-09,2010-06-11,2010-06-11,ARV,Adult,Aurobindo Pharma Limited,"Nevirapine 200mg, tablets, 60 Tabs",Nevirapine,Generic,200mg,Tablet,60,40751,118992.92,2.92,0.05,"Aurobindo Unit III, India",True,4806.0,6369.79,256.55
4323,42190,108-VN-T30,FPQ-16194,SCMS-285490,ASN-33143,Vietnam,PMO - US,Direct Drop,EXW,Air,2015-04-14,2015-05-13,2015-09-07,2015-09-07,2015-09-07,ARV,Adult,HETERO LABS LIMITED,"Lamivudine 150mg, tablets, 60 Tabs",Lamivudine,Generic,150mg,Tablet,60,5300,9540.0,1.8,0.03,Hetero Unit III Hyderabad IN,True,2922.0,4400.805,11.23
4324,42195,116-ZA-T30,FPQ-11828,SCMS-183950,ASN-19166,South Africa,South Africa Field Office,Direct Drop,DDP,Truck,2013-03-18,2012-10-16,2013-04-16,2013-04-16,2013-04-16,ARV,Adult,S. BUYS WHOLESALER,"Tenofovir Disoproxil Fumarate 300mg, tablets, 30 Tabs",Tenofovir Disoproxil Fumarate,Generic,300mg,Tablet,30,6304,129614.89,20.56,0.69,"Cipla, Goa, India",False,668.5,0.0,160.33
4325,42215,105-SS-T30,FPQ-15569,SCMS-272170,ASN-32107,South Sudan,PMO - US,Direct Drop,EXW,Air,2014-12-29,2015-02-20,2015-07-02,2015-07-07,2015-07-07,HRDT,HIV test - Ancillary,"Orgenics, Ltd","Chase Buffer, Determine, 100 Tests, 2.5ml x 1 Vial","Chase Buffer, Determine, 100 Tests, 2.5ml x 1 Vial",Determine,no_dosage,Test kit - Ancillary,1,50,250.0,5.0,5.0,"Alere Medical Co., Ltd.",False,18.0,2575.925,0.29
4326,42221,108-VN-T30,FPQ-4265,SCMS-57130,ASN-6266,Vietnam,PMO - US,Direct Drop,EXW,Air,2009-10-20,2009-11-13,2010-03-19,2010-03-19,2010-03-19,ARV,Adult,Aurobindo Pharma Limited,"Abacavir 300mg, tablets, 60 Tabs",Abacavir,Generic,300mg,Tablet,60,200,3780.0,18.9,0.32,"Aurobindo Unit III, India",False,22.0,4400.805,7.41
4327,42243,116-ZA-T30,FPQ-14942,SCMS-259074,ASN-31070,South Africa,PMO - US,Direct Drop,DDP,Truck,2014-09-11,2015-03-09,2015-03-09,2015-03-09,2015-03-09,ARV,Adult,PHARMACY DIRECT,"Emtricitabine/Tenofovir Disoproxil Fumarate 200/300mg, tablets, 30 Tabs",Emtricitabine/Tenofovir Disoproxil Fumarate,Generic,200/300mg,Tablet - FDC,30,9,196.47,21.83,0.73,"Aurobindo Unit III, India",False,1.0,0.0,0.2
4328,42274,161-ZA-T30,FPQ-6708,SCMS-93550,ASN-11432,South Africa,PMO - US,Direct Drop,DDP,Ocean,2010-11-26,2010-12-14,2011-06-13,2011-09-15,2011-09-15,ARV,Adult,Aurobindo Pharma Limited,"Tenofovir Disoproxil Fumarate 300mg, tablets, 30 Tabs",Tenofovir Disoproxil Fumarate,Generic,300mg,Tablet,30,76097,506045.05,6.65,0.22,"Aurobindo Unit III, India",True,7105.0,6121.41,834.97
4329,42275,102-GY-T30,FPQ-4068,SCMS-52271,ASN-4991,Guyana,PMO - US,Direct Drop,EXW,Air,2009-08-13,2009-08-31,2009-10-16,2009-10-16,2009-10-16,HRDT,HIV test,"Orgenics, Ltd","HIV 1/2, Determine Complete HIV Kit, 100 Tests","HIV 1/2, Determine Complete HIV Kit",Determine,no_dosage,Test kit,100,507,36504.0,72.0,0.72,Inverness Japan,True,67.0,4400.85,71.55
4330,42295,108-VN-T30,FPQ-14516,SCMS-251680,ASN-29386,Vietnam,PMO - US,Direct Drop,EXW,Air,2014-07-09,2014-08-11,2014-12-24,2014-12-19,2014-12-19,ARV,Adult,HETERO LABS LIMITED,"Efavirenz/Lamivudine/Tenofovir Disoproxil Fumarate 600/300/300mg, tablets, 30 Tabs",Efavirenz/Lamivudine/Tenofovir Disoproxil Fumarate,Generic,600/300/300mg,Tablet - FDC,30,5280,55440.0,10.5,0.35,Hetero Unit III Hyderabad IN,True,1570.0,2690.2,56.99
4331,42300,116-ZA-T30,FPQ-14942,SCMS-295800,ASN-33865,South Africa,PMO - US,Direct Drop,DDP,Truck,2014-09-11,2015-08-24,2015-08-24,2015-08-24,2015-08-24,ARV,Adult,PHARMACY DIRECT,"Emtricitabine/Tenofovir Disoproxil Fumarate 200/300mg, tablets, 30 Tabs",Emtricitabine/Tenofovir Disoproxil Fumarate,Generic,200/300mg,Tablet - FDC,30,10,234.38,23.44,0.78,"Aurobindo Unit III, India",False,38.0,0.0,0.24
4332,42334,102-SD-T30,FPQ-5293,SCMS-68640,ASN-6657,Sudan,PMO - US,Direct Drop,EXW,Air,2010-03-15,2010-03-24,2010-05-07,2010-05-07,2010-05-07,HRDT,HIV test,"Standard Diagnostics, Inc.","HIV 1/2, Bioline 3.0 Kit, Lancets, Capillary pipets, Alcohol swabs included, 25 Tests","HIV 1/2, Bioline 3.0 Kit, Lancets, Capillary pipets, Alcohol swabs included",Bioline,no_dosage,Test kit,25,60,1200.0,20.0,0.8,"Standard Diagnostics, Korea",True,353.0,3843.25,2.59
4333,42359,104-CI-T30,FPQ-4698,SCMS-62971,ASN-10264,Côte d'Ivoire,PMO - US,Direct Drop,FCA,Air,2009-12-28,2010-01-15,2011-04-12,2011-04-12,2011-04-12,ARV,Adult,ABBVIE LOGISTICS (FORMERLY ABBOTT LOGISTICS BV),"Ritonavir 100mg [Norvir], film coated tablets, 60 Tabs",Ritonavir,Norvir,100mg,Tablet,60,2706,18536.1,6.85,0.11,ABBVIE Ludwigshafen Germany,True,346.0,9539.6,39.96
4334,42361,116-ZA-T30,FPQ-15269,SCMS-267020,ASN-29764,South Africa,PMO - US,Direct Drop,DDP,Truck,2014-10-29,2014-12-10,2014-12-10,2014-12-10,2014-12-10,ARV,Adult,S. BUYS WHOLESALER,"Zidovudine 300mg, tablets, 60 Tabs",Zidovudine,Generic,300mg,Tablet,60,13,287.28,22.1,0.37,"Aurobindo Unit III, India",False,668.5,0.0,0.34
4335,42394,113-ZW-T30,FPQ-10041,SCMS-150030,ASN-15987,Zimbabwe,PMO - US,Direct Drop,EXW,Air,2012-06-13,2012-07-02,2012-09-18,2012-09-18,2012-09-18,HRDT,HIV test - Ancillary,"Orgenics, Ltd","Chase Buffer, Determine, 100 Tests, 2.5ml x 1 Vial","Chase Buffer, Determine, 100 Tests, 2.5ml x 1 Vial",Determine,no_dosage,Test kit - Ancillary,1,5060,25300.0,5.0,5.0,"Alere Medical Co., Ltd.",True,2486.0,46552.3,35.47
4336,42465,161-ZA-T30,FPQ-5303,SCMS-69050,ASN-8740,South Africa,PMO - US,Direct Drop,DDP,Air,2010-03-18,2010-03-19,2010-12-15,2010-12-08,2010-12-08,ARV,Adult,Aurobindo Pharma Limited,"Zidovudine 300mg, tablets, 60 Tabs",Zidovudine,Generic,300mg,Tablet,60,8989,66788.27,7.43,0.12,"Aurobindo Unit III, India",True,454.0,3315.24,144.0
4337,42499,107-RW-T30,FPQ-4047,SCMS-50830,ASN-7095,Rwanda,PMO - US,Direct Drop,CIP,Air,2009-07-28,2009-08-18,2010-06-13,2010-06-13,2010-06-13,ARV,Adult,HETERO LABS LIMITED,"Lamivudine 150mg, tablets, 60 Tabs",Lamivudine,Generic,150mg,Tablet,60,15030,38927.7,2.59,0.04,Hetero Unit III Hyderabad IN,True,933.0,3847.96,76.3
4338,42505,116-ZA-T30,FPQ-12522,SCMS-199289,ASN-28033,South Africa,PMO - US,Direct Drop,DDP,Truck,2013-07-11,2014-08-29,2014-08-29,2014-08-29,2014-08-29,ARV,Adult,S. BUYS WHOLESALER,"Emtricitabine/Tenofovir Disoproxil Fumarate 200/300mg, tablets, 30 Tabs",Emtricitabine/Tenofovir Disoproxil Fumarate,Generic,200/300mg,Tablet - FDC,30,55,1833.08,33.33,1.11,"Aurobindo Unit III, India",False,6.0,0.0,2.27
4339,42506,900-UG-T30,FPQ-10089,SCMS-149412,ASN-15775,Uganda,PMO - US,Direct Drop,EXW,Air,2012-06-07,2012-06-12,2012-08-03,2012-08-03,2012-08-03,ARV,Adult,HETERO LABS LIMITED,"Lamivudine/Tenofovir Disoproxil Fumarate 300/300mg, tablets, 30 Tabs",Lamivudine/Tenofovir Disoproxil Fumarate,Generic,300/300mg,Tablet - FDC,30,66960,320738.4,4.79,0.16,Hetero Unit III Hyderabad IN,True,7549.0,26095.99,449.68
4340,42571,110-PK-T30,FPQ-9899,SCMS-149800,ASN-19032,Pakistan,PMO - US,Direct Drop,EXW,Air,2012-05-18,2012-07-09,2013-09-09,2013-09-09,2013-09-09,HRDT,HIV test,INVERNESS MEDICAL INNOVATIONS HONG KONG LTD,"HIV 1/2, Determine Complete HIV Kit, 100 Tests","HIV 1/2, Determine Complete HIV Kit",Determine,no_dosage,Test kit,100,4484,358720.0,80.0,0.8,"Alere Medical Co., Ltd.",True,1948.0,21689.39,502.93
4341,42579,106-HT-T30,FPQ-11285,SCMS-176130,ASN-18522,Haiti,PMO - US,Direct Drop,FCA,Air,2013-01-16,2013-02-05,2013-03-20,2013-03-20,2013-03-20,ARV,Pediatric,ABBVIE LOGISTICS (FORMERLY ABBOTT LOGISTICS BV),"Lopinavir/Ritonavir 100/25mg [Aluvia], tablets, 60 Tabs",Lopinavir/Ritonavir,Generic,100/25mg,Tablet,60,936,5559.84,5.94,0.1,ABBVIE Ludwigshafen Germany,True,128.0,1637.86,6.88
4342,42655,102-KE-T30,FPQ-4591,SCMS-58381,ASN-7200,Kenya,PMO - US,Direct Drop,EXW,Air,2009-11-18,2009-12-02,2010-07-07,2010-07-08,2010-07-08,HRDT,HIV test,"Orgenics, Ltd","HIV 1/2, Determine Complete HIV Kit, 100 Tests","HIV 1/2, Determine Complete HIV Kit",Determine,no_dosage,Test kit,100,6636,530880.0,80.0,0.8,Inverness Japan,True,1036.0,11163.27,1144.58
4343,42659,161-ZA-T30,FPQ-7175,SCMS-123590,ASN-13167,South Africa,PMO - US,Direct Drop,DDP,Ocean,2011-03-10,2011-09-30,2012-01-16,2012-01-23,2012-01-23,ARV,Adult,Aurobindo Pharma Limited,"Efavirenz 600mg, tablets, 30 Tabs",Efavirenz,Generic,600mg,Tablet,30,35357,150620.82,4.26,0.14,"Aurobindo Unit III, India",True,2806.0,7292.27,248.52
4344,42667,116-ZA-T30,FPQ-14942,SCMS-295800,ASN-33865,South Africa,PMO - US,Direct Drop,DDP,Truck,2014-09-11,2015-08-24,2015-08-24,2015-08-24,2015-08-24,ARV,Adult,PHARMACY DIRECT,"Abacavir 300mg, tablets, 60 Tabs",Abacavir,Generic,300mg,Tablet,60,70,3749.42,53.56,0.89,"Aurobindo Unit III, India",False,43.5,0.0,3.85
4345,42752,106-HT-T30,FPQ-13797,SCMS-233910,ASN-26209,Haiti,PMO - US,Direct Drop,EXW,Ocean,2014-03-20,2014-04-30,2014-07-19,2014-07-19,2014-07-31,ARV,Adult,CIPLA LIMITED,"Efavirenz/Lamivudine/Tenofovir Disoproxil Fumarate 600/300/300mg, tablets, 30 Tabs",Efavirenz/Lamivudine/Tenofovir Disoproxil Fumarate,Generic,600/300/300mg,Tablet - FDC,30,60000,630000.0,10.5,0.35,Cipla Ltd A-42 MIDC Mahar. IN,True,8113.0,8217.8,647.64
4346,42757,104-CI-T30,FPQ-4698,SCMS-62970,ASN-9989,Côte d'Ivoire,PMO - US,Direct Drop,FCA,Air,2009-12-28,2010-01-15,2011-03-09,2011-03-09,2011-03-09,ARV,Adult,ABBVIE LOGISTICS (FORMERLY ABBOTT LOGISTICS BV),"Ritonavir 100mg [Norvir], film coated tablets, 60 Tabs",Ritonavir,Norvir,100mg,Tablet,60,4014,27495.9,6.85,0.11,ABBVIE Ludwigshafen Germany,True,507.0,4520.66,59.28
4347,42778,105-SS-T30,FPQ-15569,SCMS-272160,ASN-31335,South Sudan,PMO - US,Direct Drop,EXW,Air,2014-12-29,2015-02-20,2015-06-03,2015-06-03,2015-06-05,HRDT,HIV test - Ancillary,"Orgenics, Ltd","Chase Buffer, Determine, 100 Tests, 2.5ml x 1 Vial","Chase Buffer, Determine, 100 Tests, 2.5ml x 1 Vial",Determine,no_dosage,Test kit - Ancillary,1,15,75.0,5.0,5.0,"Alere Medical Co., Ltd.",True,5.0,2575.925,0.09
4348,42780,161-ZA-T30,FPQ-7175,SCMS-103360,ASN-11201,South Africa,PMO - US,Direct Drop,DDP,Ocean,2011-03-10,2011-03-24,2011-09-02,2011-09-02,2011-09-02,ARV,Pediatric,Aurobindo Pharma Limited,"Efavirenz 50mg, capsule, 30 Caps",Efavirenz,Generic,50mg,Capsule,30,97753,238517.32,2.44,0.08,"Aurobindo Unit III, India",True,5778.0,14558.87,393.55
4349,42797,161-ZA-T30,FPQ-6708,SCMS-93520,ASN-9844,South Africa,PMO - US,Direct Drop,DDP,Ocean,2010-11-26,2010-12-06,2011-06-26,2011-04-07,2011-04-07,ARV,Adult,Aurobindo Pharma Limited,"Tenofovir Disoproxil Fumarate 300mg, tablets, 30 Tabs",Tenofovir Disoproxil Fumarate,Generic,300mg,Tablet,30,130800,869820.0,6.65,0.22,"Aurobindo Unit III, India",True,12208.0,13829.57,1435.2
4350,42811,108-VN-T30,FPQ-5317,SCMS-69240,ASN-7581,Vietnam,PMO - US,Direct Drop,EXW,Air,2010-03-22,2010-03-25,2010-08-13,2010-08-13,2010-08-13,ARV,Adult,Aurobindo Pharma Limited,"Didanosine 250mg, delayed-release capsules, 30 Caps",Didanosine,Generic,250mg,Delayed-release capsules,30,168,2184.0,13.0,0.43,"Aurobindo Unit III, India",True,2046.0,14405.31,4.71
4351,42848,109-TZ-T30,FPQ-8332,SCMS-121380,ASN-13025,Tanzania,PMO - US,Direct Drop,FCA,Air,2011-08-30,2011-09-09,2012-01-19,2012-01-19,2012-01-19,ARV,Pediatric,ABBVIE LOGISTICS (FORMERLY ABBOTT LOGISTICS BV),"Lopinavir/Ritonavir 100/25mg [Aluvia], tablets, 60 Tabs",Lopinavir/Ritonavir,Generic,100/25mg,Tablet,60,405,3122.55,7.71,0.13,ABBVIE Ludwigshafen Germany,True,75.0,1262.36,5.15
4352,42851,102-SD-T30,FPQ-8264,SCMS-121843,ASN-12831,Sudan,PMO - US,Direct Drop,EXW,Air,2011-09-07,2011-09-14,2012-01-06,2012-01-06,2012-01-06,HRDT,HIV test - Ancillary,"Orgenics, Ltd","Capillary Tubes, for Determine, EDTA, 50uL,100 Pcs","HIV, Capillary Tubes, for Determine, EDTA, 50uL,100 Pcs",Determine,no_dosage,Test kit - Ancillary,100,1,8.0,8.0,0.08,"Alere Medical Co., Ltd.",True,2.0,885.49,0.01
4353,42858,107-RW-T30,FPQ-3859,SCMS-48872,ASN-6489,Rwanda,PMO - US,Direct Drop,CIP,Air,2009-06-30,2009-07-07,2010-04-15,2010-04-15,2010-04-15,ARV,Adult,Aurobindo Pharma Limited,"Abacavir 300mg, tablets, 60 Tabs",Abacavir,Generic,300mg,Tablet,60,12730,246070.9,19.33,0.32,"Aurobindo Unit III, India",False,668.5,5865.805,482.3
4354,42870,108-VN-T30,FPQ-13524,SCMS-226220,ASN-26923,Vietnam,PMO - US,Direct Drop,EXW,Air,2014-02-06,2014-03-10,2014-07-29,2014-07-29,2014-08-06,ARV,Adult,HETERO LABS LIMITED,"Lamivudine 150mg, tablets, 60 Tabs",Lamivudine,Generic,150mg,Tablet,60,6400,11840.0,1.85,0.03,Hetero Unit III Hyderabad IN,False,462.5,4400.805,12.17
4355,42882,101-ZA-T30,FPQ-12932,SCMS-206100,ASN-24547,South Africa,PMO - US,Direct Drop,DDP,Truck,2013-09-07,2013-09-19,2014-02-17,2014-02-17,2014-02-17,ARV,Adult,PHARMACY DIRECT,"Efavirenz 600mg, tablets, 30 Tabs",Efavirenz,Generic,600mg,Tablet,30,2500,37672.35,15.07,0.5,Hetero Unit III Hyderabad IN,True,284.0,0.0,46.6
4356,42912,112-NG-T30,FPQ-9199,SCMS-140030,ASN-17119,Nigeria,PMO - US,Direct Drop,EXW,Air,2012-03-01,2012-05-15,2012-12-03,2012-12-03,2012-12-03,ACT,ACT,NOVARTIS PHARMA SERVICES AG,"Artemether/Lumefantrine 20/120mg [Coartem], scored tablets, Blister 30 x 24 Tabs",Artemether/Lumefantrine,Coartem,20/120mg,Tablet - FDC + blister,720,2500,105000.0,42.0,0.06,"Novartis Pharma Suffern, USA",True,1725.0,11954.71,147.21
4357,42917,108-VN-T30,FPQ-13034,SCMS-210150,ASN-24398,Vietnam,PMO - US,Direct Drop,EXW,Air,2013-10-04,2013-10-10,2014-04-23,2014-04-23,2014-04-23,ARV,Adult,HETERO LABS LIMITED,"Lamivudine 150mg, tablets, 60 Tabs",Lamivudine,Generic,150mg,Tablet,60,9989,18479.65,1.85,0.03,Hetero Unit III Hyderabad IN,False,668.5,4400.805,22.86
4358,42980,117-ET-T30,FPQ-9210,SCMS-134760,ASN-14231,Ethiopia,PMO - US,Direct Drop,EXW,Air,2012-01-18,2012-01-23,2012-04-02,2012-04-02,2012-04-02,HRDT,HIV test,"SHANGHAI KEHUA BIOENGINEERING CO.,LTD.  (KHB)","HIV 1/2, SKB Colloidal Gold, Diagnostic Kit, Antibody, 50 Tests","HIV 1/2, Colloidal Gold, Diagnostic Kit, Antibody",Colloidal Gold,no_dosage,Test kit,1,924,22638.0,24.5,24.5,"KHB Test Kit Facility, Shanghai China",True,656.0,6488.44,31.74
4359,42983,104-CI-T30,FPQ-9756,SCMS-147680,ASN-17003,Côte d'Ivoire,PMO - US,Direct Drop,EXW,Air,2012-04-23,2012-01-06,2012-11-23,2012-11-23,2012-11-23,ARV,Adult,MYLAN LABORATORIES LTD (FORMERLY MATRIX LABORATORIES),"Atazanavir/Ritonavir 300/100mg, tablets, 30 Tabs",Atazanavir/Ritonavir,Generic,300/100mg,Tablet,30,939,21127.5,22.5,0.75,Mylan (formerly Matrix) Nashik,True,117.0,1766.57,29.62
4360,42998,108-VN-T30,FPQ-3896,SCMS-48260,ASN-5132,Vietnam,PMO - US,Direct Drop,EXW,Air,2009-06-25,2009-06-26,2009-10-23,2009-10-23,2009-10-23,ARV,Adult,Aurobindo Pharma Limited,"Lamivudine/Nevirapine/Zidovudine 150/200/300mg, tablets, 60 Tabs",Lamivudine/Nevirapine/Zidovudine,Generic,150/300/200mg,Tablet - FDC,60,6500,72475.0,11.15,0.19,"Aurobindo Unit III, India",False,667.0,4400.805,142.05
4361,43045,109-TZ-T30,FPQ-7239,SCMS-102030,ASN-10560,Tanzania,PMO - US,Direct Drop,EXW,Air,2011-02-25,2011-03-23,2011-06-06,2011-06-06,2011-06-06,HRDT,HIV test,"Standard Diagnostics, Inc.","HIV 1/2, Bioline 3.0 Kit, Lancets, Capillary pipets, Alcohol swabs included, 25 Tests","HIV 1/2, Bioline 3.0 Kit, Lancets, Capillary pipets, Alcohol swabs included",Bioline,no_dosage,Test kit,25,3399,67980.0,20.0,0.8,"Standard Diagnostics, Korea",True,1133.0,8509.57,112.17
4362,43059,106-HT-T30,FPQ-9066,SCMS-138550,ASN-15433,Haiti,PMO - US,Direct Drop,CIP,Air,2012-01-06,2012-02-24,2012-07-17,2012-07-17,2012-07-17,ARV,Pediatric,MERCK SHARP & DOHME IDEA GMBH (FORMALLY MERCK SHARP & DOHME B.V.),"Efavirenz 30mg/ml [Stocrin/Sustiva], oral solution, Bottle, 180 ml",Efavirenz,Stocrin/Sustiva,30mg/ml,Oral solution,180,6705,113716.8,16.96,0.09,"MSD Patheon, Canada",True,1979.0,853.07,159.43
4363,43060,133-NG-T30,FPQ-10765,SCMS-162440,ASN-18174,Nigeria,PMO - US,Direct Drop,EXW,Air,2012-10-05,2012-10-16,2013-01-09,2013-02-26,2013-02-26,HRDT,HIV test,"Orgenics, Ltd","HIV 1/2, Determine Complete HIV Kit, 100 Tests","HIV 1/2, Determine Complete HIV Kit",Determine,no_dosage,Test kit,100,1960,174440.0,89.0,0.89,"Alere Medical Co., Ltd.",True,882.0,0.0,244.56
4364,43079,108-VN-T30,FPQ-10644,SCMS-161060,ASN-17400,Vietnam,PMO - US,Direct Drop,EXW,Air,2012-09-19,2012-09-24,2012-12-28,2012-12-28,2012-12-28,ARV,Adult,Aurobindo Pharma Limited,"Nevirapine 200mg, tablets, 60 Tabs",Nevirapine,Generic,200mg,Tablet,60,14055,31623.75,2.25,0.04,"Aurobindo Unit III, India",True,1304.0,2220.86,44.34
4365,43085,800-LS-T30,FPQ-13954,SCMS-233590,ASN-25504,Lesotho,PMO - US,Direct Drop,EXW,Air,2014-03-24,2014-04-03,2014-04-25,2014-04-25,2014-05-05,HRDT,HIV test,"Orgenics, Ltd","HIV 1/2, Determine Complete HIV Kit, 100 Tests","HIV 1/2, Determine Complete HIV Kit",Determine,no_dosage,Test kit,100,2104,168320.0,80.0,0.8,"Alere Medical Co., Ltd.",True,856.0,11063.78,173.03
4366,43116,116-ZA-T30,FPQ-13035,SCMS-215370,ASN-24415,South Africa,PMO - US,Direct Drop,DDP,Truck,2013-10-08,2013-12-02,2014-02-06,2014-02-06,2014-02-06,ARV,Pediatric,S. BUYS WHOLESALER,"Lamivudine 10mg/ml, oral solution w/syringe, Bottle, 240 ml",Lamivudine,Generic,10mg/ml,Oral solution,240,44,311.64,7.08,0.03,"Aurobindo Unit III, India",False,116.0,0.0,0.39
4367,43136,102-KE-T30,FPQ-4250,SCMS-55902,ASN-5662,Kenya,PMO - US,Direct Drop,EXW,Air,2009-09-16,2009-10-23,2010-01-18,2010-01-18,2010-01-18,HRDT,HIV test,"Orgenics, Ltd","HIV 1/2, Determine Complete HIV Kit, 100 Tests","HIV 1/2, Determine Complete HIV Kit",Determine,no_dosage,Test kit,100,3000,240000.0,80.0,0.8,Inverness Japan,True,907.0,9014.8,470.4
4368,43140,109-TZ-T30,FPQ-13418,SCMS-219190,ASN-25073,Tanzania,PMO - US,Direct Drop,EXW,Air,2013-12-13,2013-12-27,2014-05-19,2014-05-19,2014-05-19,ARV,Adult,HETERO LABS LIMITED,"Nevirapine 200mg, tablets, 60 Tabs",Nevirapine,Generic,200mg,Tablet,60,96200,209716.0,2.18,0.04,Hetero Unit III Hyderabad IN,True,6320.0,33343.63,215.59
4369,43210,108-VN-T30,FPQ-10287,SCMS-156140,ASN-17077,Vietnam,PMO - US,Direct Drop,EXW,Air,2012-07-25,2012-08-14,2012-12-10,2012-12-10,2012-12-10,ARV,Adult,Aurobindo Pharma Limited,"Lamivudine/Nevirapine/Zidovudine 150/200/300mg, tablets, 60 Tabs",Lamivudine/Nevirapine/Zidovudine,Generic,150/300/200mg,Tablet - FDC,60,12785,109951.0,8.6,0.14,"Aurobindo Unit III, India",False,668.5,4400.805,154.15
4370,43229,104-CI-T30,FPQ-6252,SCMS-85420,ASN-8571,Côte d'Ivoire,PMO - US,Direct Drop,EXW,Air,2010-08-26,2010-09-16,2010-11-24,2010-11-24,2010-11-24,HRDT,HIV test,"CHEMBIO DIAGNOSTIC SYSTEMS, INC.","HIV 1/2, Stat-Pak HIV, Kit, 20 Tests","HIV 1/2, Stat-Pak HIV, Kit",Stat-Pak,no_dosage,Test kit,20,220,5940.0,27.0,1.35,Chembio Diagnostics Sys. Inc.,True,115.0,7883.32,12.81
4371,43244,105-GY-T30,FPQ-8012,SCMS-116140,ASN-12868,Guyana,PMO - US,Direct Drop,FCA,Air,2011-07-11,2011-07-27,2011-11-30,2011-11-30,2011-11-30,ARV,Adult,ABBVIE LOGISTICS (FORMERLY ABBOTT LOGISTICS BV),"Lopinavir/Ritonavir 200/50mg [Aluvia], tablets, 120 Tabs",Lopinavir/Ritonavir,Aluvia,200/50mg,Tablet,120,2245,184539.0,82.2,0.68,ABBVIE Ludwigshafen Germany,True,598.0,5178.47,304.49
4372,43250,105-SS-T30,FPQ-12623,SCMS-200920,ASN-21751,South Sudan,PMO - US,Direct Drop,EXW,Air,2013-07-18,2013-08-06,2013-10-18,2013-10-18,2013-10-18,HRDT,HIV test,"Trinity Biotech, Plc","HIV 1/2, Uni-Gold HIV Kit, 20 Tests","HIV 1/2, Uni-Gold HIV Kit",Uni-Gold,no_dosage,Test kit,20,25,800.0,32.0,1.6,"Trinity Biotech, Plc",False,39.5,2575.925,0.99
4373,43272,116-ZA-T30,FPQ-13973,SCMS-238556,ASN-31854,South Africa,PMO - US,Direct Drop,DDP,Truck,2014-04-30,2015-04-28,2015-04-28,2015-04-28,2015-04-28,ARV,Adult,PHARMACY DIRECT,"Lamivudine 150mg, tablets, 60 Tabs",Lamivudine,Generic,150mg,Tablet,60,80,731.44,9.14,0.15,"Aurobindo Unit III, India",False,19.0,0.0,0.75
4374,43286,106-HT-T30,FPQ-9635,SCMS-148440,ASN-15571,Haiti,PMO - US,Direct Drop,EXW,Ocean,2012-05-14,2012-06-28,2012-10-22,2012-10-22,2012-10-22,ARV,Adult,MYLAN LABORATORIES LTD (FORMERLY MATRIX LABORATORIES),"Efavirenz/Lamivudine/Tenofovir Disoproxil Fumarate 600/300/300mg, tablets, 30 Tabs",Efavirenz/Lamivudine/Tenofovir Disoproxil Fumarate,Generic,600/300/300mg,Tablet - FDC,30,33480,435240.0,13.0,0.43,Mylan (formerly Matrix) Nashik,False,668.5,7785.125,610.21
4375,43344,101-CD-T30,FPQ-12093,SCMS-189070,ASN-20218,"Congo, DRC",PMO - US,Direct Drop,EXW,Air,2013-04-23,2013-05-17,2013-11-28,2013-11-28,2013-12-03,ARV,Pediatric,Aurobindo Pharma Limited,"Nevirapine 50mg, dispersible tablets (tablets for oral suspension), 30 Tabs",Nevirapine,Generic,50mg,Chewable/dispersible tablet,30,1014,1267.5,1.25,0.04,"Aurobindo Unit III, India",False,247.0,2346.5699999999997,1.57
4376,43347,122-HT-T30,FPQ-8635,SCMS-132180,ASN-13412,Haiti,PMO - US,Direct Drop,EXW,Air,2011-12-07,2011-12-30,2012-01-18,2012-01-18,2012-01-18,ANTM,Malaria,AMSTELFARMA B.V.,"Chloroquine 150mg base (as phosphate), tablets, 1000 Tabs",Chloroquine base (as phosphate),Generic,150mg,Tablet,1000,3000,27750.0,9.25,0.01,"Medopharm Malur Factory, INDIA",False,488.0,2946.7200000000003,38.91
4377,43383,114-UG-T30,FPQ-5277,SCMS-68330,ASN-6670,Uganda,PMO - US,Direct Drop,EXW,Air,2010-03-12,2010-03-18,2010-04-28,2010-04-28,2010-04-28,ARV,Adult,Aurobindo Pharma Limited,"Didanosine 250mg, delayed-release capsules, 30 Caps",Didanosine,Generic,250mg,Delayed-release capsules,30,60,780.0,13.0,0.43,"Aurobindo Unit III, India",True,4.0,1045.04,1.68
4378,43390,161-ZA-T30,FPQ-6708,SCMS-93440,ASN-10855,South Africa,PMO - US,Direct Drop,DDP,Air,2010-11-26,2010-12-06,2011-08-12,2011-08-12,2011-08-12,ARV,Pediatric,GLAXOSMITHKLINE EXPORT LIMITED,"Abacavir 20mg/ml [Ziagen], oral solution, Bottle, 240 ml",Abacavir,Ziagen,20mg/ml,Oral solution,240,60000,601200.0,10.02,0.04,GSK Mississauga (Canada),True,22956.0,27372.24,991.98
4379,43425,102-KE-T30,FPQ-4587,SCMS-58380,ASN-5899,Kenya,PMO - US,Direct Drop,EXW,Air,2009-11-18,2009-12-02,2010-02-16,2010-02-19,2010-02-19,HRDT,HIV test,"Orgenics, Ltd","HIV 1/2, Determine Complete HIV Kit, 100 Tests","HIV 1/2, Determine Complete HIV Kit",Determine,no_dosage,Test kit,100,7110,568800.0,80.0,0.8,Inverness Japan,True,1224.0,11847.25,1226.33
4380,43430,161-ZA-T30,FPQ-6708,SCMS-93640,ASN-9856,South Africa,PMO - US,Direct Drop,DDP,Ocean,2010-11-26,2010-12-14,2011-04-05,2011-04-05,2011-04-05,ARV,Adult,CIPLA LIMITED,"Tenofovir Disoproxil Fumarate 300mg, tablets, 30 Tabs",Tenofovir Disoproxil Fumarate,Generic,300mg,Tablet,30,105707,725150.02,6.86,0.23,"Cipla, Goa, India",True,7092.0,7704.77,1196.5
4381,43443,102-KE-T30,FPQ-4591,SCMS-58381,ASN-7198,Kenya,PMO - US,Direct Drop,EXW,Air,2009-11-18,2009-12-02,2010-07-07,2010-07-07,2010-07-07,HRDT,HIV test,"Orgenics, Ltd","HIV 1/2, Determine Complete HIV Kit, 100 Tests","HIV 1/2, Determine Complete HIV Kit",Determine,no_dosage,Test kit,100,3,240.0,80.0,0.8,Inverness Japan,True,1302.0,12678.52,0.52
4382,43450,116-ZA-T30,FPQ-12522,SCMS-199283,ASN-27978,South Africa,PMO - US,Direct Drop,DDP,Truck,2013-07-11,2014-08-27,2014-08-27,2014-08-27,2014-08-27,ARV,Pediatric,S. BUYS WHOLESALER,"Efavirenz 200mg, capsule, 90 Caps",Efavirenz,Generic,200mg,Capsule,90,25,659.22,26.37,0.29,"Aurobindo Unit III, India",False,3.0,0.0,0.82
4383,43480,161-ZA-T30,FPQ-5648,SCMS-75480,ASN-8340,South Africa,PMO - US,Direct Drop,DDP,Air,2010-06-02,2010-06-17,2010-12-13,2010-12-13,2010-12-13,ARV,Pediatric,Aurobindo Pharma Limited,"Nevirapine 10mg/ml, oral suspension w/syringe, Bottle, 240 ml",Nevirapine,Generic,10mg/ml,Oral suspension,240,19098,60158.7,3.15,0.01,"Aurobindo Unit III, India",True,7367.0,3444.28,129.7
4384,43486,108-VN-T30,FPQ-14516,SCMS-249031,ASN-29589,Vietnam,PMO - US,Direct Drop,FCA,Air,2014-07-09,2014-08-11,2015-01-15,2015-01-15,2015-02-24,ARV,Adult,ABBVIE LOGISTICS (FORMERLY ABBOTT LOGISTICS BV),"Ritonavir 100mg [Norvir], film coated tablets, 30 Tabs",Ritonavir,Norvir,100mg,Tablet,30,200,4652.0,23.26,0.78,ABBVIE Ludwigshafen Germany,True,22.0,1475.95,4.78
4385,43507,116-ZA-T30,FPQ-14942,SCMS-259074,ASN-31070,South Africa,PMO - US,Direct Drop,DDP,Truck,2014-09-11,2015-03-09,2015-03-09,2015-03-09,2015-03-09,ARV,Pediatric,PHARMACY DIRECT,"Abacavir 20mg/ml, oral solution, Bottle, 240 ml",Abacavir,Generic,20mg/ml,Oral solution,240,13,230.24,17.71,0.07,"Aurobindo Unit III, India",False,668.5,0.0,0.24
4386,43526,200-UG-T30,FPQ-14628,SCMS-253250,ASN-28512,Uganda,PMO - US,Direct Drop,EXW,Air,2014-07-23,2014-09-04,2014-11-13,2014-11-13,2014-11-13,HRDT,HIV test,"Orgenics, Ltd","HIV 1/2, Determine Complete HIV Kit, 100 Tests","HIV 1/2, Determine Complete HIV Kit",Determine,no_dosage,Test kit,100,4000,320000.0,80.0,0.8,"Alere Medical Co., Ltd.",True,1624.0,14692.8,328.96
4387,43534,111-MZ-T30,FPQ-15844,SCMS-277860,ASN-31556,Mozambique,PMO - US,Direct Drop,EXW,Air,2015-02-05,2015-03-12,2015-04-22,2015-04-22,2015-04-22,HRDT,HIV test,"Orgenics, Ltd","HIV 1/2, Determine Complete HIV Kit, 100 Tests","HIV 1/2, Determine Complete HIV Kit",Determine,no_dosage,Test kit,100,5500,440000.0,80.0,0.8,"Alere Medical Co., Ltd.",True,2139.0,19193.57,517.88
4388,43537,116-ZA-T30,FPQ-14942,SCMS-259075,ASN-32137,South Africa,PMO - US,Direct Drop,DDP,Truck,2014-09-11,2015-05-11,2015-05-12,2015-05-12,2015-05-12,ARV,Adult,PHARMACY DIRECT,"Saquinavir 200mg [Invirase], capsules, 270 Caps",Saquinavir,Invirase,200mg,Capsule,270,27,1498.82,55.51,0.21,Roche Madrid,False,5.0,0.0,1.54
4389,43600,108-VN-T30,FPQ-13034,SCMS-210150,ASN-24398,Vietnam,PMO - US,Direct Drop,EXW,Air,2013-10-04,2013-10-10,2014-04-23,2014-04-23,2014-04-23,ARV,Adult,HETERO LABS LIMITED,"Tenofovir Disoproxil Fumarate 300mg, tablets, 30 Tabs",Tenofovir Disoproxil Fumarate,Generic,300mg,Tablet,30,12317,43725.35,3.55,0.12,Hetero Unit III Hyderabad IN,False,668.5,4400.805,54.09
4390,43628,144-BW-T30,FPQ-4487,SCMS-57520,ASN-7210,Botswana,PMO - US,Direct Drop,EXW,Air,2009-11-02,2009-11-13,2010-09-13,2010-09-13,2010-09-13,HRDT,HIV test - Ancillary,"Trinity Biotech, Plc","#109436**HIV 1, Uni-Gold Recombigen HIV Control, Vial 2 x 0.5 ml","HIV 1, Uni-Gold Recombigen HIV Control, Vial 2 x 0.5 ml",Uni-Gold,no_dosage,Test kit - Ancillary,2,15,465.0,31.0,15.5,"Trinity Biotech, Plc",True,5.0,592.46,1.0
4391,43634,900-SS-T30,FPQ-11623,SCMS-178020,ASN-18785,South Sudan,PMO - US,Direct Drop,EXW,Air,2013-02-08,2013-02-27,2013-05-16,2013-05-16,2013-05-16,HRDT,HIV test,"Trinity Biotech, Plc","HIV 1/2, Uni-Gold HIV Kit, 20 Tests","HIV 1/2, Uni-Gold HIV Kit",Uni-Gold,no_dosage,Test kit,20,52,1664.0,32.0,1.6,"Trinity Biotech, Plc",True,24.0,1170.36,2.06
4392,43635,108-VN-T30,FPQ-12539,SCMS-199820,ASN-23647,Vietnam,PMO - US,Direct Drop,EXW,Air,2013-07-11,2013-08-02,2014-06-13,2014-06-13,2014-07-31,ARV,Adult,MYLAN LABORATORIES LTD (FORMERLY MATRIX LABORATORIES),"Efavirenz/Lamivudine/Tenofovir Disoproxil Fumarate 600/300/300mg, tablets, 30 Tabs",Efavirenz/Lamivudine/Tenofovir Disoproxil Fumarate,Generic,600/300/300mg,Tablet - FDC,30,13907,155063.05,11.15,0.37,Mylan (formerly Matrix) Nashik,True,1578.0,2689.85,191.81
4393,43643,116-ZA-T30,FPQ-5535,SCMS-71370,ASN-7373,South Africa,PMO - US,Direct Drop,DDP,Truck,2010-04-19,2010-04-21,2010-05-31,2010-05-31,2010-05-31,ARV,Pediatric,S. BUYS WHOLESALER,"Lamivudine 10mg/ml [Epivir], oral solution, Bottle, 240 ml",Lamivudine,Epivir,10mg/ml,Oral solution,240,500,3093.93,6.19,0.03,GSK Mississauga (Canada),False,83.0,0.0,6.67
4394,43693,110-ZM-T30,FPQ-15075,SCMS-260230,ASN-30881,Zambia,PMO - US,Direct Drop,EXW,Air,2014-10-15,2014-10-22,2015-05-29,2015-05-29,2015-06-02,HRDT,HIV test,"Trinity Biotech, Plc","HIV 1/2, Uni-Gold HIV Kit, 20 Tests","HIV 1/2, Uni-Gold HIV Kit",Uni-Gold,no_dosage,Test kit,20,8000,256000.0,32.0,1.6,"Trinity Biotech, Plc",True,2328.0,14581.51,301.31
4395,43714,133-NG-T30,FPQ-9599,SCMS-144200,ASN-15953,Nigeria,PMO - US,Direct Drop,EXW,Air,2012-03-27,2012-05-03,2012-08-01,2012-08-30,2012-08-30,HRDT,HIV test,"Orgenics, Ltd","HIV 1/2, Determine Complete HIV Kit, 100 Tests","HIV 1/2, Determine Complete HIV Kit",Determine,no_dosage,Test kit,100,8149,725261.0,89.0,0.89,"Alere Medical Co., Ltd.",True,3886.0,86928.23,1016.82
4396,43749,101-CD-T30,FPQ-14654,SCMS-253260,ASN-28279,"Congo, DRC",PMO - US,Direct Drop,EXW,Air,2014-08-11,2014-08-27,2014-11-04,2014-11-04,2014-11-20,HRDT,HIV test,"Trinity Biotech, Plc","HIV 1/2, Uni-Gold HIV Kit, 20 Tests","HIV 1/2, Uni-Gold HIV Kit",Uni-Gold,no_dosage,Test kit,20,65,2080.0,32.0,1.6,"Trinity Biotech, Plc",False,22.5,2346.5699999999997,2.14
4397,43762,116-ZA-T30,FPQ-13973,SCMS-238552,ASN-27610,South Africa,PMO - US,Direct Drop,DDP,Truck,2014-04-30,2014-08-05,2014-08-05,2014-08-05,2014-08-05,ARV,Adult,PHARMACY DIRECT,"Etravirine 100mg [Intelence], tablets, 120 Tabs",Etravirine,Intelence,100mg,Tablet,120,12,425.03,35.42,0.3,"Janssen-Cilag, Latina, IT",False,48.0,0.0,0.44
4398,43786,114-UG-T30,FPQ-12156,SCMS-188340,ASN-19788,Uganda,PMO - US,Direct Drop,EXW,Air,2013-04-23,2013-05-09,2013-06-18,2013-06-18,2013-06-18,HRDT,HIV test,"Trinity Biotech, Plc","HIV 1/2, Uni-Gold HIV Kit, 20 Tests","HIV 1/2, Uni-Gold HIV Kit",Uni-Gold,no_dosage,Test kit,20,427,13664.0,32.0,1.6,"Trinity Biotech, Plc",True,139.0,2473.96,16.9
4399,43805,106-HT-T30,FPQ-13797,SCMS-234040,ASN-27086,Haiti,PMO - US,Direct Drop,EXW,Ocean,2014-03-20,2014-05-05,2014-10-20,2014-10-20,2014-10-24,ARV,Adult,HETERO LABS LIMITED,"Lamivudine/Zidovudine 150/300mg, tablets, 60 Tabs",Lamivudine/Zidovudine,Generic,150/300mg,Tablet - FDC,60,9227,60990.47,6.61,0.11,Hetero Unit III Hyderabad IN,True,813.0,1922.5,62.7
4400,43807,161-ZA-T30,FPQ-7175,SCMS-103450,ASN-11509,South Africa,PMO - US,Direct Drop,DDP,Ocean,2011-03-10,2011-03-24,2011-10-13,2011-10-13,2011-10-13,ARV,Pediatric,Aurobindo Pharma Limited,"Nevirapine 10mg/ml, oral suspension w/syringe, Bottle, 240 ml",Nevirapine,Generic,10mg/ml,Oral suspension,240,10603,23962.78,2.26,0.01,"Aurobindo Unit III, India",True,3818.0,11234.1,39.54
4401,43812,107-RW-T30,FPQ-3859,SCMS-48930,ASN-6667,Rwanda,PMO - US,Direct Drop,CIP,Air,2009-06-30,2009-07-17,2010-04-13,2010-04-13,2010-04-13,ARV,Adult,Aurobindo Pharma Limited,"Abacavir 300mg, tablets, 60 Tabs",Abacavir,Generic,300mg,Tablet,60,10620,205284.6,19.33,0.32,"Aurobindo Unit III, India",True,1050.0,18475.61,402.36
4402,43827,101-CD-T30,FPQ-14100,SCMS-239410,ASN-26738,"Congo, DRC",PMO - US,Direct Drop,EXW,Air,2014-04-23,2014-05-20,2014-09-05,2014-09-05,2014-09-16,HRDT,HIV test,"Trinity Biotech, Plc","HIV 1/2, Uni-Gold HIV Kit, 20 Tests","HIV 1/2, Uni-Gold HIV Kit",Uni-Gold,no_dosage,Test kit,20,6,192.0,32.0,1.6,"Trinity Biotech, Plc",False,8.5,2346.5699999999997,0.2
4403,43834,901-NA-T30,FPQ-14728,SCMS-252630,ASN-29184,Namibia,PMO - US,Direct Drop,EXW,Air,2014-07-30,2014-08-19,2014-11-25,2014-11-25,2014-11-26,ARV,Adult,MYLAN LABORATORIES LTD (FORMERLY MATRIX LABORATORIES),"Efavirenz/Emtricitabine/Tenofovir Disoproxil Fumarate 600/200/300mg, tablets, 30 Tabs",Efavirenz/Emtricitabine/Tenofovir Disoproxil Fumarate,Generic,600/200/300mg,Tablet - FDC,30,29160,306180.0,10.5,0.35,"Mylan,  H-12 & H-13, India",True,3402.0,17118.8,314.75
4404,43875,116-ZA-T30,FPQ-13973,SCMS-238551,ASN-26882,South Africa,PMO - US,Direct Drop,DDP,Truck,2014-04-30,2014-06-25,2014-06-25,2014-06-25,2014-06-25,ARV,Adult,PHARMACY DIRECT,"Nevirapine 200mg, tablets, 60 Tabs",Nevirapine,Generic,200mg,Tablet,60,23,408.18,17.75,0.3,"Aurobindo Unit III, India",False,27.0,0.0,0.42
4405,43892,116-ZA-T30,FPQ-15269,SCMS-267020,ASN-29764,South Africa,PMO - US,Direct Drop,DDP,Truck,2014-10-29,2014-12-10,2014-12-10,2014-12-10,2014-12-10,ARV,Adult,S. BUYS WHOLESALER,"Didanosine 400mg, delayed-release capsules, 30 Caps",Didanosine,Generic,400mg,Delayed-release capsules,30,12,209.09,17.42,0.58,"Aurobindo Unit III, India",False,48.0,0.0,0.25
4406,43897,110-ZM-T30,FPQ-4691,SCMS-60710,ASN-6292,Zambia,PMO - US,Direct Drop,EXW,Air,2009-12-16,2009-12-22,2010-03-18,2010-03-18,2010-03-18,HRDT,HIV test,"Orgenics, Ltd","HIV 1/2, Determine Complete HIV Kit, 100 Tests","HIV 1/2, Determine Complete HIV Kit",Determine,no_dosage,Test kit,100,2161,155592.0,72.0,0.72,Inverness Japan,True,1051.0,16633.36,335.46
4407,43905,133-NG-T30,FPQ-12812,SCMS-210331,ASN-24418,Nigeria,PMO - US,Direct Drop,EXW,Air,2013-08-13,2013-10-18,2014-03-19,2014-03-19,2014-03-19,HRDT,HIV test,"Trinity Biotech, Plc","HIV 1/2, Uni-Gold HIV Kit, 20 Tests","HIV 1/2, Uni-Gold HIV Kit",Uni-Gold,no_dosage,Test kit,20,24250,776000.0,32.0,1.6,"Trinity Biotech, Plc",True,7080.0,70509.14,959.91
4408,43906,116-ZA-T30,FPQ-13973,SCMS-238556,ASN-31854,South Africa,PMO - US,Direct Drop,DDP,Truck,2014-04-30,2015-04-28,2015-04-28,2015-04-28,2015-04-28,ARV,Pediatric,PHARMACY DIRECT,"Abacavir 20mg/ml, oral solution, Bottle, 240 ml",Abacavir,Generic,20mg/ml,Oral solution,240,16,392.16,24.51,0.1,"Aurobindo Unit III, India",False,168.5,0.0,0.4
4409,43912,106-HT-T30,FPQ-15038,SCMS-263170,ASN-31573,Haiti,PMO - US,Direct Drop,EXW,Air,2014-10-22,2014-12-24,2015-05-11,2015-05-11,2015-05-13,ARV,Adult,Aurobindo Pharma Limited,"Lamivudine/Zidovudine 150/300mg, tablets, 60 Tabs",Lamivudine/Zidovudine,Generic,150/300mg,Tablet - FDC,60,1217,8239.09,6.77,0.11,"Aurobindo Unit III, India",True,124.0,976.44,8.47
4410,43918,116-ZA-T30,FPQ-13973,SCMS-238550,ASN-30792,South Africa,PMO - US,Direct Drop,DDP,Truck,2014-04-30,2014-05-08,2015-02-19,2015-02-19,2015-02-19,ARV,Pediatric,PHARMACY DIRECT,"Efavirenz 200mg, capsule, 90 Caps",Efavirenz,Generic,200mg,Capsule,90,3,70.76,23.59,0.26,"Aurobindo Unit III, India",False,1.0,0.0,0.07
4411,43928,116-ZA-T30,FPQ-12522,SCMS-199283,ASN-27980,South Africa,PMO - US,Direct Drop,DDP,Truck,2013-07-11,2014-08-27,2014-08-27,2014-08-27,2014-08-27,ARV,Adult,S. BUYS WHOLESALER,"Tenofovir Disoproxil Fumarate 300mg, tablets, 30 Tabs",Tenofovir Disoproxil Fumarate,Generic,300mg,Tablet,30,98,2214.85,22.6,0.75,"Aurobindo Unit III, India",False,22.0,0.0,2.74
4412,43929,114-UG-T30,FPQ-8497,SCMS-124980,ASN-13223,Uganda,PMO - US,Direct Drop,FCA,Air,2011-10-03,2011-10-21,2012-01-14,2012-01-14,2012-01-14,ARV,Adult,Hoffmann-La Roche ltd Basel,"Saquinavir 500mg [Invirase], tablets, 120 Tabs",Saquinavir,Invirase,500mg,Tablet,120,98,12362.16,126.14,1.05,Roche Basel,True,18.0,586.16,20.4
4413,43932,116-ZA-T30,FPQ-12522,SCMS-199283,ASN-27976,South Africa,PMO - US,Direct Drop,DDP,Truck,2013-07-11,2014-08-27,2014-08-27,2014-08-27,2014-08-27,ARV,Adult,S. BUYS WHOLESALER,"Lamivudine/Zidovudine 150/300mg, tablets, 60 Tabs",Lamivudine/Zidovudine,Generic,150/300mg,Tablet - FDC,60,55,1814.33,32.99,0.55,Hetero Unit III Hyderabad IN,False,6.0,0.0,2.24
4414,43970,109-TZ-T30,FPQ-6203,SCMS-82770,ASN-8625,Tanzania,PMO - US,Direct Drop,EXW,Ocean,2010-08-18,2010-08-25,2010-12-29,2010-12-29,2010-12-29,ARV,Adult,MYLAN LABORATORIES LTD (FORMERLY MATRIX LABORATORIES),"Efavirenz/Emtricitabine/Tenofovir Disoproxil Fumarate 600/200/300mg, tablets, 30 Tabs",Efavirenz/Emtricitabine/Tenofovir Disoproxil Fumarate,Generic,600/200/300mg,Tablet - FDC,30,53149,1057665.1,19.9,0.66,Mylan (formerly Matrix) Nashik,True,5803.0,27478.63,2280.33
4415,43972,116-ZA-T30,FPQ-13973,SCMS-238556,ASN-31854,South Africa,PMO - US,Direct Drop,DDP,Truck,2014-04-30,2015-04-28,2015-04-28,2015-04-28,2015-04-28,ARV,Adult,PHARMACY DIRECT,"Efavirenz 600mg, tablets, 30 Tabs",Efavirenz,Generic,600mg,Tablet,30,60,935.7,15.6,0.52,"Aurobindo Unit III, India",False,108.0,0.0,0.96
4416,43989,109-TZ-T30,FPQ-3782,SCMS-47730,ASN-4489,Tanzania,PMO - US,Direct Drop,CIP,Air,2009-06-11,2009-06-29,2009-08-11,2009-08-11,2009-08-11,ARV,Adult,BRISTOL-MYERS SQUIBB,"Didanosine EC 400mg [Videx EC], delayed-release capsules, Blister 3 x 10 Caps",Didanosine EC,Videx EC,400mg,Delayed-release capsules - blister,30,3000,71010.0,23.67,0.79,"BMS Meymac, France",True,363.0,777.0,139.18
4417,43998,161-ZA-T30,FPQ-7175,SCMS-103410,ASN-11587,South Africa,PMO - US,Direct Drop,DDP,Ocean,2011-03-10,2011-03-24,2011-09-14,2011-09-14,2011-09-14,ARV,Pediatric,Aurobindo Pharma Limited,"Efavirenz 50mg, capsule, 30 Caps",Efavirenz,Generic,50mg,Capsule,30,45232,110366.08,2.44,0.08,"Aurobindo Unit III, India",True,2674.0,5301.65,182.1
4418,44031,116-ZA-T30,FPQ-12522,SCMS-199289,ASN-28037,South Africa,PMO - US,Direct Drop,DDP,Truck,2013-07-11,2014-08-29,2014-08-29,2014-08-29,2014-08-29,ARV,Adult,S. BUYS WHOLESALER,"Didanosine 250mg, delayed-release capsules, 30 Caps",Didanosine,Generic,250mg,Delayed-release capsules,30,8,134.55,16.82,0.56,"Aurobindo Unit III, India",False,48.0,0.0,0.17
4419,44045,114-UG-T30,FPQ-3891,SCMS-52580,ASN-5101,Uganda,PMO - US,Direct Drop,EXW,Air,2009-07-22,2009-09-14,2009-11-11,2009-11-11,2009-11-11,ARV,Pediatric,EMCURE PHARMACEUTICALS LTD,"Atazanavir 150mg, capsules, 60 Caps",Atazanavir,Generic,150mg,Capsule,60,46,1200.14,26.09,0.43,"Emcure Plot No.P-2, I.T-B.T. Park, Phase II, MIDC, Hinjwadi, Pune, India",True,3.0,986.79,2.35
4420,44068,108-VN-T30,FPQ-15040,SCMS-263650,ASN-30554,Vietnam,PMO - US,Direct Drop,EXW,Air,2014-10-30,2014-12-08,2015-03-23,2015-03-23,2015-03-23,ARV,Adult,MYLAN LABORATORIES LTD (FORMERLY MATRIX LABORATORIES),"Efavirenz/Lamivudine/Tenofovir Disoproxil Fumarate 600/300/300mg, tablets, 30 Tabs",Efavirenz/Lamivudine/Tenofovir Disoproxil Fumarate,Generic,600/300/300mg,Tablet - FDC,30,21384,217047.6,10.15,0.34,Mylan (formerly Matrix) Nashik,True,2406.0,4219.32,223.12
4421,44082,133-NG-T30,FPQ-13741,SCMS-239690,ASN-26758,Nigeria,PMO - US,Direct Drop,EXW,Air,2014-02-13,2014-05-19,2014-07-09,2014-07-09,2014-07-17,HRDT,HIV test,"Orgenics, Ltd","HIV 1/2, Determine Complete HIV Kit, 100 Tests","HIV 1/2, Determine Complete HIV Kit",Determine,no_dosage,Test kit,100,11054,983806.0,89.0,0.89,"Alere Medical Co., Ltd.",True,4495.0,67915.7,1011.35
4422,44092,102-GY-T30,FPQ-6501,SCMS-89530,ASN-9004,Guyana,PMO - US,Direct Drop,EXW,Air,2010-10-08,2010-10-27,2011-01-12,2011-01-12,2011-01-12,HRDT,HIV test - Ancillary,"CHEMBIO DIAGNOSTIC SYSTEMS, INC.","HIV 1/2, Stat-Pak Buffer Only, 20 Tests","HIV 1/2, Stat-Pak Buffer Only",Stat-Pak,no_dosage,Test kit - Ancillary,1,40,100.0,2.5,2.5,Chembio Diagnostics Sys. Inc.,True,2.0,281.61,0.16
4423,44099,106-HT-T30,FPQ-11286,SCMS-176280,ASN-19666,Haiti,PMO - US,Direct Drop,FCA,Air,2013-01-16,2013-02-05,2013-06-20,2013-06-20,2013-06-20,ARV,Pediatric,ABBVIE LOGISTICS (FORMERLY ABBOTT LOGISTICS BV),"Lopinavir/Ritonavir 100/25mg [Aluvia], tablets, 60 Tabs",Lopinavir/Ritonavir,Generic,100/25mg,Tablet,60,612,3635.28,5.94,0.1,ABBVIE Ludwigshafen Germany,True,76.0,1286.68,4.5
4424,44105,106-HT-T30,FPQ-15038,SCMS-262890,ASN-32676,Haiti,PMO - US,Direct Drop,FCA,Air,2014-10-22,2015-01-30,2015-07-07,2015-07-07,2015-07-07,ARV,Adult,ABBVIE LOGISTICS (FORMERLY ABBOTT LOGISTICS BV),"Ritonavir 100mg [Norvir], film coated tablets, 60 Tabs",Ritonavir,Norvir,100mg,Tablet,60,350,2397.5,6.85,0.11,ABBVIE Ludwigshafen Germany,True,51.0,4126.9,2.46
4425,44121,102-SZ-T30,FPQ-12624,SCMS-200930,ASN-21890,Swaziland,PMO - US,Direct Drop,EXW,Air,2013-07-18,2013-09-04,2013-11-30,2013-11-30,2014-03-27,HRDT,HIV test,"Trinity Biotech, Plc","HIV 1/2, Uni-Gold HIV Kit, 20 Tests","HIV 1/2, Uni-Gold HIV Kit",Uni-Gold,no_dosage,Test kit,20,200,6400.0,32.0,1.6,"Trinity Biotech, Plc",True,167.5,3467.885,7.92
4426,44131,116-ZA-T30,FPQ-15269,SCMS-267020,ASN-29764,South Africa,PMO - US,Direct Drop,DDP,Truck,2014-10-29,2014-12-10,2014-12-10,2014-12-10,2014-12-10,ARV,Adult,S. BUYS WHOLESALER,"Abacavir 300mg, tablets, 60 Tabs",Abacavir,Generic,300mg,Tablet,60,82,5009.96,61.1,1.02,"Aurobindo Unit III, India",False,668.5,0.0,5.9
4427,44180,901-CM-T30,FPQ-12837,SCMS-204300,ASN-21698,Cameroon,PMO - US,Direct Drop,EXW,Air,2013-08-19,2013-08-23,2013-10-18,2013-10-18,2013-10-18,ARV,Adult,Aurobindo Pharma Limited,"Nevirapine 200mg, tablets, 60 Tabs",Nevirapine,Generic,200mg,Tablet,60,19429,43715.25,2.25,0.04,"Aurobindo Unit III, India",False,668.5,27460.25,54.08
4428,44183,116-ZA-T30,FPQ-4359,SCMS-54980,ASN-5373,South Africa,PMO - US,Direct Drop,DDP,Truck,2009-10-08,2009-10-15,2009-10-19,2009-10-19,2009-10-19,ARV,Adult,S. BUYS WHOLESALER,"Didanosine EC 250mg [Videx EC], delayed-release capsules, Blister 3 x 10 Caps",Didanosine EC,Videx EC,250mg,Delayed-release capsules - blister,30,60,1327.39,22.12,0.74,"BMS Meymac, France",False,108.0,0.0,2.6
4429,44204,101-ZA-T30,FPQ-12932,SCMS-206100,ASN-24547,South Africa,PMO - US,Direct Drop,DDP,Truck,2013-09-07,2013-09-19,2014-02-17,2014-02-17,2014-02-17,ARV,Adult,PHARMACY DIRECT,"Lamivudine 150mg [Epivir], tablets, 60 Tabs",Lamivudine,Epivir,150mg,Tablet,60,2500,21941.29,8.78,0.15,GSK Cape Town Factory (South Africa),False,284.0,0.0,27.14
4430,44209,109-TZ-T30,FPQ-13048,SCMS-210901,ASN-24564,Tanzania,PMO - US,Direct Drop,EXW,Air,2013-10-03,2014-01-08,2014-04-11,2014-04-11,2014-04-11,ARV,Adult,Aurobindo Pharma Limited,"Zidovudine 300mg, tablets, 60 Tabs",Zidovudine,Generic,300mg,Tablet,60,31528,171197.04,5.43,0.09,"Aurobindo Unit III, India",True,1899.0,10879.44,211.77
4431,44247,116-ZA-T30,FPQ-12522,SCMS-199283,ASN-27979,South Africa,PMO - US,Direct Drop,DDP,Truck,2013-07-11,2014-08-27,2014-08-27,2014-08-27,2014-08-27,ARV,Adult,S. BUYS WHOLESALER,"Didanosine 400mg, delayed-release capsules, 30 Caps",Didanosine,Generic,400mg,Delayed-release capsules,30,9,196.8,21.87,0.73,"Aurobindo Unit III, India",False,1.0,0.0,0.24
4432,44263,100-ZM-T30,FPQ-12179,SCMS-190730,ASN-20679,Zambia,PMO - US,Direct Drop,EXW,Air,2013-05-14,2013-05-22,2013-07-23,2013-07-23,2013-07-23,HRDT,HIV test,"Trinity Biotech, Plc","HIV 1/2, Uni-Gold HIV Kit, 20 Tests","HIV 1/2, Uni-Gold HIV Kit",Uni-Gold,no_dosage,Test kit,20,2730,87360.0,32.0,1.6,"Trinity Biotech, Plc",True,890.0,11367.59,108.06
4433,44265,107-RW-T30,FPQ-3859,SCMS-48873,ASN-9691,Rwanda,PMO - US,Direct Drop,CIP,Air,2009-06-30,2009-07-07,2011-02-08,2011-02-08,2011-02-08,ARV,Adult,Aurobindo Pharma Limited,"Didanosine 400mg, delayed-release capsules, 30 Caps",Didanosine,Generic,400mg,Delayed-release capsules,30,276,6187.92,22.42,0.75,"Aurobindo Unit III, India",True,26.0,0.0,12.13
4434,44304,133-NG-T30,FPQ-14305,SCMS-240830,ASN-27466,Nigeria,PMO - US,Direct Drop,EXW,Air,2014-05-16,2014-06-02,2014-08-19,2014-08-19,2014-11-04,HRDT,HIV test,"Orgenics, Ltd","HIV 1/2, Determine Complete HIV Kit, 100 Tests","HIV 1/2, Determine Complete HIV Kit",Determine,no_dosage,Test kit,100,4758,423462.0,89.0,0.89,"Alere Medical Co., Ltd.",True,1934.0,28895.07,435.32
4435,44307,161-ZA-T30,FPQ-6708,SCMS-93530,ASN-10252,South Africa,PMO - US,Direct Drop,DDP,Ocean,2010-11-26,2010-12-14,2011-04-07,2011-05-09,2011-05-09,ARV,Adult,Aurobindo Pharma Limited,"Tenofovir Disoproxil Fumarate 300mg, tablets, 30 Tabs",Tenofovir Disoproxil Fumarate,Generic,300mg,Tablet,30,39878,265188.7,6.65,0.22,"Aurobindo Unit III, India",True,668.5,0.0,437.56
4436,44315,105-GY-T30,FPQ-10249,SCMS-153890,ASN-17087,Guyana,PMO - US,Direct Drop,EXW,Air,2012-07-05,2012-07-26,2012-11-20,2012-11-20,2012-11-20,HRDT,HIV test,"Orgenics, Ltd","HIV 1/2, Determine Complete HIV Kit, 100 Tests","HIV 1/2, Determine Complete HIV Kit",Determine,no_dosage,Test kit,100,90,9000.0,100.0,1.0,"Alere Medical Co., Ltd.",True,41.0,1182.5,12.62
4437,44330,116-ZA-T30,FPQ-12522,SCMS-199283,ASN-27979,South Africa,PMO - US,Direct Drop,DDP,Truck,2013-07-11,2014-08-27,2014-08-27,2014-08-27,2014-08-27,ARV,Pediatric,S. BUYS WHOLESALER,"Lamivudine 10mg/ml, oral solution w/syringe, Bottle, 240 ml",Lamivudine,Generic,10mg/ml,Oral solution,240,14,111.95,8.0,0.03,"Aurobindo Unit III, India",False,38.5,0.0,0.14
4438,44340,116-ZA-T30,FPQ-13973,SCMS-238554,ASN-28627,South Africa,PMO - US,Direct Drop,DDP,Truck,2014-04-30,2014-10-03,2014-10-03,2014-10-03,2014-10-03,ARV,Adult,PHARMACY DIRECT,"Lamivudine 150mg, tablets, 60 Tabs",Lamivudine,Generic,150mg,Tablet,60,51,466.28,9.14,0.15,"Aurobindo Unit III, India",False,52.5,0.0,0.48
4439,44363,103-DO-T30,FPQ-11964,SCMS-202650,ASN-21798,Dominican Republic,PMO - US,Direct Drop,EXW,Air,2013-04-10,2013-08-12,2013-10-04,2013-10-04,2013-10-18,ARV,Adult,EMCURE PHARMACEUTICALS LTD,"Atazanavir 300mg, capsules, 30 Caps",Atazanavir,Generic,300mg,Capsule,30,1902,38040.0,20.0,0.67,"Emcure Plot No.P-2, I.T-B.T. Park, Phase II, MIDC, Hinjwadi, Pune, India",True,170.0,1965.62,47.06
4440,44373,108-VN-T30,FPQ-8428,SCMS-123520,ASN-13475,Vietnam,PMO - US,Direct Drop,EXW,Air,2011-09-21,2011-10-04,2012-03-01,2012-03-01,2012-03-01,ARV,Adult,Aurobindo Pharma Limited,"Lamivudine 150mg, tablets, 60 Tabs",Lamivudine,Generic,150mg,Tablet,60,13000,29900.0,2.3,0.04,"Aurobindo Unit III, India",False,2672.0,4400.805,49.34
4441,44393,110-ZM-T30,FPQ-14827,SCMS-256500,ASN-31165,Zambia,PMO - US,Direct Drop,EXW,Air,2014-08-19,2014-09-19,2015-05-12,2015-05-08,2015-05-12,HRDT,HIV test,"Orgenics, Ltd","HIV 1/2, Determine Complete HIV Kit, 100 Tests","HIV 1/2, Determine Complete HIV Kit",Determine,no_dosage,Test kit,100,5538,443040.0,80.0,0.8,"Alere Medical Co., Ltd.",True,5538.0,25380.88,455.45
4442,44448,161-ZA-T30,FPQ-7175,SCMS-104080,ASN-12035,South Africa,PMO - US,Direct Drop,DDP,Ocean,2011-03-10,2011-03-28,2011-12-13,2011-12-13,2011-12-13,ARV,Adult,CIPLA LIMITED,"Nevirapine 200mg, tablets, 60 Tabs",Nevirapine,Generic,200mg,Tablet,60,104636,284609.92,2.72,0.05,"Cipla, Goa, India",True,11275.0,8527.46,469.61
4443,44463,116-ZA-T30,FPQ-12522,SCMS-199289,ASN-28033,South Africa,PMO - US,Direct Drop,DDP,Truck,2013-07-11,2014-08-29,2014-08-29,2014-08-29,2014-08-29,ARV,Adult,S. BUYS WHOLESALER,"Lamivudine 150mg, tablets, 60 Tabs",Lamivudine,Generic,150mg,Tablet,60,608,5932.29,9.76,0.16,Hetero Unit III Hyderabad IN,False,223.0,0.0,7.34
4444,44486,116-ZA-T30,FPQ-13035,SCMS-215370,ASN-24415,South Africa,PMO - US,Direct Drop,DDP,Truck,2013-10-08,2013-12-02,2014-02-06,2014-02-06,2014-02-06,ARV,Pediatric,S. BUYS WHOLESALER,"Efavirenz 50mg, capsule, 30 Caps",Efavirenz,Generic,50mg,Capsule,30,182,541.83,2.98,0.1,"Aurobindo Unit III, India",False,40.0,0.0,0.67
4445,44501,108-VN-T30,FPQ-10287,SCMS-155710,ASN-17020,Vietnam,PMO - US,Direct Drop,FCA,Air,2012-07-25,2012-08-14,2012-12-11,2012-12-11,2012-12-11,ARV,Pediatric,ABBVIE LOGISTICS (FORMERLY ABBOTT LOGISTICS BV),"Lopinavir/Ritonavir 100/25mg [Aluvia], tablets, 60 Tabs",Lopinavir/Ritonavir,Generic,100/25mg,Tablet,60,396,6023.16,15.21,0.25,ABBVIE Ludwigshafen Germany,True,53.0,439.17,8.44
4446,44516,104-CI-T30,FPQ-11294,SCMS-173130,ASN-19140,Côte d'Ivoire,PMO - US,Direct Drop,EXW,Air,2012-12-14,2013-01-15,2013-04-26,2013-04-26,2013-04-26,HRDT,HIV test,"Orgenics, Ltd","HIV 1/2, Determine Complete HIV Kit, 100 Tests","HIV 1/2, Determine Complete HIV Kit",Determine,no_dosage,Test kit,100,2104,168320.0,80.0,0.8,"Alere Medical Co., Ltd.",True,917.0,16661.34,208.21
4447,44567,107-RW-T30,FPQ-10223,SCMS-152910,ASN-15894,Rwanda,PMO - US,Direct Drop,EXW,Air,2012-07-05,2012-07-16,2012-09-09,2012-09-09,2012-09-09,ARV,Adult,Aurobindo Pharma Limited,"Nevirapine 200mg, tablets, 60 Tabs",Nevirapine,Generic,200mg,Tablet,60,57961,130412.25,2.25,0.04,"Aurobindo Unit III, India",True,5525.0,43237.33,182.84
4448,44577,103-ZW-T30,FPQ-9905,SCMS-148300,ASN-17259,Zimbabwe,PMO - US,Direct Drop,FCA,Air,2012-05-29,2012-07-18,2012-12-13,2012-12-13,2012-12-13,ARV,Pediatric,ABBVIE LOGISTICS (FORMERLY ABBOTT LOGISTICS BV),"Lopinavir/Ritonavir 80/20mg/ml [Kaletra], oral solution, cool, Bottle 5 x 60 ml",Lopinavir/Ritonavir,Kaletra,80/20mg/ml,Oral solution,300,1024,31559.68,30.82,0.1,ABBVIE (Abbott) Logis. UK,True,1014.0,0.0,44.25
4449,44597,101-CD-T30,FPQ-16001,SCMS-280210,ASN-31750,"Congo, DRC",PMO - US,Direct Drop,EXW,Air,2015-03-10,2015-03-16,2015-07-02,2015-07-02,2015-07-30,HRDT,HIV test,"Trinity Biotech, Plc","HIV 1/2, Uni-Gold HIV Kit, 20 Tests","HIV 1/2, Uni-Gold HIV Kit",Uni-Gold,no_dosage,Test kit,20,39,1248.0,32.0,1.6,"Trinity Biotech, Plc",False,15.0,2346.5699999999997,1.47
4450,44612,108-VN-T30,FPQ-5317,SCMS-69730,ASN-8447,Vietnam,PMO - US,Direct Drop,EXW,Air,2010-03-22,2010-03-29,2010-11-09,2010-11-09,2010-11-09,ARV,Adult,MYLAN LABORATORIES LTD (FORMERLY MATRIX LABORATORIES),"Efavirenz 600mg, tablets, 30 Tabs",Efavirenz,Generic,600mg,Tablet,30,40890,175827.0,4.3,0.14,Mylan (formerly Matrix) Nashik,True,3329.0,10455.35,379.08
4451,44615,108-VN-T30,FPQ-16194,SCMS-285500,ASN-33266,Vietnam,PMO - US,Direct Drop,EXW,Air,2015-04-14,2015-05-13,2015-09-03,2015-09-03,2015-09-03,ARV,Adult,HETERO LABS LIMITED,"Lamivudine 150mg, tablets, 60 Tabs",Lamivudine,Generic,150mg,Tablet,60,5700,10260.0,1.8,0.03,Hetero Unit III Hyderabad IN,True,1671.5,4400.805,12.08
4452,44630,108-VN-T30,FPQ-11560,SCMS-177630,ASN-20043,Vietnam,PMO - US,Direct Drop,EXW,Air,2013-02-07,2013-02-13,2013-07-13,2013-07-13,2013-07-13,ARV,Adult,MYLAN LABORATORIES LTD (FORMERLY MATRIX LABORATORIES),"Efavirenz/Lamivudine/Tenofovir Disoproxil Fumarate 600/300/300mg, tablets, 30 Tabs",Efavirenz/Lamivudine/Tenofovir Disoproxil Fumarate,Generic,600/300/300mg,Tablet - FDC,30,30339,348595.11,11.49,0.38,Mylan (formerly Matrix) Nashik,True,3419.0,15006.27,431.21
4453,44643,108-VN-T30,FPQ-15692,SCMS-274370,ASN-32258,Vietnam,PMO - US,Direct Drop,EXW,Air,2015-01-28,2015-02-17,2015-07-13,2015-07-13,2015-07-14,ARV,Adult,HETERO LABS LIMITED,"Abacavir 300mg, tablets, 60 Tabs",Abacavir,Generic,300mg,Tablet,60,2000,21900.0,10.95,0.18,Hetero Unit III Hyderabad IN,False,274.0,4400.805,25.78
4454,44694,144-BW-T30,FPQ-4167,SCMS-54210,ASN-5491,Botswana,PMO - US,Direct Drop,EXW,Air,2009-09-09,2009-09-30,2009-11-30,2009-11-30,2009-11-30,HRDT,HIV test - Ancillary,Orasure Technologies Inc.,"#109435**HIV, OraQuick Controls Kit, 3 Vials","HIV, OraQuick Controls Kit, 3 Vials",OraQuick,no_dosage,Test kit - Ancillary,3,10,250.0,25.0,8.33,"Orasure Technologies, Inc USA",True,6.0,304.76,0.49
4455,44702,117-ET-T30,FPQ-12272,SCMS-190800,ASN-20675,Ethiopia,PMO - US,Direct Drop,EXW,Air,2013-05-09,2013-05-22,2013-07-30,2013-07-30,2013-07-30,HRDT,HIV test,"SHANGHAI KEHUA BIOENGINEERING CO.,LTD.  (KHB)","HIV 1/2, SKB Colloidal Gold, Diagnostic Kit, Antibody, 50 Tests","HIV 1/2, Colloidal Gold, Diagnostic Kit, Antibody",Colloidal Gold,no_dosage,Test kit,1,4162,101969.0,24.5,24.5,"KHB Test Kit Facility, Shanghai China",True,2777.0,34137.03,126.14
4456,44724,108-VN-T30,FPQ-16194,SCMS-285460,ASN-33291,Vietnam,PMO - US,Direct Drop,EXW,Air,2015-04-14,2015-05-11,2015-09-01,2015-09-01,2015-09-01,ARV,Adult,Aurobindo Pharma Limited,"Efavirenz 600mg, tablets, 30 Tabs",Efavirenz,Generic,600mg,Tablet,30,3000,9900.0,3.3,0.11,"Aurobindo Unit III, India",True,342.0,4400.805,11.65
4457,44737,108-VN-T30,FPQ-9001,SCMS-131690,ASN-14517,Vietnam,PMO - US,Direct Drop,EXW,Air,2011-12-15,2012-01-16,2012-05-16,2012-05-16,2012-05-16,ARV,Adult,MYLAN LABORATORIES LTD (FORMERLY MATRIX LABORATORIES),"Tenofovir Disoproxil Fumarate 300mg, tablets, 30 Tabs",Tenofovir Disoproxil Fumarate,Generic,300mg,Tablet,30,20142,99702.9,4.95,0.16,Mylan (formerly Matrix) Nashik,True,6142.0,13850.65,139.78
4458,44778,104-CI-T30,FPQ-6897,SCMS-100950,ASN-11130,Côte d'Ivoire,PMO - US,Direct Drop,CIP,Air,2011-01-05,2011-02-28,2011-07-01,2011-07-01,2011-07-01,ARV,Pediatric,MERCK SHARP & DOHME IDEA GMBH (FORMALLY MERCK SHARP & DOHME B.V.),"Efavirenz 30mg/ml [Stocrin/Sustiva], oral solution, Bottle, 180 ml",Efavirenz,Stocrin/Sustiva,30mg/ml,Oral solution,180,3399,57647.04,16.96,0.09,"MSD, Haarlem, NL",True,1014.0,2093.32,95.12
4459,44783,104-CI-T30,FPQ-7192,SCMS-104290,ASN-11160,Côte d'Ivoire,PMO - US,Direct Drop,EXW,Air,2011-02-17,2011-04-18,2011-06-30,2011-06-30,2011-06-30,HRDT,HIV test,"Standard Diagnostics, Inc.","HIV 1/2, Bioline 3.0 Kit, (no accessories), 30 Tests","HIV 1/2, Bioline 3.0 Kit (no accessories)",Bioline,no_dosage,Test kit,30,2418,58032.0,24.0,0.8,"Standard Diagnostics, Korea",True,859.0,7894.76,95.75
4460,44808,109-TZ-T30,FPQ-9622,SCMS-143750,ASN-15399,Tanzania,PMO - US,Direct Drop,EXW,Air,2012-04-03,2012-04-23,2012-07-25,2012-07-25,2012-07-25,HRDT,HIV test,"Orgenics, Ltd","HIV 1/2, Determine Complete HIV Kit, 100 Tests","HIV 1/2, Determine Complete HIV Kit",Determine,no_dosage,Test kit,100,1387,110960.0,80.0,0.8,"Alere Medical Co., Ltd.",True,662.0,12035.47,155.57
4461,44816,133-NG-T30,FPQ-14995,SCMS-260700,ASN-29935,Nigeria,PMO - US,Direct Drop,EXW,Air,2014-09-22,2014-10-29,2015-01-19,2015-01-16,2015-01-22,HRDT,HIV test,"Orgenics, Ltd","HIV 1/2, Determine Complete HIV Kit, 100 Tests","HIV 1/2, Determine Complete HIV Kit",Determine,no_dosage,Test kit,100,6158,548062.0,89.0,0.89,"Alere Medical Co., Ltd.",True,2493.0,31090.27,563.41
4462,44855,116-ZA-T30,FPQ-14942,SCMS-259073,ASN-30671,South Africa,PMO - US,Direct Drop,DDP,Truck,2014-09-11,2015-02-12,2015-02-12,2015-02-12,2015-02-12,ARV,Adult,PHARMACY DIRECT,"Lamivudine 150mg, tablets, 60 Tabs",Lamivudine,Generic,150mg,Tablet,60,189,1248.67,6.61,0.11,"Aurobindo Unit III, India",False,17.0,0.0,1.28
4463,44860,108-VN-T30,FPQ-16194,SCMS-285490,ASN-33146,Vietnam,PMO - US,Direct Drop,EXW,Air,2015-04-14,2015-05-13,2015-09-07,2015-09-07,2015-09-07,ARV,Adult,HETERO LABS LIMITED,"Efavirenz/Lamivudine/Tenofovir Disoproxil Fumarate 600/300/300mg, tablets, 30 Tabs",Efavirenz/Lamivudine/Tenofovir Disoproxil Fumarate,Generic,600/300/300mg,Tablet - FDC,30,2196,20862.0,9.5,0.32,Hetero Unit III Hyderabad IN,True,145.0,4400.805,24.55
4464,44908,111-MZ-T30,FPQ-3588,SCMS-45670,ASN-5525,Mozambique,PMO - US,Direct Drop,CIP,Air,2009-03-25,2009-05-13,2009-12-04,2009-12-04,2009-12-04,ARV,Adult,GLAXOSMITHKLINE EXPORT LIMITED,"Abacavir/Lamivudine/Zidovudine 300/150/300mg [Trizivir], tablets, 60 Tabs",Abacavir/Lamivudine/Zidovudine,Trizivir,300/150/300mg,Tablet - FDC,60,1020,54784.2,53.71,0.9,GSK Ware (UK),False,668.5,0.0,107.38
4465,44913,116-ZA-T30,FPQ-11828,SCMS-183950,ASN-19166,South Africa,South Africa Field Office,Direct Drop,DDP,Truck,2013-03-18,2012-10-16,2013-04-16,2013-04-16,2013-04-16,ARV,Adult,S. BUYS WHOLESALER,"Lopinavir/Ritonavir 200/50mg [Aluvia], tablets, 120 Tabs",Lopinavir/Ritonavir,Aluvia,200/50mg,Tablet,120,62,1549.54,24.99,0.21,ABBVIE Ludwigshafen Germany,False,5.0,0.0,1.92
4466,44920,108-VN-T30,FPQ-4720,SCMS-62820,ASN-6687,Vietnam,PMO - US,Direct Drop,EXW,Air,2009-01-04,2010-01-14,2010-05-18,2010-05-18,2010-05-18,ARV,Adult,Aurobindo Pharma Limited,"Stavudine 30mg, capsules, 60 Caps",Stavudine,Generic,30mg,Capsule,60,9744,14128.8,1.45,0.02,"Aurobindo Unit III, India",True,656.0,6158.0,30.46
4467,44922,106-HT-T30,FPQ-9894,SCMS-147600,ASN-15679,Haiti,PMO - US,Direct Drop,DDP,Truck,2012-05-22,2012-06-05,2012-06-28,2012-07-05,2012-07-05,HRDT,HIV test,REINBOLD EXPORT IMPORT,"HIV 1/2, Determine Complete HIV Kit, 100 Tests","HIV 1/2, Determine Complete HIV Kit",Determine,no_dosage,Test kit,100,1250,160937.5,128.75,1.29,"Alere Medical Co., Ltd.",True,394.0,0.0,225.63
4468,44930,133-NG-T30,FPQ-12456,SCMS-196560,ASN-21218,Nigeria,PMO - US,Direct Drop,EXW,Air,2013-06-10,2013-07-10,2013-09-18,2013-09-18,2013-09-18,HRDT,HIV test,"Orgenics, Ltd","HIV 1/2, Determine Complete HIV Kit, 100 Tests","HIV 1/2, Determine Complete HIV Kit",Determine,no_dosage,Test kit,100,3055,271895.0,89.0,0.89,"Alere Medical Co., Ltd.",True,1241.0,13325.59,336.33
4469,44942,151-NG-T30,FPQ-6249,SCMS-86060,ASN-9590,Nigeria,PMO - US,Direct Drop,FCA,Air,2010-08-27,2010-09-23,2011-02-08,2011-02-08,2011-02-08,ARV,Adult,ABBVIE LOGISTICS (FORMERLY ABBOTT LOGISTICS BV),"Ritonavir 100mg [Norvir], capsules, cool, 4 x 84 Caps",Ritonavir,Norvir,100mg,Capsule,336,273,10472.28,38.36,0.11,ABBVIE (Abbott) Logis. UK,True,520.0,3759.22,22.58
4470,44962,114-UG-T30,FPQ-9365,SCMS-142260,ASN-14702,Uganda,PMO - US,Direct Drop,FCA,Air,2012-03-15,2012-04-04,2012-05-04,2012-05-04,2012-05-04,ARV,Pediatric,ABBVIE LOGISTICS (FORMERLY ABBOTT LOGISTICS BV),"Lopinavir/Ritonavir 100/25mg [Aluvia], tablets, 60 Tabs",Lopinavir/Ritonavir,Generic,100/25mg,Tablet,60,210,1554.0,7.4,0.12,ABBVIE Ludwigshafen Germany,True,36.0,677.4,2.18
4471,44964,161-ZA-T30,FPQ-5303,SCMS-68980,ASN-7664,South Africa,PMO - US,Direct Drop,DDP,Air,2010-03-18,2010-03-19,2010-08-24,2010-08-11,2010-08-11,ARV,Adult,Aurobindo Pharma Limited,"Lamivudine 150mg, tablets, 60 Tabs",Lamivudine,Generic,150mg,Tablet,60,33972,85949.16,2.53,0.04,"Aurobindo Unit III, India",True,1823.0,1791.42,185.31
4472,45020,116-ZA-T30,FPQ-13973,SCMS-238552,ASN-27610,South Africa,PMO - US,Direct Drop,DDP,Truck,2014-04-30,2014-08-05,2014-08-05,2014-08-05,2014-08-05,ARV,Adult,PHARMACY DIRECT,"Raltegravir 400mg [Isentress], tablets, 60 Tabs",Raltegravir,Isentress,400mg,Tablet,60,20,1599.83,79.99,1.33,"MSD, Haarlem, NL",False,35.5,0.0,1.64
4473,45034,116-ZA-T30,FPQ-4054,SCMS-51260,ASN-4939,South Africa,PMO - US,Direct Drop,DDP,Truck,2009-07-29,2009-08-07,2009-09-03,2009-09-03,2009-09-03,ARV,Adult,S. BUYS WHOLESALER,"Ritonavir 100mg [Norvir], capsules, cool, 84 Caps",Ritonavir,Norvir,100mg,Capsule,84,40,431.92,10.8,0.13,ABBVIE (Abbott) Logis. UK,True,56.5,0.0,0.85
4474,45048,116-ZA-T30,FPQ-13035,SCMS-215370,ASN-24415,South Africa,PMO - US,Direct Drop,DDP,Truck,2013-10-08,2013-12-02,2014-02-06,2014-02-06,2014-02-06,ARV,Adult,S. BUYS WHOLESALER,"Stavudine 30mg, capsules, 60 Caps",Stavudine,Generic,30mg,Capsule,60,408,1608.59,3.94,0.07,"Aurobindo Unit III, India",False,34.0,0.0,1.99
4475,45057,116-ZA-T30,FPQ-12522,SCMS-199289,ASN-28036,South Africa,PMO - US,Direct Drop,DDP,Truck,2013-07-11,2014-08-29,2014-08-29,2014-08-29,2014-08-29,ARV,Adult,S. BUYS WHOLESALER,"Efavirenz 600mg, tablets, 30 Tabs",Efavirenz,Generic,600mg,Tablet,30,1043,17283.85,16.57,0.55,Hetero Unit III Hyderabad IN,False,332.0,0.0,21.38
4476,45090,116-ZA-T30,FPQ-11828,SCMS-183950,ASN-19166,South Africa,South Africa Field Office,Direct Drop,DDP,Truck,2013-03-18,2012-10-16,2013-04-16,2013-04-16,2013-04-16,ARV,Adult,S. BUYS WHOLESALER,"Tenofovir Disoproxil Fumarate 300mg, tablets, 30 Tabs",Tenofovir Disoproxil Fumarate,Generic,300mg,Tablet,30,621,12768.22,20.56,0.69,"Aurobindo Unit III, India",False,40.0,0.0,15.79
4477,45143,116-ZA-T30,FPQ-12522,SCMS-199289,ASN-28033,South Africa,PMO - US,Direct Drop,DDP,Truck,2013-07-11,2014-08-29,2014-08-29,2014-08-29,2014-08-29,ARV,Adult,S. BUYS WHOLESALER,"Didanosine 400mg, delayed-release capsules, 30 Caps",Didanosine,Generic,400mg,Delayed-release capsules,30,17,368.99,21.71,0.72,"Aurobindo Unit III, India",False,50.0,0.0,0.46
4478,45147,114-UG-T30,FPQ-15303,SCMS-264980,ASN-33165,Uganda,PMO - US,Direct Drop,EXW,Air,2014-11-11,2014-11-25,2015-07-27,2015-07-27,2015-07-28,ARV,Adult,EMCURE PHARMACEUTICALS LTD,"Atazanavir/Ritonavir 300/100mg, tablets, 30 Tabs",Atazanavir/Ritonavir,Generic,300/100mg,Tablet,30,6907,124326.0,18.0,0.6,"Emcure Plot No.P-2, I.T-B.T. Park, Phase II, MIDC, Hinjwadi, Pune, India",True,668.5,2485.92,146.33
4479,45149,108-VN-T30,FPQ-6384,SCMS-87720,ASN-9249,Vietnam,PMO - US,Direct Drop,EXW,Air,2010-09-30,2010-10-14,2011-02-11,2011-02-11,2011-02-11,ARV,Adult,Aurobindo Pharma Limited,"Didanosine 250mg, delayed-release capsules, 30 Caps",Didanosine,Generic,250mg,Delayed-release capsules,30,300,3900.0,13.0,0.43,"Aurobindo Unit III, India",True,21.0,3657.69,8.41
4480,45150,900-SS-T30,FPQ-11623,SCMS-178030,ASN-19143,South Sudan,PMO - US,Direct Drop,EXW,Air,2013-02-08,2013-02-27,2013-08-16,2013-08-16,2013-08-16,HRDT,HIV test - Ancillary,"Orgenics, Ltd","Chase Buffer, Determine, 100 Tests, 2.5ml x 1 Vial","Chase Buffer, Determine, 100 Tests, 2.5ml x 1 Vial",Determine,no_dosage,Test kit - Ancillary,1,116,580.0,5.0,5.0,"Alere Medical Co., Ltd.",False,45.0,2575.925,0.72
4481,45158,108-VN-T30,FPQ-5317,SCMS-69230,ASN-7571,Vietnam,PMO - US,Direct Drop,FCA,Air,2010-03-22,2010-03-31,2010-07-31,2010-07-31,2010-07-31,ARV,Adult,ABBVIE LOGISTICS (FORMERLY ABBOTT LOGISTICS BV),"Lopinavir/Ritonavir 200/50mg [Aluvia], tablets, 120 Tabs",Lopinavir/Ritonavir,Aluvia,200/50mg,Tablet,120,1010,83022.0,82.2,0.68,ABBVIE Ludwigshafen Germany,True,255.0,8227.99,179.0
4482,45160,102-SS-T30,FPQ-9038,SCMS-137180,ASN-14933,South Sudan,PMO - US,Direct Drop,EXW,Air,2012-01-17,2012-02-15,2012-06-04,2012-06-04,2012-06-04,HRDT,HIV test,"Trinity Biotech, Plc","HIV 1/2, Uni-Gold HIV Kit, 20 Tests","HIV 1/2, Uni-Gold HIV Kit",Uni-Gold,no_dosage,Test kit,20,176,5632.0,32.0,1.6,"Trinity Biotech, Plc",True,71.0,1743.35,7.9
4483,45168,116-ZA-T30,FPQ-13035,SCMS-215370,ASN-24415,South Africa,PMO - US,Direct Drop,DDP,Truck,2013-10-08,2013-12-02,2014-02-06,2014-02-06,2014-02-06,ARV,Adult,S. BUYS WHOLESALER,"Lamivudine/Zidovudine 150/300mg, tablets, 60 Tabs",Lamivudine/Zidovudine,Generic,150/300mg,Tablet - FDC,60,920,25777.7,28.02,0.47,"Cipla, Goa, India",False,668.5,0.0,31.89
4484,45178,105-SS-T30,FPQ-12623,SCMS-200910,ASN-22040,South Sudan,PMO - US,Direct Drop,EXW,Air,2013-07-18,2013-08-05,2013-11-08,2013-11-08,2013-11-11,HRDT,HIV test,"Orgenics, Ltd","HIV 1/2, Determine Complete HIV Kit, 100 Tests","HIV 1/2, Determine Complete HIV Kit",Determine,no_dosage,Test kit,100,450,40050.0,89.0,0.89,"Alere Medical Co., Ltd.",True,188.0,2997.85,49.54
4485,45197,116-ZA-T30,FPQ-14942,SCMS-259079,ASN-33851,South Africa,PMO - US,Direct Drop,DDP,Truck,2014-09-11,2014-10-09,2015-08-24,2015-08-24,2015-08-24,ARV,Adult,PHARMACY DIRECT,"Lamivudine/Zidovudine 150/300mg, tablets, 60 Tabs",Lamivudine/Zidovudine,Generic,150/300mg,Tablet - FDC,60,27,620.91,23.0,0.38,"Aurobindo Unit III, India",False,5.0,0.0,0.64
4486,45202,116-ZA-T30,FPQ-11828,SCMS-183950,ASN-19166,South Africa,South Africa Field Office,Direct Drop,DDP,Truck,2013-03-18,2012-10-16,2013-04-16,2013-04-16,2013-04-16,ARV,Pediatric,S. BUYS WHOLESALER,"Abacavir 20mg/ml [Ziagen], oral solution, Bottle, 240 ml",Abacavir,Ziagen,20mg/ml,Oral solution,240,1021,23275.52,22.8,0.1,GSK Mississauga (Canada),False,1013.0,0.0,28.79
4487,45248,111-MZ-T30,FPQ-13093,SCMS-211550,ASN-24474,Mozambique,PMO - US,Direct Drop,EXW,Air,2013-10-15,2013-11-12,2014-04-02,2014-04-02,2014-04-11,HRDT,HIV test,"Trinity Biotech, Plc","HIV 1/2, Uni-Gold HIV Kit, 20 Tests","HIV 1/2, Uni-Gold HIV Kit",Uni-Gold,no_dosage,Test kit,20,5673,181536.0,32.0,1.6,"Trinity Biotech, Plc",True,1674.0,10780.63,186.62
4488,45267,111-MZ-T30,FPQ-11440,SCMS-174050,ASN-18080,Mozambique,PMO - US,Direct Drop,EXW,Air,2013-01-09,2013-01-17,2013-03-17,2013-03-17,2013-03-17,HRDT,HIV test,"Trinity Biotech, Plc","HIV 1/2, Uni-Gold HIV Kit, 20 Tests","HIV 1/2, Uni-Gold HIV Kit",Uni-Gold,no_dosage,Test kit,20,151,4832.0,32.0,1.6,"Trinity Biotech, Plc",True,54.0,1032.57,5.98
4489,45278,116-ZA-T30,FPQ-12522,SCMS-199283,ASN-27980,South Africa,PMO - US,Direct Drop,DDP,Truck,2013-07-11,2014-08-27,2014-08-27,2014-08-27,2014-08-27,ARV,Adult,S. BUYS WHOLESALER,"Lopinavir/Ritonavir 200/50mg [Aluvia], tablets, 120 Tabs",Lopinavir/Ritonavir,Aluvia,200/50mg,Tablet,120,23,592.47,25.76,0.21,ABBVIE Ludwigshafen Germany,False,27.0,0.0,0.73
4490,45287,161-ZA-T30,FPQ-7175,SCMS-103340,ASN-11431,South Africa,PMO - US,Direct Drop,DDP,Ocean,2011-03-10,2011-03-24,2011-09-14,2011-09-14,2011-09-14,ARV,Pediatric,Aurobindo Pharma Limited,"Efavirenz 200mg, capsule, 90 Caps",Efavirenz,Generic,200mg,Capsule,90,25000,204250.0,8.17,0.09,"Aurobindo Unit III, India",True,3313.0,5192.74,337.01
4491,45292,106-HT-T30,FPQ-12590,SCMS-210520,ASN-26068,Haiti,PMO - US,Direct Drop,EXW,Air,2013-08-21,2013-10-25,2014-06-23,2014-06-23,2014-07-01,ARV,Pediatric,MYLAN LABORATORIES LTD (FORMERLY MATRIX LABORATORIES),"Abacavir/Lamivudine 60/30mg, tablets, 60 Tabs",Abacavir/Lamivudine,Generic,60/30mg,Tablet - FDC,60,3024,11944.8,3.95,0.07,Mylan (formerly Matrix) Nashik,True,140.0,1694.3,14.78
4492,45320,116-ZA-T30,FPQ-12522,SCMS-199283,ASN-27979,South Africa,PMO - US,Direct Drop,DDP,Truck,2013-07-11,2014-08-27,2014-08-27,2014-08-27,2014-08-27,ARV,Adult,S. BUYS WHOLESALER,"Nevirapine 200mg, tablets, 60 Tabs",Nevirapine,Generic,200mg,Tablet,60,33,650.7,19.72,0.33,"Aurobindo Unit III, India",False,668.5,0.0,0.8
4493,45327,901-NA-T30,FPQ-14728,SCMS-252630,ASN-29183,Namibia,PMO - US,Direct Drop,EXW,Air,2014-07-30,2014-08-19,2014-11-25,2014-11-25,2014-11-26,ARV,Adult,MYLAN LABORATORIES LTD (FORMERLY MATRIX LABORATORIES),"Efavirenz/Emtricitabine/Tenofovir Disoproxil Fumarate 600/200/300mg, tablets, 30 Tabs",Efavirenz/Emtricitabine/Tenofovir Disoproxil Fumarate,Generic,600/200/300mg,Tablet - FDC,30,17640,185220.0,10.5,0.35,"Mylan,  H-12 & H-13, India",False,668.5,2541.8,190.41
4494,45347,116-ZA-T30,FPQ-12522,SCMS-199283,ASN-27978,South Africa,PMO - US,Direct Drop,DDP,Truck,2013-07-11,2014-08-27,2014-08-27,2014-08-27,2014-08-27,ARV,Adult,S. BUYS WHOLESALER,"Abacavir 300mg, tablets, 60 Tabs",Abacavir,Generic,300mg,Tablet,60,50,3857.34,77.15,1.29,"Aurobindo Unit III, India",False,35.0,0.0,4.77
4495,45348,116-ZA-T30,FPQ-14942,SCMS-259077,ASN-33478,South Africa,PMO - US,Direct Drop,DDP,Truck,2014-09-11,2014-10-09,2015-07-24,2015-07-24,2015-07-24,ARV,Adult,PHARMACY DIRECT,"Darunavir 600mg [Prezista], tablets, 60 Tabs",Darunavir,Prezista,600mg,Tablet,60,37,1874.52,50.66,0.84,"Janssen-Cilag, Latina, IT",False,668.5,0.0,1.93
4496,45361,116-ZA-T30,FPQ-3596,SCMS-50360,ASN-5450,South Africa,PMO - US,Direct Drop,DDP,Truck,2009-05-07,2009-09-22,2009-10-27,2009-10-27,2009-10-27,ARV,Adult,S. BUYS WHOLESALER,"Lopinavir/Ritonavir 200/50mg [Aluvia], tablets, 120 Tabs",Lopinavir/Ritonavir,Aluvia,200/50mg,Tablet,120,3500,152545.53,43.58,0.36,ABBVIE Ludwigshafen Germany,True,1208.0,0.0,298.99
4497,45377,116-ZA-T30,FPQ-12522,SCMS-199289,ASN-28034,South Africa,PMO - US,Direct Drop,DDP,Truck,2013-07-11,2014-08-29,2014-08-29,2014-08-29,2014-08-29,ARV,Adult,S. BUYS WHOLESALER,"Abacavir 300mg, tablets, 60 Tabs",Abacavir,Generic,300mg,Tablet,60,86,6545.32,76.11,1.27,"Aurobindo Unit III, India",False,100.0,0.0,8.1
4498,45400,108-VN-T30,FPQ-4302,SCMS-53720,ASN-5183,Vietnam,PMO - US,Direct Drop,FCA,Air,2009-09-18,2009-09-24,2009-11-03,2009-11-03,2009-11-03,ARV,Adult,ABBVIE LOGISTICS (FORMERLY ABBOTT LOGISTICS BV),"Ritonavir 100mg [Norvir], capsules, cool, 4 x 84 Caps",Ritonavir,Norvir,100mg,Capsule,336,40,3068.8,76.72,0.23,ABBVIE (Abbott) Logis. UK,True,114.0,4410.73,6.01
4499,45440,107-RW-T30,FPQ-13651,SCMS-227720,ASN-25268,Rwanda,PMO - US,Direct Drop,EXW,Air,2014-02-05,2014-02-28,2014-05-06,2014-05-06,2014-05-15,ARV,Pediatric,Aurobindo Pharma Limited,"Nevirapine 10mg/ml, oral suspension w/syringe, Bottle, 240 ml",Nevirapine,Generic,10mg/ml,Oral suspension,240,6821,10299.71,1.51,0.01,"Aurobindo Unit III, India",True,2686.0,0.0,10.59
4500,45442,161-ZA-T30,FPQ-6708,SCMS-93570,ASN-11702,South Africa,PMO - US,Direct Drop,DDP,Ocean,2010-11-26,2010-12-14,2011-10-05,2011-09-20,2011-09-20,ARV,Adult,Aurobindo Pharma Limited,"Tenofovir Disoproxil Fumarate 300mg, tablets, 30 Tabs",Tenofovir Disoproxil Fumarate,Generic,300mg,Tablet,30,137130,911914.5,6.65,0.22,"Aurobindo Unit III, India",True,45800.0,9726.53,1504.66
4501,45460,116-ZA-T30,FPQ-14942,SCMS-259075,ASN-32138,South Africa,PMO - US,Direct Drop,DDP,Truck,2014-09-11,2015-05-11,2015-05-12,2015-05-12,2015-05-12,ARV,Adult,PHARMACY DIRECT,"Lamivudine/Zidovudine 150/300mg, tablets, 60 Tabs",Lamivudine/Zidovudine,Generic,150/300mg,Tablet - FDC,60,3,64.23,21.41,0.36,"Aurobindo Unit III, India",False,1.0,0.0,0.07
4502,45505,900-SS-T30,FPQ-10504,SCMS-157870,ASN-16323,South Sudan,PMO - US,Direct Drop,EXW,Air,2012-08-15,2012-08-21,2012-10-18,2012-10-18,2012-10-18,HRDT,HIV test,"Trinity Biotech, Plc","HIV 1/2, Uni-Gold HIV Kit, 20 Tests","HIV 1/2, Uni-Gold HIV Kit",Uni-Gold,no_dosage,Test kit,20,47,1504.0,32.0,1.6,"Trinity Biotech, Plc",True,15.0,870.22,2.11
4503,45536,116-ZA-T30,FPQ-11828,SCMS-183950,ASN-19166,South Africa,South Africa Field Office,Direct Drop,DDP,Truck,2013-03-18,2012-10-16,2013-04-16,2013-04-16,2013-04-16,ARV,Adult,S. BUYS WHOLESALER,"Nevirapine 200mg [Viramune], tablets, 60 Tabs",Nevirapine,Viramune,200mg,Tablet,60,2,36.18,18.09,0.3,"Boehringer Ing., Koropi, GR",False,1.0,0.0,0.04
4504,45540,108-VN-T30,FPQ-13524,SCMS-226210,ASN-27101,Vietnam,PMO - US,Direct Drop,EXW,Air,2014-02-06,2014-03-10,2014-08-18,2014-08-18,2014-08-25,ARV,Adult,MYLAN LABORATORIES LTD (FORMERLY MATRIX LABORATORIES),"Lamivudine/Nevirapine/Zidovudine 150/200/300mg, tablets, 60 Tabs",Lamivudine/Nevirapine/Zidovudine,Generic,150/300/200mg,Tablet - FDC,60,12100,98010.0,8.1,0.13,Mylan (formerly Matrix) Nashik,True,1685.0,3251.35,100.75
4505,45608,102-KE-T30,FPQ-3984,SCMS-50870,ASN-4770,Kenya,PMO - US,Direct Drop,EXW,Air,2009-07-20,2009-07-31,2009-09-11,2009-09-11,2009-09-11,HRDT,HIV test,"Trinity Biotech, Plc","HIV 1/2, Uni-Gold HIV Kit, 20 Tests","HIV 1/2, Uni-Gold HIV Kit",Uni-Gold,no_dosage,Test kit,20,500,16000.0,32.0,1.6,"Trinity Biotech, Plc",True,170.0,2865.63,31.36
4506,45609,113-ZW-T30,FPQ-15380,SCMS-266490,ASN-31132,Zimbabwe,PMO - US,Direct Drop,EXW,Air,2014-11-17,2015-01-26,2015-05-14,2015-05-14,2015-05-14,HRDT,HIV test - Ancillary,"Orgenics, Ltd","Chase Buffer, Determine, 100 Tests, 2.5ml x 1 Vial","Chase Buffer, Determine, 100 Tests, 2.5ml x 1 Vial",Determine,no_dosage,Test kit - Ancillary,1,5000,25000.0,5.0,5.0,"Alere Medical Co., Ltd.",False,1558.0,12894.85,29.42
4507,45640,116-ZA-T30,FPQ-12522,SCMS-199281,ASN-24455,South Africa,PMO - US,Direct Drop,DDP,Truck,2013-07-11,2013-08-13,2014-02-10,2014-02-10,2014-02-10,ARV,Pediatric,"RAININ INSTRUMENT, LLC.","Lopinavir/Ritonavir 80/20mg/ml [Kaletra], oral solution, cool, Bottle 5 x 60 ml",Lopinavir/Ritonavir,Kaletra,80/20mg/ml,Oral solution,300,2,46.9,23.45,0.08,ABBVIE (Abbott) Logis. UK,True,1.0,0.0,0.06
4508,45644,104-CI-T30,FPQ-13622,SCMS-228880,ASN-26338,Côte d'Ivoire,PMO - US,Direct Drop,EXW,Air,2014-01-23,2014-03-03,2014-06-20,2014-06-20,2014-06-25,ARV,Adult,Aurobindo Pharma Limited,"Didanosine 250mg, delayed-release capsules, 30 Caps",Didanosine,Generic,250mg,Delayed-release capsules,30,2000,15160.0,7.58,0.25,"Aurobindo Unit III, India",True,150.0,1789.85,15.58
4509,45648,101-CD-T30,FPQ-13548,SCMS-224840,ASN-24721,"Congo, DRC",PMO - US,Direct Drop,EXW,Air,2014-01-22,2014-01-28,2014-04-04,2014-04-04,2014-04-28,HRDT,HIV test,"Trinity Biotech, Plc","HIV 1/2, Uni-Gold HIV Kit, 20 Tests","HIV 1/2, Uni-Gold HIV Kit",Uni-Gold,no_dosage,Test kit,20,90,2880.0,32.0,1.6,"Trinity Biotech, Plc",False,39.0,2346.5699999999997,2.96
4510,45652,116-ZA-T30,FPQ-11828,SCMS-183950,ASN-19166,South Africa,South Africa Field Office,Direct Drop,DDP,Truck,2013-03-18,2012-10-16,2013-04-16,2013-04-16,2013-04-16,ARV,Adult,S. BUYS WHOLESALER,"Emtricitabine/Tenofovir Disoproxil Fumarate 200/300mg, tablets, 30 Tabs",Emtricitabine/Tenofovir Disoproxil Fumarate,Generic,200/300mg,Tablet - FDC,30,3,91.69,30.56,1.02,"Aurobindo Unit III, India",False,1.0,0.0,0.11
4511,45695,106-HT-T30,FPQ-9635,SCMS-148400,ASN-15792,Haiti,PMO - US,Direct Drop,EXW,Air,2012-05-14,2012-07-12,2012-08-18,2012-08-18,2012-08-18,ARV,Pediatric,Aurobindo Pharma Limited,"Efavirenz 50mg, capsule, 30 Caps",Efavirenz,Generic,50mg,Capsule,30,1764,3951.36,2.24,0.07,"Aurobindo Unit III, India",True,106.0,1615.07,5.54
4512,45705,161-ZA-T30,FPQ-6708,SCMS-93530,ASN-10555,South Africa,PMO - US,Direct Drop,DDP,Ocean,2010-11-26,2010-12-14,2011-04-07,2011-06-13,2011-06-13,ARV,Adult,Aurobindo Pharma Limited,"Tenofovir Disoproxil Fumarate 300mg, tablets, 30 Tabs",Tenofovir Disoproxil Fumarate,Generic,300mg,Tablet,30,28907,192231.55,6.65,0.22,"Aurobindo Unit III, India",True,668.5,0.0,317.18
4513,45723,105-SS-T30,FPQ-12623,SCMS-200911,ASN-22749,South Sudan,PMO - US,Direct Drop,EXW,Air,2013-07-18,2013-08-05,2014-01-24,2014-01-24,2014-01-24,HRDT,HIV test - Ancillary,"Orgenics, Ltd","Capillary Tubes, for Determine, EDTA, 50uL,100 Pcs","HIV, Capillary Tubes, for Determine, EDTA, 50uL,100 Pcs",Determine,no_dosage,Test kit - Ancillary,100,115,920.0,8.0,0.08,"Alere Medical Co., Ltd.",True,149.0,3256.76,1.14
4514,45729,161-ZA-T30,FPQ-7175,SCMS-103380,ASN-12380,South Africa,PMO - US,Direct Drop,DDP,Ocean,2011-03-10,2011-03-24,2012-01-04,2012-01-04,2012-01-04,ARV,Adult,Aurobindo Pharma Limited,"Zidovudine 300mg, tablets, 60 Tabs",Zidovudine,Generic,300mg,Tablet,60,92887,678075.1,7.3,0.12,"Aurobindo Unit III, India",True,4810.0,6599.86,1118.82
4515,45741,105-SS-T30,FPQ-15569,SCMS-272150,ASN-31765,South Sudan,PMO - US,Direct Drop,EXW,Air,2014-12-29,2015-02-20,2015-07-25,2015-07-25,2015-07-29,HRDT,HIV test,"Trinity Biotech, Plc","HIV 1/2, Uni-Gold HIV Kit, 20 Tests","HIV 1/2, Uni-Gold HIV Kit",Uni-Gold,no_dosage,Test kit,20,35,1120.0,32.0,1.6,"Trinity Biotech, Plc",False,94.0,2575.925,1.32
4516,45793,116-ZA-T30,FPQ-15869,SCMS-278620,ASN-32073,South Africa,PMO - US,Direct Drop,DDP,Truck,2015-02-23,2015-05-07,2015-05-07,2015-05-07,2015-05-07,ARV,Adult,PHARMACY DIRECT,"Efavirenz/Emtricitabine/Tenofovir Disoproxil Fumarate 600/200/300mg, tablets, 30 Tabs",Efavirenz/Emtricitabine/Tenofovir Disoproxil Fumarate,Generic,600/200/300mg,Tablet - FDC,30,5000,177172.11,35.43,1.18,Mylan (formerly Matrix) Nashik,True,452.0,0.0,208.53
4517,45801,102-KE-T30,FPQ-9127,SCMS-134430,ASN-13564,Kenya,PMO - US,Direct Drop,CIP,Air,2012-01-13,2012-01-19,2012-02-08,2012-02-08,2012-02-08,HRDT,HIV test,BIOLYTICAL LABORATORIES INC.,"HIV 1/2, INSTI HIV 1/2 Antibody Kit, 48 Tests","HIV 1/2, INSTI HIV 1/2 Antibody Kit",INSTi,no_dosage,Test kit,48,32,2657.28,83.04,1.73,bioLytical Laboratories,True,58.0,836.14,3.73
4518,45848,101-CD-T30,FPQ-12093,SCMS-189060,ASN-20771,"Congo, DRC",PMO - US,Direct Drop,FCA,Air,2013-04-23,2013-05-23,2013-11-20,2013-11-18,2013-12-05,ARV,Pediatric,ABBVIE LOGISTICS (FORMERLY ABBOTT LOGISTICS BV),"Lopinavir/Ritonavir 80/20mg/ml [Kaletra], oral solution, cool, Bottle 5 x 60 ml",Lopinavir/Ritonavir,Kaletra,80/20mg/ml,Oral solution,300,20,616.4,30.82,0.1,ABBVIE (Abbott) Logis. UK,True,52.0,1573.41,0.76
4519,45929,111-MZ-T30,FPQ-13093,SCMS-211560,ASN-24097,Mozambique,PMO - US,Direct Drop,EXW,Air,2013-10-15,2013-11-13,2014-02-10,2014-02-10,2014-03-15,HRDT,HIV test,"Orgenics, Ltd","HIV 1/2, Determine Complete HIV Kit, 100 Tests","HIV 1/2, Determine Complete HIV Kit",Determine,no_dosage,Test kit,100,9575,766000.0,80.0,0.8,"Alere Medical Co., Ltd.",True,3890.0,29244.02,787.45
4520,45968,108-VN-T30,FPQ-4081,SCMS-51470,ASN-4801,Vietnam,PMO - US,Direct Drop,FCA,Air,2009-08-10,2009-08-12,2009-09-29,2009-09-29,2009-09-29,ARV,Adult,ABBVIE LOGISTICS (FORMERLY ABBOTT LOGISTICS BV),"Lopinavir/Ritonavir 200/50mg [Aluvia], tablets, 120 Tabs",Lopinavir/Ritonavir,Aluvia,200/50mg,Tablet,120,320,26304.0,82.2,0.68,ABBVIE Ludwigshafen Germany,True,88.0,823.94,51.56
4521,45977,109-TZ-T30,FPQ-13048,SCMS-210900,ASN-23916,Tanzania,PMO - US,Direct Drop,EXW,Air,2013-10-03,2013-10-28,2014-03-07,2014-03-07,2014-03-15,ARV,Adult,Aurobindo Pharma Limited,"Zidovudine 300mg, tablets, 60 Tabs",Zidovudine,Generic,300mg,Tablet,60,20172,109533.96,5.43,0.09,"Aurobindo Unit III, India",True,1104.0,5765.11,135.49
4522,46005,107-RW-T30,FPQ-8741,SCMS-129510,ASN-15328,Rwanda,PMO - US,Direct Drop,CIP,Air,2011-11-30,2012-03-09,2012-06-28,2012-06-28,2012-06-28,ARV,Pediatric,CIPLA LIMITED,"Lamivudine 10mg/ml, oral solution, Bottle, 240 ml",Lamivudine,Generic,10mg/ml,Oral solution,240,9565,18651.75,1.95,0.01,"Cipla, Goa, India",True,6490.0,3010.89,26.15
4523,46010,107-RW-T30,FPQ-6185,SCMS-84440,ASN-9044,Rwanda,PMO - US,Direct Drop,CIP,Air,2010-09-03,2010-09-17,2010-12-09,2010-12-09,2010-12-09,ARV,Adult,HETERO LABS LIMITED,"Nevirapine 200mg, tablets, 60 Tabs",Nevirapine,Generic,200mg,Tablet,60,63254,166990.56,2.64,0.04,Hetero Unit III Hyderabad IN,True,3700.0,0.0,360.03
4524,46067,109-TZ-T30,FPQ-6795,SCMS-103291,ASN-11005,Tanzania,PMO - US,Direct Drop,FCA,Air,2011-01-27,2011-04-14,2011-07-14,2011-07-14,2011-07-14,ARV,Adult,LAWRENCE LABORATORIES (SUBSIDIARY OF BRISTOL MYERS SQUIBB),"Didanosine EC 400mg [Videx EC], delayed-release capsules, Blister 3 x 10 Caps",Didanosine EC,Videx EC,400mg,Delayed-release capsules - blister,30,18311,433421.37,23.67,0.79,Bristol-Myers Squibb Anagni IT,False,668.5,8925.0,715.15
4525,46082,117-ET-T30,FPQ-9210,SCMS-134740,ASN-14557,Ethiopia,PMO - US,Direct Drop,EXW,Air,2012-01-18,2012-01-23,2012-04-25,2012-04-25,2012-04-25,HRDT,HIV test,"Trinity Biotech, Plc","HIV 1/2, Uni-Gold HIV Kit, 20 Tests","HIV 1/2, Uni-Gold HIV Kit",Uni-Gold,no_dosage,Test kit,20,43,1376.0,32.0,1.6,"Trinity Biotech, Plc",True,15.0,406.68,1.93
4526,46095,106-HT-T30,FPQ-16100,SCMS-288830,ASN-33571,Haiti,PMO - US,Direct Drop,CIP,Air,2015-03-30,2015-05-22,2015-08-26,2015-08-26,2015-08-27,ARV,Pediatric,"MSD LATIN AMERICA SERVICES, S. DE R.L. DE C.V.","Efavirenz 30mg/ml [Stocrin/Sustiva], oral solution, Bottle, 180 ml",Efavirenz,Stocrin/Sustiva,30mg/ml,Oral solution,180,420,7123.2,16.96,0.09,"MSD, Haarlem, NL",True,322.5,0.0,8.38
4527,46099,161-ZA-T30,FPQ-5303,SCMS-68950,ASN-7083,South Africa,PMO - US,Direct Drop,DDP,Air,2010-03-18,2010-03-19,2010-06-09,2010-06-10,2010-06-10,ARV,Adult,Aurobindo Pharma Limited,"Nevirapine 200mg, tablets, 60 Tabs",Nevirapine,Generic,200mg,Tablet,60,38341,111955.72,2.92,0.05,"Aurobindo Unit III, India",True,4522.0,6369.8,241.38
4528,46106,105-SS-T30,FPQ-9807,SCMS-147621,ASN-16786,South Sudan,PMO - US,Direct Drop,EXW,Air,2012-05-18,2012-06-20,2013-02-08,2013-02-08,2013-02-08,HRDT,HIV test,"Trinity Biotech, Plc","HIV 1/2, Uni-Gold HIV Kit, 20 Tests","HIV 1/2, Uni-Gold HIV Kit",Uni-Gold,no_dosage,Test kit,20,597,19104.0,32.0,1.6,"Trinity Biotech, Plc",True,209.0,3088.04,26.78
4529,46114,A02-SL-T50,FPQ-16015,SCMS-285340,ASN-31819,Sierra Leone,PMO - US,Direct Drop,EXW,Air,2015-04-03,2015-04-20,2015-05-06,2015-05-06,2015-05-21,HRDT,HIV test,"Standard Diagnostics, Inc.","HIV 1/2, Bioline 3.0 Kit, Lancets, Capillary pipets, Alcohol swabs included, 25 Tests","HIV 1/2, Bioline 3.0 Kit, Lancets, Capillary pipets, Alcohol swabs included",Bioline,no_dosage,Test kit,25,1500,30750.0,20.5,0.82,"Standard Diagnostics, Korea",True,513.5,18249.265,36.19
4530,46127,107-RW-T30,FPQ-6341,SCMS-84990,ASN-11548,Rwanda,PMO - US,Direct Drop,EXW,Ocean,2010-09-03,2010-09-28,2011-10-17,2011-10-17,2011-10-17,ARV,Adult,HETERO LABS LIMITED,"Nevirapine 200mg, tablets, 60 Tabs",Nevirapine,Generic,200mg,Tablet,60,236925,575727.75,2.43,0.04,Hetero Unit III Hyderabad IN,True,13622.0,82095.85,1241.27
4531,46129,111-MZ-T30,FPQ-6562,SCMS-93760,ASN-9741,Mozambique,PMO - US,Direct Drop,EXW,Air,2010-11-16,2011-01-12,2011-03-10,2011-03-10,2011-03-10,HRDT,HIV test,"Orgenics, Ltd","HIV 1/2, Determine Complete HIV Kit, 100 Tests","HIV 1/2, Determine Complete HIV Kit",Determine,no_dosage,Test kit,100,61,4739.7,77.7,0.78,Inverness Japan,True,28.0,1001.47,7.82
4532,46130,108-VN-T30,FPQ-12539,SCMS-199830,ASN-23666,Vietnam,PMO - US,Direct Drop,EXW,Air,2013-07-11,2013-08-02,2014-02-17,2014-02-17,2014-03-15,ARV,Adult,MYLAN LABORATORIES LTD (FORMERLY MATRIX LABORATORIES),"Efavirenz/Lamivudine/Tenofovir Disoproxil Fumarate 600/300/300mg, tablets, 30 Tabs",Efavirenz/Lamivudine/Tenofovir Disoproxil Fumarate,Generic,600/300/300mg,Tablet - FDC,30,40593,452611.95,11.15,0.37,Mylan (formerly Matrix) Nashik,True,4585.0,6881.65,559.88
4533,46156,109-TZ-T30,FPQ-9211,SCMS-136930,ASN-14645,Tanzania,PMO - US,Direct Drop,EXW,Air,2012-01-25,2012-02-17,2012-05-25,2012-05-25,2012-05-25,HRDT,HIV test,"Orgenics, Ltd","HIV 1/2, Determine Complete HIV Kit, 100 Tests","HIV 1/2, Determine Complete HIV Kit",Determine,no_dosage,Test kit,100,2926,234080.0,80.0,0.8,"Alere Medical Co., Ltd.",True,1394.0,24596.33,328.18
4534,46170,116-ZA-T30,FPQ-7176,SCMS-104390,ASN-11198,South Africa,PMO - US,Direct Drop,DDP,Ocean,2011-03-10,2011-04-01,2011-09-14,2011-09-14,2011-09-14,ARV,Adult,Aurobindo Pharma Limited,"Lamivudine/Zidovudine 150/300mg, tablets, 60 Tabs",Lamivudine/Zidovudine,Generic,150/300mg,Tablet - FDC,60,19836,167019.12,8.42,0.14,"Aurobindo Unit III, India",True,1820.0,698.0,275.58
4535,46177,116-ZA-T30,FPQ-12522,SCMS-199289,ASN-28033,South Africa,PMO - US,Direct Drop,DDP,Truck,2013-07-11,2014-08-29,2014-08-29,2014-08-29,2014-08-29,ARV,Adult,S. BUYS WHOLESALER,"Nevirapine 200mg, tablets, 60 Tabs",Nevirapine,Generic,200mg,Tablet,60,104,2036.11,19.58,0.33,"Aurobindo Unit III, India",False,18.0,0.0,2.52
4536,46198,108-VN-T30,FPQ-9001,SCMS-131600,ASN-15081,Vietnam,PMO - US,Direct Drop,FCA,Air,2011-12-15,2012-01-25,2012-07-06,2012-07-06,2012-07-06,ARV,Adult,ABBVIE LOGISTICS (FORMERLY ABBOTT LOGISTICS BV),"Lopinavir/Ritonavir 200/50mg [Aluvia], tablets, 120 Tabs",Lopinavir/Ritonavir,Aluvia,200/50mg,Tablet,120,1922,116896.04,60.82,0.51,ABBVIE Ludwigshafen Germany,True,467.0,1842.23,163.89
4537,46206,116-ZA-T30,FPQ-4359,SCMS-54980,ASN-5372,South Africa,PMO - US,Direct Drop,DDP,Truck,2009-10-08,2009-10-15,2009-10-21,2009-10-21,2009-10-21,ARV,Adult,S. BUYS WHOLESALER,"Lamivudine 150mg [Epivir], tablets, 60 Tabs",Lamivudine,Epivir,150mg,Tablet,60,2600,16744.82,6.44,0.11,GSK Cape Town Factory (South Africa),False,235.5,0.0,32.82
4538,46209,107-RW-T30,FPQ-4032,SCMS-51680,ASN-4976,Rwanda,PMO - US,Direct Drop,EXW,Air,2009-08-05,2009-08-18,2009-10-27,2009-10-27,2009-10-27,HRDT,HIV test,"Orgenics, Ltd","HIV 1/2, Determine HIV Kit, without Lancets, 100 Tests","HIV 1/2, Determine HIV Kit, without Lancets",Determine,no_dosage,Test kit,100,5084,355880.0,70.0,0.7,Inverness Japan,True,1153.0,46638.41,697.52
4539,46227,116-ZA-T30,FPQ-12522,SCMS-199289,ASN-28034,South Africa,PMO - US,Direct Drop,DDP,Truck,2013-07-11,2014-08-29,2014-08-29,2014-08-29,2014-08-29,ARV,Pediatric,S. BUYS WHOLESALER,"Abacavir 20mg/ml, oral solution w/syringe, Bottle, 240 ml",Abacavir,Generic,20mg/ml,Oral solution,240,124,3352.74,27.04,0.11,"Aurobindo Unit III, India",False,8.5,0.0,4.15
4540,46228,103-ZW-T30,FPQ-13969,SCMS-239220,ASN-27095,Zimbabwe,PMO - US,Direct Drop,EXW,Air,2014-04-08,2014-05-16,2014-07-30,2014-07-30,2014-07-31,ARV,Pediatric,MYLAN LABORATORIES LTD (FORMERLY MATRIX LABORATORIES),"Lamivudine/Zidovudine 30/60mg, tablets, 60 Tabs",Lamivudine/Zidovudine,Generic,30/60mg,Tablet - FDC,60,48127,95772.73,1.99,0.03,Mylan (formerly Matrix) Nashik,True,2383.0,18232.17,98.45
4541,46250,101-CD-T30,FPQ-14636,SCMS-250230,ASN-29533,"Congo, DRC",PMO - US,Direct Drop,EXW,Air,2014-07-23,2014-07-31,2015-02-12,2015-02-12,2015-02-24,ARV,Adult,MICRO LABS LIMITED,"Lamivudine 150mg, tablets, 60 Tabs",Lamivudine,Generic,150mg,Tablet,60,3974,6835.28,1.72,0.03,"Micro labs, Verna, Goa, India",True,209.0,3743.84,7.03
4542,46310,A02-SL-T50,FPQ-16015,SCMS-285380,ASN-31929,Sierra Leone,PMO - US,Direct Drop,EXW,Air,2015-04-03,2015-04-20,2015-05-20,2015-05-20,2015-06-19,HRDT,HIV test,"Trinity Biotech, Plc","HIV 1/2, Uni-Gold HIV Kit, 20 Tests","HIV 1/2, Uni-Gold HIV Kit",Uni-Gold,no_dosage,Test kit,20,400,12800.0,32.0,1.6,"Trinity Biotech, Plc",True,133.0,18249.265,15.07
4543,46323,105-GH-T30,FPQ-14052,SCMS-237820,ASN-26537,Ghana,PMO - US,Direct Drop,EXW,Air,2014-04-12,2014-05-23,2014-07-17,2014-07-17,2014-07-17,ARV,Pediatric,Aurobindo Pharma Limited,"Nevirapine 10mg/ml, oral suspension, Bottle, 240 ml",Nevirapine,Generic,10mg/ml,Oral suspension,240,2286,3451.86,1.51,0.01,"Aurobindo Unit III, India",True,972.0,7719.0,3.55
4544,46348,111-MZ-T30,FPQ-11915,SCMS-185200,ASN-21426,Mozambique,PMO - US,Direct Drop,EXW,Air,2013-03-20,2013-04-11,2013-10-09,2013-10-09,2013-11-06,ARV,Adult,STRIDES ARCOLAB LIMITED,"Lamivudine/Stavudine 150/30mg, tablets, 60 Tabs",Lamivudine/Stavudine,Generic,150/30mg,Tablet - FDC,60,18025,52633.0,2.92,0.05,"Strides, Bangalore, India.",True,1139.0,4683.02,65.11
4545,46353,133-NG-T30,FPQ-10349,SCMS-155300,ASN-17316,Nigeria,PMO - US,Direct Drop,EXW,Air,2012-07-17,2012-08-10,2012-12-21,2012-12-21,2012-12-21,HRDT,HIV test,"Trinity Biotech, Plc","HIV 1/2, Uni-Gold HIV Kit, 20 Tests","HIV 1/2, Uni-Gold HIV Kit",Uni-Gold,no_dosage,Test kit,20,6042,193344.0,32.0,1.6,"Trinity Biotech, Plc",True,1990.0,22859.07,271.07
4546,46355,106-HT-T30,FPQ-14083,SCMS-240200,ASN-27005,Haiti,PMO - US,Direct Drop,EXW,Air,2014-05-11,2014-06-02,2014-08-25,2014-08-25,2014-08-28,ARV,Adult,MYLAN LABORATORIES LTD (FORMERLY MATRIX LABORATORIES),"Tenofovir Disoproxil Fumarate 300mg, tablets, 30 Tabs",Tenofovir Disoproxil Fumarate,Generic,300mg,Tablet,30,58,232.0,4.0,0.13,Mylan (formerly Matrix) Nashik,True,19.0,1274.35,0.24
4547,46372,116-ZA-T30,FPQ-5535,SCMS-71370,ASN-7373,South Africa,PMO - US,Direct Drop,DDP,Truck,2010-04-19,2010-04-21,2010-05-31,2010-05-31,2010-05-31,ARV,Pediatric,S. BUYS WHOLESALER,"Nevirapine 10mg/ml [Viramune], oral suspension, Bottle, 240 ml",Nevirapine,Viramune,10mg/ml,Oral suspension,240,120,1897.36,15.81,0.07,Boehringer Ingelheim Roxane US,False,22.0,0.0,4.09
4548,46395,116-ZA-T30,FPQ-13214,SCMS-215430,ASN-23608,South Africa,PMO - US,Direct Drop,DDP,Truck,2013-11-14,2013-12-02,2013-12-09,2013-12-09,2013-12-20,ARV,Pediatric,S. BUYS WHOLESALER,"Lopinavir/Ritonavir 80/20mg/ml [Kaletra], oral solution, cool, Bottle 5 x 60 ml",Lopinavir/Ritonavir,Kaletra,80/20mg/ml,Oral solution,300,4,92.5,23.12,0.08,ABBVIE (Abbott) Logis. UK,True,78.0,0.0,0.1
4549,46409,101-CD-T30,FPQ-16001,SCMS-280220,ASN-32231,"Congo, DRC",PMO - US,Direct Drop,EXW,Air,2015-03-10,2015-03-17,2015-07-23,2015-07-23,2015-07-29,HRDT,HIV test,"Orgenics, Ltd","HIV 1/2, Determine Complete HIV Kit, 100 Tests","HIV 1/2, Determine Complete HIV Kit",Determine,no_dosage,Test kit,100,552,44160.0,80.0,0.8,"Alere Medical Co., Ltd.",False,394.0,2346.5699999999997,51.98
4550,46411,104-CI-T30,FPQ-12135,SCMS-188310,ASN-23737,Côte d'Ivoire,PMO - US,Direct Drop,EXW,Air,2013-04-18,2013-05-21,2014-01-22,2014-01-22,2014-01-27,HRDT,HIV test,"Orgenics, Ltd","HIV 1/2, Determine Complete HIV Kit, 100 Tests","HIV 1/2, Determine Complete HIV Kit",Determine,no_dosage,Test kit,100,4400,352000.0,80.0,0.8,"Alere Medical Co., Ltd.",True,1808.0,23237.62,435.42
4551,46429,103-ML-T30,FPQ-15006,SCMS-260710,ASN-31431,Mali,PMO - US,Direct Drop,CIP,Air,2014-10-07,2014-11-18,2015-05-20,2015-05-20,2015-07-16,HRDT,HIV test - Ancillary,Orasure Technologies Inc.,"HIV, OraQuick Controls Kit, 3 Vials","HIV, OraQuick Controls Kit, 3 Vials",OraQuick,no_dosage,Test kit - Ancillary,1,20,500.0,25.0,25.0,"Orasure Technologies, Inc USA",True,30.0,0.0,0.51
4552,46432,104-CI-T30,FPQ-3967,SCMS-52590,ASN-5279,Côte d'Ivoire,PMO - US,Direct Drop,EXW,Air,2009-08-21,2009-09-14,2009-11-10,2009-11-10,2009-11-10,ARV,Adult,Aurobindo Pharma Limited,"Abacavir/Lamivudine 600/300mg, scored tablets, 30 Tabs",Abacavir/Lamivudine,Generic,600/300mg,Tablet - FDC,30,1461,33603.0,23.0,0.77,"Aurobindo Unit III, India",True,154.0,2986.16,65.86
4553,46447,114-UG-T30,FPQ-12290,SCMS-192170,ASN-22706,Uganda,PMO - US,Direct Drop,CIP,Air,2013-05-17,2013-07-03,2013-11-20,2013-11-20,2013-11-21,ARV,Adult,ASPEN PHARMACARE,"Darunavir 300mg [Prezista], tablets, 120 Tabs",Darunavir,Prezista,300mg,Tablet,120,841,56010.6,66.6,0.55,"Aspen-OSD, Port Elizabeth, SA",True,169.0,359.53,69.29
4554,46460,114-UG-T30,FPQ-15303,SCMS-264950,ASN-31157,Uganda,PMO - US,Direct Drop,EXW,Air,2014-11-11,2014-11-25,2015-04-08,2015-04-08,2015-04-08,ARV,Pediatric,Aurobindo Pharma Limited,"Lopinavir/Ritonavir 100/25mg, tablets, 60 Tabs",Lopinavir/Ritonavir,Generic,100/25mg,Tablet,60,1560,12542.4,8.04,0.13,"Aurobindo Unit III, India",True,166.0,1488.99,14.76
4555,46464,104-CI-T30,FPQ-8210,SCMS-124150,ASN-13582,Côte d'Ivoire,PMO - US,Direct Drop,EXW,Air,2011-08-11,2011-10-05,2012-02-17,2012-02-17,2012-02-17,HRDT,HIV test,"Orgenics, Ltd","HIV 1/2, Determine Complete HIV Kit, 100 Tests","HIV 1/2, Determine Complete HIV Kit",Determine,no_dosage,Test kit,100,2746,219680.0,80.0,0.8,"Alere Medical Co., Ltd.",True,1312.0,27254.17,362.47
4556,46468,161-ZA-T30,FPQ-7175,SCMS-103910,ASN-11194,South Africa,PMO - US,Direct Drop,DDP,Ocean,2011-03-10,2011-03-28,2011-09-06,2011-09-06,2011-09-06,ARV,Adult,STRIDES ARCOLAB LIMITED,"Lamivudine 150mg, tablets, 60 Tabs",Lamivudine,Generic,150mg,Tablet,60,515000,1251450.0,2.43,0.04,"Strides, Bangalore, India.",True,23464.0,0.0,2064.89
4557,46502,108-VN-T30,FPQ-10811,SCMS-164680,ASN-18664,Vietnam,PMO - US,Direct Drop,EXW,Air,2012-10-15,2012-11-07,2013-04-02,2013-04-02,2013-04-02,ARV,Adult,HETERO LABS LIMITED,"Lamivudine/Zidovudine 150/300mg, tablets, 60 Tabs",Lamivudine/Zidovudine,Generic,150/300mg,Tablet - FDC,60,24377,170639.0,7.0,0.12,Hetero Unit III Hyderabad IN,False,668.5,4400.805,211.08
4558,46512,104-CI-T30,FPQ-7325,SCMS-106600,ASN-11739,Côte d'Ivoire,PMO - US,Direct Drop,EXW,Air,2011-03-09,2011-05-05,2011-09-08,2011-09-08,2011-09-08,HRDT,HIV test,"Orgenics, Ltd","HIV 1/2, Determine Complete HIV Kit, 100 Tests","HIV 1/2, Determine Complete HIV Kit",Determine,no_dosage,Test kit,100,494,39520.0,80.0,0.8,Inverness Japan,True,240.0,7681.19,65.21
4559,46513,116-ZA-T30,FPQ-14942,SCMS-259075,ASN-32122,South Africa,PMO - US,Direct Drop,DDP,Truck,2014-09-11,2015-05-11,2015-05-12,2015-05-12,2015-05-12,ARV,Adult,PHARMACY DIRECT,"Emtricitabine/Tenofovir Disoproxil Fumarate 200/300mg, tablets, 30 Tabs",Emtricitabine/Tenofovir Disoproxil Fumarate,Generic,200/300mg,Tablet - FDC,30,11,240.14,21.83,0.73,"Aurobindo Unit III, India",False,17.0,0.0,0.25
4560,46556,116-ZA-T30,FPQ-15269,SCMS-267020,ASN-29764,South Africa,PMO - US,Direct Drop,DDP,Truck,2014-10-29,2014-12-10,2014-12-10,2014-12-10,2014-12-10,ARV,Pediatric,S. BUYS WHOLESALER,"Lopinavir/Ritonavir 100/25mg [Aluvia], tablets, 60 Tabs",Lopinavir/Ritonavir,Generic,100/25mg,Tablet,60,2,10.34,5.17,0.09,ABBVIE Ludwigshafen Germany,False,1.0,0.0,0.01
4561,46574,107-RW-T30,FPQ-8741,SCMS-129530,ASN-15232,Rwanda,PMO - US,Direct Drop,CIP,Air,2011-11-30,2012-03-09,2012-06-15,2012-06-15,2012-06-15,ARV,Pediatric,CIPLA LIMITED,"Lamivudine/Stavudine 60/12mg, dispersible tablets, 60 Tabs",Lamivudine/Stavudine,Generic,60/12mg,Chewable/dispersible tablet - FDC,60,672,2466.24,3.67,0.06,"Cipla, Goa, India",True,49.0,221.96,3.46
4562,46582,108-VN-T30,FPQ-7565,SCMS-107620,ASN-10838,Vietnam,PMO - US,Direct Drop,EXW,Air,2011-04-21,2011-04-29,2011-06-10,2011-06-10,2011-06-10,ARV,Adult,CIPLA LIMITED,"Tenofovir Disoproxil Fumarate 300mg, tablets, 30 Tabs",Tenofovir Disoproxil Fumarate,Generic,300mg,Tablet,30,4500,29025.0,6.45,0.22,"Cipla, Goa, India",True,320.0,4890.38,47.89
4563,46587,161-ZA-T30,FPQ-5303,SCMS-68950,ASN-7102,South Africa,PMO - US,Direct Drop,DDP,Air,2010-03-18,2010-03-19,2010-06-11,2010-06-11,2010-06-11,ARV,Adult,Aurobindo Pharma Limited,"Lamivudine 150mg, tablets, 60 Tabs",Lamivudine,Generic,150mg,Tablet,60,52379,132518.87,2.53,0.04,"Aurobindo Unit III, India",True,2512.0,4116.82,285.71
4564,46590,108-VN-T30,FPQ-5094,SCMS-68580,ASN-7284,Vietnam,PMO - US,Direct Drop,EXW,Air,2010-03-15,2010-03-24,2010-07-21,2010-07-21,2010-07-21,ARV,Adult,MYLAN LABORATORIES LTD (FORMERLY MATRIX LABORATORIES),"Efavirenz 600mg, tablets, 30 Tabs",Efavirenz,Generic,600mg,Tablet,30,63421,272710.3,4.3,0.14,Mylan (formerly Matrix) Nashik,True,5101.0,13241.08,587.96
4565,46625,102-SD-T30,FPQ-6171,SCMS-81720,ASN-8234,Sudan,PMO - US,Direct Drop,EXW,Air,2010-08-05,2010-08-19,2010-11-01,2010-11-01,2010-11-01,HRDT,HIV test,"Standard Diagnostics, Inc.","HIV 1/2, Bioline 3.0 Kit, Lancets, Capillary pipets, Alcohol swabs included, 25 Tests","HIV 1/2, Bioline 3.0 Kit, Lancets, Capillary pipets, Alcohol swabs included",Bioline,no_dosage,Test kit,25,24,480.0,20.0,0.8,"Standard Diagnostics, Korea",True,75.0,1539.55,1.03
4566,46653,116-ZA-T30,FPQ-4054,SCMS-51250,ASN-5056,South Africa,PMO - US,Direct Drop,DDP,Truck,2009-07-29,2009-08-07,2009-08-24,2009-08-24,2009-08-24,ARV,Pediatric,S. BUYS WHOLESALER,"Lamivudine 10mg/ml [Epivir], oral solution, Bottle, 240 ml",Lamivudine,Epivir,10mg/ml,Oral solution,240,300,2040.28,6.8,0.03,GSK Mississauga (Canada),True,42.0,0.0,4.0
4567,46669,133-NG-T30,FPQ-8117,SCMS-118180,ASN-12397,Nigeria,PMO - US,Direct Drop,EXW,Air,2011-07-28,2011-08-12,2011-10-19,2011-10-19,2011-10-19,HRDT,HIV test,"CHEMBIO DIAGNOSTIC SYSTEMS, INC.","HIV 1/2, Stat-Pak HIV, Kit, 20 Tests","HIV 1/2, Stat-Pak HIV, Kit",Stat-Pak,no_dosage,Test kit,20,1850,53650.0,29.0,1.45,Chembio Diagnostics Sys. Inc.,True,592.0,2951.78,88.52
4568,46673,116-ZA-T30,FPQ-12522,SCMS-199280,ASN-24433,South Africa,PMO - US,Direct Drop,DDP,Truck,2013-07-11,2013-08-13,2014-02-07,2014-02-07,2014-02-07,ARV,Adult,S. BUYS WHOLESALER,"Lamivudine/Zidovudine 150/300mg, tablets, 60 Tabs",Lamivudine/Zidovudine,Generic,150/300mg,Tablet - FDC,60,189,6189.33,32.75,0.55,Hetero Unit III Hyderabad IN,False,17.0,0.0,7.66
4569,46688,116-ZA-T30,FPQ-12522,SCMS-199289,ASN-28034,South Africa,PMO - US,Direct Drop,DDP,Truck,2013-07-11,2014-08-29,2014-08-29,2014-08-29,2014-08-29,ARV,Adult,S. BUYS WHOLESALER,"Nevirapine 200mg, tablets, 60 Tabs",Nevirapine,Generic,200mg,Tablet,60,88,1722.87,19.58,0.33,"Aurobindo Unit III, India",False,52.5,0.0,2.13
4570,46726,114-UG-T30,FPQ-8498,SCMS-126390,ASN-13435,Uganda,PMO - US,Direct Drop,DDP,Air,2011-10-18,2011-10-31,2012-01-06,2012-01-06,2012-01-06,ARV,Adult,ASPEN PHARMACARE,"Etravirine 100mg [Intelence], tablets, 120 Tabs",Etravirine,Intelence,100mg,Tablet,120,83,6811.81,82.07,0.68,"Janssen-Cilag, Latina, IT",True,16.0,375.0,11.24
4571,46727,109-TZ-T30,FPQ-10619,SCMS-161830,ASN-17464,Tanzania,PMO - US,Direct Drop,EXW,Air,2012-09-13,2012-10-04,2012-12-31,2012-12-31,2012-12-31,HRDT,HIV test,"Orgenics, Ltd","HIV 1/2, Determine Complete HIV Kit, 100 Tests","HIV 1/2, Determine Complete HIV Kit",Determine,no_dosage,Test kit,100,2264,181120.0,80.0,0.8,"Alere Medical Co., Ltd.",True,980.0,18638.44,253.93
4572,46742,108-VN-T30,FPQ-13034,SCMS-210070,ASN-25784,Vietnam,PMO - US,Direct Drop,EXW,Air,2013-10-04,2013-10-07,2014-06-06,2014-06-06,2014-06-09,ARV,Adult,EMCURE PHARMACEUTICALS LTD,"Nevirapine 200mg, tablets, 60 Tabs",Nevirapine,Generic,200mg,Tablet,60,12937,29755.1,2.3,0.04,"Emcure Plot No.P-2, I.T-B.T. Park, Phase II, MIDC, Hinjwadi, Pune, India",True,875.0,2181.91,36.81
4573,46844,104-CI-T30,FPQ-4486,SCMS-57040,ASN-6084,Côte d'Ivoire,PMO - US,Direct Drop,EXW,Air,2009-11-05,2009-11-06,2010-03-02,2010-03-02,2010-03-02,HRDT,HIV test,"CHEMBIO DIAGNOSTIC SYSTEMS, INC.","HIV 1/2, Stat-Pak HIV, Kit, 20 Tests","HIV 1/2, Stat-Pak HIV, Kit",Stat-Pak,no_dosage,Test kit,20,3049,82323.0,27.0,1.35,Chembio Diagnostics Sys. Inc.,True,904.0,7208.0,177.49
4574,46848,108-VN-T30,FPQ-10286,SCMS-156250,ASN-17673,Vietnam,PMO - US,Direct Drop,EXW,Air,2012-07-25,2012-08-15,2013-02-04,2013-02-04,2013-02-04,ARV,Pediatric,MICRO LABS LIMITED,"Efavirenz 200mg, capsule, 90 Caps",Efavirenz,Generic,200mg,Capsule,90,298,1317.16,4.42,0.05,"Micro labs, Verna, Goa, India",False,26.0,4400.805,1.85
4575,46858,111-MZ-T30,FPQ-10369,SCMS-157230,ASN-16634,Mozambique,PMO - US,Direct Drop,EXW,Air,2012-07-23,2012-08-22,2012-10-18,2012-10-18,2012-10-18,HRDT,HIV test - Ancillary,"Orgenics, Ltd","Chase Buffer, Determine, 100 Tests, 2.5ml x 1 Vial","Chase Buffer, Determine, 100 Tests, 2.5ml x 1 Vial",Determine,no_dosage,Test kit - Ancillary,1,215,1075.0,5.0,5.0,"Alere Medical Co., Ltd.",True,41.0,1001.02,1.51
4576,46860,108-VN-T30,FPQ-5899,SCMS-77470,ASN-8455,Vietnam,PMO - US,Direct Drop,EXW,Air,2010-06-23,2010-07-01,2010-10-25,2010-10-25,2010-10-25,ARV,Adult,STRIDES ARCOLAB LIMITED,"Lamivudine/Nevirapine/Zidovudine 150/200/300mg, tablets, 60 Tabs",Lamivudine/Nevirapine/Zidovudine,Generic,150/300/200mg,Tablet - FDC,60,24000,264000.0,11.0,0.18,"Strides, Bangalore, India.",True,2769.0,10546.68,569.18
4577,46867,114-UG-T30,FPQ-15314,SCMS-264750,ASN-31497,Uganda,PMO - US,Direct Drop,EXW,Air,2014-11-11,2014-12-04,2015-05-05,2015-05-05,2015-05-05,HRDT,HIV test,"Orgenics, Ltd","HIV 1/2, Determine Complete HIV Kit, 100 Tests","HIV 1/2, Determine Complete HIV Kit",Determine,no_dosage,Test kit,100,6118,489440.0,80.0,0.8,"Alere Medical Co., Ltd.",True,2477.0,19775.55,576.07
4578,46869,104-CI-T30,FPQ-14253,SCMS-243780,ASN-30382,Côte d'Ivoire,PMO - US,Direct Drop,EXW,Air,2014-05-14,2014-07-09,2015-02-20,2015-02-20,2015-02-23,HRDT,HIV test,"Standard Diagnostics, Inc.","HIV 1/2, Bioline 3.0 Kit, Lancets, Capillary pipets, Alcohol swabs included, 25 Tests","HIV 1/2, Bioline 3.0 Kit, Lancets, Capillary pipets, Alcohol swabs included",Bioline,no_dosage,Test kit,25,1400,28700.0,20.5,0.82,"Standard Diagnostics, Korea",True,437.0,5408.93,29.5
4579,46875,113-ZW-T30,FPQ-13669,SCMS-225830,ASN-26283,Zimbabwe,PMO - US,Direct Drop,EXW,Air,2014-02-03,2014-02-12,2014-06-18,2014-06-18,2014-06-25,HRDT,HIV test,"Orgenics, Ltd","HIV 1/2, Determine Complete HIV Kit, 100 Tests","HIV 1/2, Determine Complete HIV Kit",Determine,no_dosage,Test kit,100,8787,702960.0,80.0,0.8,"Alere Medical Co., Ltd.",True,3567.0,51732.62,722.64
4580,46895,133-NG-T30,FPQ-12812,SCMS-210341,ASN-24162,Nigeria,PMO - US,Direct Drop,EXW,Air,2013-08-13,2013-11-01,2014-02-06,2014-02-06,2014-02-07,HRDT,HIV test,"CHEMBIO DIAGNOSTIC SYSTEMS, INC.","HIV 1/2, Stat-Pak HIV, Kit, 20 Tests","HIV 1/2, Stat-Pak HIV, Kit",Stat-Pak,no_dosage,Test kit,20,3487,111584.0,32.0,1.6,Chembio Diagnostics Sys. Inc.,True,1252.0,5850.25,138.03
4581,46897,108-VN-T30,FPQ-12539,SCMS-199840,ASN-23174,Vietnam,PMO - US,Direct Drop,EXW,Air,2013-07-11,2013-07-25,2014-01-08,2014-01-08,2014-01-08,ARV,Adult,HETERO LABS LIMITED,"Tenofovir Disoproxil Fumarate 300mg, tablets, 30 Tabs",Tenofovir Disoproxil Fumarate,Generic,300mg,Tablet,30,12693,45060.15,3.55,0.12,Hetero Unit III Hyderabad IN,True,975.0,2048.91,55.74
4582,46942,161-ZA-T30,FPQ-5648,SCMS-75530,ASN-7959,South Africa,PMO - US,Direct Drop,DDP,Air,2010-06-02,2010-06-16,2010-10-13,2010-10-13,2010-10-13,ARV,Adult,CIPLA LIMITED,"Abacavir 300mg, tablets, 60 Tabs",Abacavir,Generic,300mg,Tablet,60,10000,172800.0,17.28,0.29,"Cipla, Patalganga, India",True,1087.0,2531.3,372.56
4583,46956,119-NA-T30,FPQ-7007,SCMS-98340,ASN-10065,Namibia,PMO - US,Direct Drop,EXW,Air,2011-01-13,2011-02-02,2011-03-22,2011-03-22,2011-03-22,HRDT,HIV test,"Orgenics, Ltd","HIV 1/2, Determine HIV Kit, without Lancets, 100 Tests","HIV 1/2, Determine HIV Kit, without Lancets",Determine,no_dosage,Test kit,100,150,11655.0,77.7,0.78,Inverness Japan,True,34.0,947.35,19.23
4584,46987,109-TZ-T30,FPQ-10619,SCMS-161830,ASN-17466,Tanzania,PMO - US,Direct Drop,EXW,Air,2012-09-13,2012-10-04,2012-12-31,2012-12-31,2012-12-31,HRDT,HIV test,"Orgenics, Ltd","HIV 1/2, Determine Complete HIV Kit, 100 Tests","HIV 1/2, Determine Complete HIV Kit",Determine,no_dosage,Test kit,100,2352,188160.0,80.0,0.8,"Alere Medical Co., Ltd.",True,1016.0,19026.72,263.8
4585,47025,161-ZA-T30,FPQ-5303,SCMS-68860,ASN-6883,South Africa,PMO - US,Direct Drop,DDP,Air,2010-03-18,2010-03-19,2010-06-01,2010-06-01,2010-06-01,ARV,Adult,Aurobindo Pharma Limited,"Efavirenz 600mg, tablets, 30 Tabs",Efavirenz,Generic,600mg,Tablet,30,34044,158985.48,4.67,0.16,"Aurobindo Unit III, India",True,2892.0,6105.79,342.77
4586,47035,103-AO-T30,FPQ-11252,SCMS-171790,ASN-17969,Angola,PMO - US,Direct Drop,EXW,Air,2012-12-12,2013-01-11,2013-03-12,2013-03-12,2013-03-12,ARV,Pediatric,Aurobindo Pharma Limited,"Efavirenz 50mg, capsule, 30 Caps",Efavirenz,Generic,50mg,Capsule,30,360,806.4,2.24,0.07,"Aurobindo Unit III, India",True,21.0,840.17,1.0
4587,47048,105-GY-T30,FPQ-7619,SCMS-111220,ASN-11550,Guyana,PMO - US,Direct Drop,FCA,Air,2011-05-30,2011-06-15,2011-08-05,2011-08-05,2011-08-05,ARV,Adult,ABBVIE LOGISTICS (FORMERLY ABBOTT LOGISTICS BV),"Lopinavir/Ritonavir 200/50mg [Aluvia], tablets, 120 Tabs",Lopinavir/Ritonavir,Aluvia,200/50mg,Tablet,120,1324,108832.8,82.2,0.68,ABBVIE Ludwigshafen Germany,True,334.0,2171.57,179.57
4588,47050,111-MZ-T30,FPQ-8116,SCMS-118360,ASN-12611,Mozambique,PMO - US,Direct Drop,EXW,Air,2011-08-04,2011-08-24,2011-12-12,2011-12-12,2011-12-12,HRDT,HIV test,"Orgenics, Ltd","HIV 1/2, Determine HIV Kit, without Lancets, 100 Tests","HIV 1/2, Determine HIV Kit, without Lancets",Determine,no_dosage,Test kit,100,7587,589509.9,77.7,0.78,Inverness Japan,True,1306.0,26532.85,972.69
4589,47077,114-UG-T30,FPQ-15303,SCMS-264962,ASN-32534,Uganda,PMO - US,Direct Drop,EXW,Air,2014-11-11,2014-11-25,2015-06-15,2015-06-15,2015-06-15,ARV,Adult,EMCURE PHARMACEUTICALS LTD,"Atazanavir/Ritonavir 300/100mg, tablets, 30 Tabs",Atazanavir/Ritonavir,Generic,300/100mg,Tablet,30,9235,166230.0,18.0,0.6,"Emcure Plot No.P-2, I.T-B.T. Park, Phase II, MIDC, Hinjwadi, Pune, India",True,1197.0,5375.13,195.65
4590,47084,116-ZA-T30,FPQ-14942,SCMS-295800,ASN-33865,South Africa,PMO - US,Direct Drop,DDP,Truck,2014-09-11,2015-08-24,2015-08-24,2015-08-24,2015-08-24,ARV,Adult,PHARMACY DIRECT,"Tenofovir Disoproxil Fumarate 300mg, tablets, 30 Tabs",Tenofovir Disoproxil Fumarate,Generic,300mg,Tablet,30,30,445.57,14.85,0.5,Mylan (formerly Matrix) Nashik,False,55.0,0.0,0.46
4591,47089,116-ZA-T30,FPQ-11828,SCMS-183950,ASN-19166,South Africa,South Africa Field Office,Direct Drop,DDP,Truck,2013-03-18,2012-10-16,2013-04-16,2013-04-16,2013-04-16,ARV,Pediatric,S. BUYS WHOLESALER,"Lamivudine 10mg/ml, oral solution, Bottle, 240 ml",Lamivudine,Generic,10mg/ml,Oral solution,240,517,2812.74,5.44,0.02,"Cipla, Goa, India",False,668.5,0.0,3.48
4592,47136,116-ZA-T30,FPQ-11828,SCMS-183950,ASN-19166,South Africa,South Africa Field Office,Direct Drop,DDP,Truck,2013-03-18,2012-10-16,2013-04-16,2013-04-16,2013-04-16,ARV,Adult,S. BUYS WHOLESALER,"Nevirapine 200mg [Viramune], tablets, 60 Tabs",Nevirapine,Viramune,200mg,Tablet,60,225,4157.82,18.48,0.31,"Boehringer Ing., Koropi, GR",False,193.5,0.0,5.14
4593,47200,106-HT-T30,FPQ-13797,SCMS-234020,ASN-27349,Haiti,PMO - US,Direct Drop,EXW,Air,2014-03-20,2014-05-05,2014-10-29,2014-10-29,2014-11-12,ARV,Adult,HETERO LABS LIMITED,"Lamivudine/Zidovudine 150/300mg, tablets, 60 Tabs",Lamivudine/Zidovudine,Generic,150/300mg,Tablet - FDC,60,29635,195887.35,6.61,0.11,Hetero Unit III Hyderabad IN,True,2608.0,21886.49,201.37
4594,47837,107-RW-T30,FPQ-3859,SCMS-48850,ASN-4656,Rwanda,PMO - US,Direct Drop,CIP,Air,2009-06-30,2009-07-16,2009-08-10,2009-08-10,2009-08-10,ARV,Adult,HETERO LABS LIMITED,"Nevirapine 200mg, tablets, 60 Tabs",Nevirapine,Generic,200mg,Tablet,60,9300,28737.0,3.09,0.05,Hetero Unit III Hyderabad IN,True,550.0,3054.13,56.32
4595,47212,114-UG-T30,FPQ-14407,SCMS-244420,ASN-29216,Uganda,PMO - US,Direct Drop,FCA,Air,2014-06-11,2014-06-23,2014-11-14,2014-11-14,2014-11-16,ARV,Pediatric,ABBVIE LOGISTICS (FORMERLY ABBOTT LOGISTICS BV),"Lopinavir/Ritonavir 80/20mg/ml [Kaletra], oral solution, cool, Bottle 5 x 60 ml",Lopinavir/Ritonavir,Kaletra,80/20mg/ml,Oral solution,300,80,2465.6,30.82,0.1,ABBVIE (Abbott) Logis. UK,True,136.0,2077.87,2.53
4596,47221,105-SS-T30,FPQ-15569,SCMS-272140,ASN-31129,South Sudan,PMO - US,Direct Drop,EXW,Air,2014-12-29,2015-02-20,2015-05-08,2015-05-08,2015-05-11,HRDT,HIV test,"Trinity Biotech, Plc","HIV 1/2, Uni-Gold HIV Kit, 20 Tests","HIV 1/2, Uni-Gold HIV Kit",Uni-Gold,no_dosage,Test kit,20,10,320.0,32.0,1.6,"Trinity Biotech, Plc",False,6.0,2575.925,0.38
4597,47233,116-ZA-T30,FPQ-12522,SCMS-199283,ASN-27980,South Africa,PMO - US,Direct Drop,DDP,Truck,2013-07-11,2014-08-27,2014-08-27,2014-08-27,2014-08-27,ARV,Adult,S. BUYS WHOLESALER,"Emtricitabine/Tenofovir Disoproxil Fumarate 200/300mg, tablets, 30 Tabs",Emtricitabine/Tenofovir Disoproxil Fumarate,Generic,200/300mg,Tablet - FDC,30,11,370.96,33.72,1.12,"Aurobindo Unit III, India",False,17.0,0.0,0.46
4598,47236,102-SD-T30,FPQ-7103,SCMS-100520,ASN-10315,Sudan,PMO - US,Direct Drop,FCA,Air,2011-02-05,2011-03-02,2011-04-29,2011-04-29,2011-04-29,HRDT,HIV test - Ancillary,"Orgenics, Ltd","Capillary Tubes, for Determine, EDTA, 50uL,100 Pcs","HIV, Capillary Tubes, for Determine, EDTA, 50uL,100 Pcs",Determine,no_dosage,Test kit - Ancillary,100,25,200.0,8.0,0.08,Inverness Japan,True,2.0,1201.72,0.33
4599,47253,108-VN-T30,FPQ-7565,SCMS-107630,ASN-11362,Vietnam,PMO - US,Direct Drop,EXW,Air,2011-04-21,2011-05-02,2011-07-26,2011-07-26,2011-07-26,ARV,Adult,STRIDES ARCOLAB LIMITED,"Lamivudine/Nevirapine/Stavudine 150/200/30mg, tablets, 60 Tabs",Lamivudine/Nevirapine/Stavudine,Generic,150/200/30mg,Tablet - FDC,60,11000,58850.0,5.35,0.09,"Strides, Bangalore, India.",True,3828.0,15089.11,97.1
4600,47301,103-ZW-T30,FPQ-15398,SCMS-264880,ASN-29746,Zimbabwe,PMO - US,Direct Drop,EXW,Air,2014-11-14,2014-11-17,2015-02-03,2015-02-03,2015-02-03,ARV,Pediatric,MYLAN LABORATORIES LTD (FORMERLY MATRIX LABORATORIES),"Lamivudine/Nevirapine/Zidovudine 30/50/60mg, dispersible tablets, 60 Tabs",Lamivudine/Nevirapine/Zidovudine,Generic,30/50/60mg,Chewable/dispersible tablet - FDC,60,814,0.01,0.0,0.0,Mylan (formerly Matrix) Nashik,True,60.0,1344.94,0.0
4601,47302,105-GY-T30,FPQ-11562,SCMS-180000,ASN-18805,Guyana,PMO - US,Direct Drop,EXW,Air,2013-02-07,2013-03-06,2013-04-18,2013-04-18,2013-04-18,ARV,Pediatric,Aurobindo Pharma Limited,"Zidovudine 100mg, capsules, 100 Caps",Zidovudine,Generic,100mg,Capsule,100,218,1002.8,4.6,0.05,"Aurobindo Unit III, India",False,668.5,1924.4650000000001,1.24
4602,47311,104-CI-T30,FPQ-8366,SCMS-124280,ASN-13315,Côte d'Ivoire,PMO - US,Direct Drop,FCA,Ocean,2011-09-05,2011-10-11,2012-03-23,2012-03-23,2012-03-23,ARV,Adult,ABBVIE LOGISTICS (FORMERLY ABBOTT LOGISTICS BV),"Lopinavir/Ritonavir 200/50mg [Aluvia], tablets, 120 Tabs",Lopinavir/Ritonavir,Aluvia,200/50mg,Tablet,120,1573,48479.86,30.82,0.26,ABBVIE Ludwigshafen Germany,True,393.0,40289.0,79.99
4603,47312,116-ZA-T30,FPQ-13214,SCMS-215410,ASN-23875,South Africa,PMO - US,Direct Drop,DDP,Truck,2013-11-14,2013-12-02,2014-01-13,2014-01-13,2014-01-13,ARV,Adult,S. BUYS WHOLESALER,"Emtricitabine/Tenofovir Disoproxil Fumarate 200/300mg, tablets, 30 Tabs",Emtricitabine/Tenofovir Disoproxil Fumarate,Generic,200/300mg,Tablet - FDC,30,26,777.92,29.92,1.0,"Aurobindo Unit III, India",False,33051.0,0.0,0.8
4604,47356,161-ZA-T30,FPQ-5303,SCMS-68990,ASN-7181,South Africa,PMO - US,Direct Drop,DDP,Air,2010-03-18,2010-03-19,2010-06-09,2010-06-10,2010-06-10,ARV,Pediatric,Aurobindo Pharma Limited,"Nevirapine 10mg/ml, oral suspension w/syringe, Bottle, 240 ml",Nevirapine,Generic,10mg/ml,Oral suspension,240,11980,37737.0,3.15,0.01,"Aurobindo Unit III, India",True,4621.0,4762.44,81.36
4605,47388,106-HT-T30,FPQ-9636,SCMS-148360,ASN-16560,Haiti,PMO - US,Direct Drop,EXW,Ocean,2012-05-14,2012-07-03,2012-12-20,2012-12-20,2012-12-20,ARV,Adult,Aurobindo Pharma Limited,"Lamivudine/Zidovudine 150/300mg, tablets, 60 Tabs",Lamivudine/Zidovudine,Generic,150/300mg,Tablet - FDC,60,37680,288252.0,7.65,0.13,"Aurobindo Unit III, India",False,668.5,7785.125,404.13
4606,47400,113-ZW-T30,FPQ-13669,SCMS-225830,ASN-26283,Zimbabwe,PMO - US,Direct Drop,EXW,Air,2014-02-03,2014-02-12,2014-06-18,2014-06-18,2014-06-25,HRDT,HIV test - Ancillary,"Orgenics, Ltd","Chase Buffer, Determine, 100 Tests, 2.5ml x 1 Vial","Chase Buffer, Determine, 100 Tests, 2.5ml x 1 Vial",Determine,no_dosage,Test kit - Ancillary,1,3939,19695.0,5.0,5.0,"Alere Medical Co., Ltd.",False,394.0,12894.85,20.25
4607,47406,110-ZM-T30,FPQ-11390,SCMS-173920,ASN-19078,Zambia,PMO - US,Direct Drop,EXW,Air,2013-01-08,2013-01-23,2013-06-05,2013-06-05,2013-06-05,HRDT,HIV test,"Orgenics, Ltd","HIV 1/2, Determine Complete HIV Kit, 100 Tests","HIV 1/2, Determine Complete HIV Kit",Determine,no_dosage,Test kit,100,2607,208560.0,80.0,0.8,"Alere Medical Co., Ltd.",True,1080.0,19598.71,257.99
4608,47411,114-UG-T30,FPQ-12777,SCMS-202561,ASN-22987,Uganda,PMO - US,Direct Drop,EXW,Air,2013-08-05,2013-10-28,2013-12-12,2013-12-12,2013-12-13,ARV,Pediatric,Aurobindo Pharma Limited,"Nevirapine 10mg/ml, oral suspension w/syringe, Bottle, 100 ml",Nevirapine,Generic,10mg/ml,Oral suspension,100,700,910.0,1.3,0.01,"Aurobindo Unit III, India",True,548.0,2485.92,1.13
4609,47413,106-HT-T30,FPQ-12590,SCMS-210530,ASN-22712,Haiti,PMO - US,Direct Drop,EXW,Air,2013-08-21,2013-10-25,2014-01-24,2014-01-24,2014-01-29,ARV,Adult,MYLAN LABORATORIES LTD (FORMERLY MATRIX LABORATORIES),"Atazanavir/Ritonavir 300/100mg, tablets, 30 Tabs",Atazanavir/Ritonavir,Generic,300/100mg,Tablet,30,5000,100000.0,20.0,0.67,Mylan (formerly Matrix) Nashik,True,1189.0,7296.97,123.7
4610,47432,104-CI-T30,FPQ-12622,SCMS-201213,ASN-26834,Côte d'Ivoire,PMO - US,Direct Drop,EXW,Air,2013-07-16,2013-08-15,2014-07-08,2014-07-08,2014-07-10,HRDT,HIV test,"Standard Diagnostics, Inc.","HIV 1/2, Bioline 3.0 Kit, Lancets, Capillary pipets, Alcohol swabs included, 25 Tests","HIV 1/2, Bioline 3.0 Kit, Lancets, Capillary pipets, Alcohol swabs included",Bioline,no_dosage,Test kit,25,1400,28700.0,20.5,0.82,"Standard Diagnostics, Korea",True,468.0,5372.87,35.5
4611,47443,114-UG-T30,FPQ-4085,SCMS-53080,ASN-5062,Uganda,PMO - US,Direct Drop,FCA,Air,2009-08-25,2009-09-10,2009-10-20,2009-10-20,2009-10-20,ARV,Adult,ABBVIE LOGISTICS (FORMERLY ABBOTT LOGISTICS BV),"Lopinavir/Ritonavir 200/50mg [Aluvia], tablets, 120 Tabs",Lopinavir/Ritonavir,Aluvia,200/50mg,Tablet,120,120,4339.2,36.16,0.3,ABBVIE Ludwigshafen Germany,True,36.0,1025.69,8.5
4612,47473,103-ZW-T30,FPQ-16527,SCMS-294730,ASN-33622,Zimbabwe,PMO - US,Direct Drop,FCA,Air,2015-07-01,2015-07-10,2015-08-20,2015-08-20,2015-08-21,ARV,Pediatric,ABBVIE LOGISTICS (FORMERLY ABBOTT LOGISTICS BV),"Lopinavir/Ritonavir 80/20mg/ml [Kaletra], oral solution, cool, Bottle 5 x 60 ml",Lopinavir/Ritonavir,Kaletra,80/20mg/ml,Oral solution,300,4497,138597.54,30.82,0.1,ABBVIE (Abbott) Logis. UK,True,3968.0,0.0,163.13
4613,47495,900-SZ-T30,FPQ-8386,SCMS-122630,ASN-13382,Swaziland,PMO - US,Direct Drop,EXW,Ocean,2011-09-14,2011-09-22,2012-03-19,2012-03-19,2012-03-19,ARV,Adult,Aurobindo Pharma Limited,"Lamivudine/Zidovudine+Efavirenz 150/300mg+600mg, tablets, co-blister 60+30 Tabs",Lamivudine/Zidovudine+Efavirenz,Generic,150/300mg+600mg,Tablet - FDC + co-blister,90,46855,637228.0,13.6,0.15,"Aurobindo Unit III, India",True,7712.0,13491.19,1051.43
4614,47516,116-ZA-T30,FPQ-11828,SCMS-183950,ASN-19166,South Africa,South Africa Field Office,Direct Drop,DDP,Truck,2013-03-18,2012-10-16,2013-04-16,2013-04-16,2013-04-16,ARV,Adult,S. BUYS WHOLESALER,"Tenofovir Disoproxil Fumarate 300mg, tablets, 30 Tabs",Tenofovir Disoproxil Fumarate,Generic,300mg,Tablet,30,7242,148900.86,20.56,0.69,"Aurobindo Unit III, India",False,668.5,0.0,184.19
4615,47536,102-BW-T30,FPQ-6645,SCMS-92630,ASN-9552,Botswana,PMO - US,Direct Drop,EXW,Air,2010-11-11,2010-12-02,2011-03-02,2011-03-02,2011-03-02,HRDT,HIV test,"Orgenics, Ltd","HIV 1/2, Determine Complete HIV Kit, 100 Tests","HIV 1/2, Determine Complete HIV Kit",Determine,no_dosage,Test kit,100,10,800.0,80.0,0.8,Inverness Japan,True,5.0,767.63,1.32
4616,47541,107-RW-T30,FPQ-10092,SCMS-149431,ASN-15554,Rwanda,PMO - US,Direct Drop,EXW,Air,2012-06-04,2012-06-12,2012-08-04,2012-08-04,2012-08-04,ARV,Adult,HETERO LABS LIMITED,"Nevirapine 200mg, tablets, 60 Tabs",Nevirapine,Generic,200mg,Tablet,60,37140,86907.6,2.34,0.04,Hetero Unit III Hyderabad IN,False,668.5,5865.805,121.84
4617,47546,151-NG-T30,FPQ-11880,SCMS-185370,ASN-19780,Nigeria,PMO - US,Direct Drop,FCA,Air,2013-03-20,2013-04-19,2013-07-23,2013-07-23,2013-07-23,ARV,Pediatric,ABBVIE LOGISTICS (FORMERLY ABBOTT LOGISTICS BV),"Lopinavir/Ritonavir 100/25mg [Aluvia], tablets, 60 Tabs",Lopinavir/Ritonavir,Generic,100/25mg,Tablet,60,5360,31838.4,5.94,0.1,ABBVIE Ludwigshafen Germany,True,619.0,5506.01,39.38
4618,47559,161-ZA-T30,FPQ-5648,SCMS-75440,ASN-8696,South Africa,PMO - US,Direct Drop,DDP,Ocean,2010-06-02,2010-06-17,2011-02-04,2011-02-04,2011-02-04,ARV,Pediatric,Aurobindo Pharma Limited,"Efavirenz 50mg, capsule, 30 Caps",Efavirenz,Generic,50mg,Capsule,30,100000,235000.0,2.35,0.08,"Aurobindo Unit III, India",True,5634.0,17819.74,506.66
4619,47576,161-ZA-T30,FPQ-6262,SCMS-84210,ASN-10511,South Africa,PMO - US,Direct Drop,DDP,Ocean,2010-08-31,2010-09-21,2011-04-05,2011-05-30,2011-05-30,ARV,Adult,CIPLA LIMITED,"Nevirapine 200mg, tablets, 60 Tabs",Nevirapine,Generic,200mg,Tablet,60,38400,107136.0,2.79,0.05,"Cipla, Goa, India",True,4528.0,0.0,230.99
4620,47581,106-HT-T30,FPQ-10785,SCMS-162820,ASN-17024,Haiti,PMO - US,Direct Drop,DDP,Truck,2012-10-11,2012-10-16,2012-10-30,2012-10-30,2012-10-30,HRDT,HIV test,REINBOLD EXPORT IMPORT,"HIV 1/2, Determine Complete HIV Kit, 100 Tests","HIV 1/2, Determine Complete HIV Kit",Determine,no_dosage,Test kit,100,1000,133000.0,133.0,1.33,"Alere Medical Co., Ltd.",True,342.0,0.0,164.52
4621,47587,105-GY-T30,FPQ-14694,SCMS-252350,ASN-28008,Guyana,PMO - US,Direct Drop,EXW,Air,2014-07-28,2014-08-14,2014-09-24,2014-09-24,2014-10-08,HRDT,HIV test,"Orgenics, Ltd","HIV 1/2, Determine Complete HIV Kit, 100 Tests","HIV 1/2, Determine Complete HIV Kit",Determine,no_dosage,Test kit,100,605,60500.0,100.0,1.0,"Alere Medical Co., Ltd.",True,394.0,1924.4650000000001,62.19
4622,47616,103-ZW-T30,FPQ-11488,SCMS-174670,ASN-20191,Zimbabwe,PMO - US,Direct Drop,FCA,Air,2013-01-17,2013-02-01,2013-07-08,2013-07-08,2013-07-08,ARV,Pediatric,LAWRENCE LABORATORIES (SUBSIDIARY OF BRISTOL MYERS SQUIBB),"Didanosine 25mg [Videx], chewable tablets, 60 Tabs",Didanosine,Videx,25mg,Chewable/dispersible tablet,60,703,4921.0,7.0,0.12,Bristol-Myers Squibb Anagni IT,True,162.0,2365.05,6.09
4623,47625,161-ZA-T30,FPQ-5303,SCMS-68750,ASN-8703,South Africa,PMO - US,Direct Drop,DDP,Air,2010-03-18,2010-03-19,2010-10-13,2010-12-01,2010-12-01,ARV,Adult,CIPLA LIMITED,"Tenofovir Disoproxil Fumarate 300mg, tablets, 30 Tabs",Tenofovir Disoproxil Fumarate,Generic,300mg,Tablet,30,54247,424211.54,7.82,0.26,"Cipla, Goa, India",True,3728.0,3646.13,914.6
4624,47638,102-GY-T30,FPQ-8053,SCMS-115820,ASN-11658,Guyana,PMO - US,Direct Drop,EXW,Air,2011-07-13,2011-07-20,2011-08-08,2011-08-08,2011-08-08,HRDT,HIV test,"CHEMBIO DIAGNOSTIC SYSTEMS, INC.","HIV 1/2, Stat-Pak HIV, Kit, 20 Tests","HIV 1/2, Stat-Pak HIV, Kit",Stat-Pak,no_dosage,Test kit,20,15,435.0,29.0,1.45,Chembio Diagnostics Sys. Inc.,True,6.0,325.67,0.72
4625,47642,101-CD-T30,FPQ-16001,SCMS-280220,ASN-32231,"Congo, DRC",PMO - US,Direct Drop,EXW,Air,2015-03-10,2015-03-17,2015-07-23,2015-07-23,2015-07-29,HRDT,HIV test,"Orgenics, Ltd","HIV 1/2, Determine Complete HIV Kit, 100 Tests","HIV 1/2, Determine Complete HIV Kit",Determine,no_dosage,Test kit,100,262,20960.0,80.0,0.8,"Alere Medical Co., Ltd.",False,394.0,2346.5699999999997,24.67
4626,47653,116-ZA-T30,FPQ-14942,SCMS-259071,ASN-29596,South Africa,PMO - US,Direct Drop,DDP,Truck,2014-09-11,2014-11-28,2014-11-28,2014-11-28,2014-11-28,ARV,Adult,PHARMACY DIRECT,"Etravirine 100mg [Intelence], tablets, 120 Tabs",Etravirine,Intelence,100mg,Tablet,120,33,844.57,25.59,0.21,"Janssen-Cilag, Latina, IT",False,668.5,0.0,0.87
4627,47666,116-ZA-T30,FPQ-14942,SCMS-259078,ASN-33470,South Africa,PMO - US,Direct Drop,DDP,Truck,2014-09-11,2014-10-09,2015-07-24,2015-07-24,2015-07-24,ARV,Adult,PHARMACY DIRECT,"Didanosine 400mg, delayed-release capsules, 30 Caps",Didanosine,Generic,400mg,Delayed-release capsules,30,8,122.18,15.27,0.51,"Aurobindo Unit III, India",False,48.0,0.0,0.13
4628,47676,116-ZA-T30,FPQ-7176,SCMS-104390,ASN-11438,South Africa,PMO - US,Direct Drop,DDP,Ocean,2011-03-10,2011-04-01,2011-09-14,2011-09-14,2011-09-14,ARV,Adult,Aurobindo Pharma Limited,"Lamivudine/Zidovudine 150/300mg, tablets, 60 Tabs",Lamivudine/Zidovudine,Generic,150/300mg,Tablet - FDC,60,164,1380.88,8.42,0.14,"Aurobindo Unit III, India",True,2095.0,0.0,2.28
4629,47677,108-VN-T30,FPQ-10811,SCMS-164520,ASN-18693,Vietnam,PMO - US,Direct Drop,FCA,Air,2012-10-15,2012-11-07,2013-04-03,2013-04-03,2013-04-03,ARV,Adult,ABBVIE LOGISTICS (FORMERLY ABBOTT LOGISTICS BV),"Ritonavir 100mg [Norvir], film coated tablets, 30 Tabs",Ritonavir,Norvir,100mg,Tablet,30,187,4349.62,23.26,0.78,ABBVIE Ludwigshafen Germany,True,16.0,958.85,5.38
4630,47722,116-ZA-T30,FPQ-14942,SCMS-259079,ASN-33851,South Africa,PMO - US,Direct Drop,DDP,Truck,2014-09-11,2014-10-09,2015-08-24,2015-08-24,2015-08-24,ARV,Adult,PHARMACY DIRECT,"Emtricitabine/Tenofovir Disoproxil Fumarate 200/300mg, tablets, 30 Tabs",Emtricitabine/Tenofovir Disoproxil Fumarate,Generic,200/300mg,Tablet - FDC,30,10,234.38,23.44,0.78,"Aurobindo Unit III, India",False,38.0,0.0,0.24
4631,47759,108-VN-T30,FPQ-3896,SCMS-48270,ASN-5131,Vietnam,PMO - US,Direct Drop,EXW,Air,2009-06-25,2009-06-26,2009-10-26,2009-10-26,2009-10-26,ARV,Adult,Aurobindo Pharma Limited,"Lamivudine/Zidovudine 150/300mg, tablets, 60 Tabs",Lamivudine/Zidovudine,Generic,150/300mg,Tablet - FDC,60,5964,51350.04,8.61,0.14,"Aurobindo Unit III, India",False,3509.0,4400.805,100.65
4632,47817,102-SS-T30,FPQ-9038,SCMS-137170,ASN-14402,South Sudan,PMO - US,Direct Drop,EXW,Air,2012-01-17,2012-02-15,2012-05-15,2012-05-15,2012-05-15,HRDT,HIV test,"Trinity Biotech, Plc","HIV 1/2, Uni-Gold HIV Kit, 20 Tests","HIV 1/2, Uni-Gold HIV Kit",Uni-Gold,no_dosage,Test kit,20,179,5728.0,32.0,1.6,"Trinity Biotech, Plc",True,63.0,2147.11,8.03
4633,47831,108-VN-T30,FPQ-4265,SCMS-56210,ASN-5539,Vietnam,PMO - US,Direct Drop,FCA,Air,2009-10-20,2009-11-05,2009-12-11,2009-12-11,2009-12-11,ARV,Adult,ABBVIE LOGISTICS (FORMERLY ABBOTT LOGISTICS BV),"Lopinavir/Ritonavir 200/50mg [Aluvia], tablets, 120 Tabs",Lopinavir/Ritonavir,Aluvia,200/50mg,Tablet,120,1720,141384.0,82.2,0.68,ABBVIE Ludwigshafen Germany,True,424.0,10296.99,277.11
4634,47853,109-TZ-T30,FPQ-4157,SCMS-52775,ASN-5402,Tanzania,PMO - US,Direct Drop,EXW,Air,2009-08-27,2009-09-03,2010-01-18,2010-01-18,2010-01-18,HRDT,HIV test,"Orgenics, Ltd","HIV 1/2, Determine HIV Kit, without Lancets, 100 Tests","HIV 1/2, Determine HIV Kit, without Lancets",Determine,no_dosage,Test kit,100,2024,141680.0,70.0,0.7,Inverness Japan,True,461.0,6923.2,277.69
4635,47857,117-ET-T30,FPQ-9098,SCMS-133540,ASN-14233,Ethiopia,PMO - US,Direct Drop,EXW,Air,2012-01-10,2012-01-23,2012-03-27,2012-03-27,2012-03-27,HRDT,HIV test,"CHEMBIO DIAGNOSTIC SYSTEMS, INC.","HIV 1/2, Stat-Pak HIV, Kit, 20 Tests","HIV 1/2, Stat-Pak HIV, Kit",Stat-Pak,no_dosage,Test kit,20,340,9860.0,29.0,1.45,Chembio Diagnostics Sys. Inc.,True,151.0,827.88,13.82
4636,47862,111-MZ-T30,FPQ-14235,SCMS-247380,ASN-29098,Mozambique,PMO - US,Direct Drop,CIP,Air,2014-05-21,2014-07-28,2014-11-21,2014-11-21,2014-12-10,ARV,Adult,JANSSEN SCIENCES IRELAND UC (FORMERLY JANSSEN R&D IRELAND),"Darunavir 600mg [Prezista], tablets, 60 Tabs",Darunavir,Prezista,600mg,Tablet,60,50,2700.0,54.0,0.9,"Janssen-Cilag, Latina, IT",True,35.0,0.0,2.78
4637,47864,108-VN-T30,FPQ-5094,SCMS-68820,ASN-7170,Vietnam,PMO - US,Direct Drop,FCA,Air,2010-03-15,2010-03-31,2010-06-21,2010-06-21,2010-06-21,ARV,Adult,ABBVIE LOGISTICS (FORMERLY ABBOTT LOGISTICS BV),"Lopinavir/Ritonavir 200/50mg [Aluvia], tablets, 120 Tabs",Lopinavir/Ritonavir,Aluvia,200/50mg,Tablet,120,1785,146727.0,82.2,0.68,ABBVIE Ludwigshafen Germany,True,266.0,6937.66,316.34
4638,47870,102-SD-T30,FPQ-8261,SCMS-120462,ASN-12337,Sudan,PMO - US,Direct Drop,EXW,Air,2011-08-29,2011-09-07,2012-01-11,2012-01-11,2012-01-11,HRDT,HIV test,"Trinity Biotech, Plc","HIV 1/2, Uni-Gold HIV Kit, 20 Tests","HIV 1/2, Uni-Gold HIV Kit",Uni-Gold,no_dosage,Test kit,20,39,1248.0,32.0,1.6,"Trinity Biotech, Plc",True,13.0,581.73,2.06
4639,47923,113-ZW-T30,FPQ-3998,SCMS-50150,ASN-4753,Zimbabwe,PMO - US,Direct Drop,EXW,Air,2009-07-14,2009-07-25,2009-09-07,2009-09-07,2009-09-07,HRDT,HIV test,"Orgenics, Ltd","HIV 1/2, Determine Complete HIV Kit, 100 Tests","HIV 1/2, Determine Complete HIV Kit",Determine,no_dosage,Test kit,100,1000,72000.0,72.0,0.72,Inverness Japan,True,324.0,3791.81,141.12
4640,47937,108-VN-T30,FPQ-13034,SCMS-210150,ASN-24570,Vietnam,PMO - US,Direct Drop,EXW,Air,2013-10-04,2013-10-10,2014-04-22,2014-04-22,2014-04-22,ARV,Adult,HETERO LABS LIMITED,"Efavirenz/Lamivudine/Tenofovir Disoproxil Fumarate 600/300/300mg, tablets, 30 Tabs",Efavirenz/Lamivudine/Tenofovir Disoproxil Fumarate,Generic,600/300/300mg,Tablet - FDC,30,24192,254016.0,10.5,0.35,Hetero Unit III Hyderabad IN,True,3385.0,8764.53,314.22
4641,47949,161-ZA-T30,FPQ-6262,SCMS-83830,ASN-9478,South Africa,PMO - US,Direct Drop,DDP,Ocean,2010-08-31,2010-09-24,2011-02-01,2011-03-04,2011-03-04,ARV,Adult,Aurobindo Pharma Limited,"Efavirenz 600mg, tablets, 30 Tabs",Efavirenz,Generic,600mg,Tablet,30,87018,394191.54,4.53,0.15,"Aurobindo Unit III, India",True,668.5,0.0,849.88
4642,47953,108-VN-T30,FPQ-10811,SCMS-164570,ASN-18408,Vietnam,PMO - US,Direct Drop,EXW,Air,2012-10-15,2012-11-07,2013-03-18,2013-03-18,2013-03-18,ARV,Pediatric,MYLAN LABORATORIES LTD (FORMERLY MATRIX LABORATORIES),"Lamivudine/Zidovudine 30/60mg, tablets, 60 Tabs",Lamivudine/Zidovudine,Generic,30/60mg,Tablet - FDC,60,2231,4685.1,2.1,0.04,Mylan (formerly Matrix) Nashik,False,668.5,4400.805,5.8
4643,47975,108-VN-T30,FPQ-7898,SCMS-113690,ASN-12713,Vietnam,PMO - US,Direct Drop,FCA,Air,2011-06-27,2011-07-08,2011-11-17,2011-11-17,2011-11-17,ARV,Adult,ABBVIE LOGISTICS (FORMERLY ABBOTT LOGISTICS BV),"Lopinavir/Ritonavir 200/50mg [Aluvia], tablets, 120 Tabs",Lopinavir/Ritonavir,Aluvia,200/50mg,Tablet,120,1575,129465.0,82.2,0.68,ABBVIE Ludwigshafen Germany,True,382.0,5528.41,213.62
4644,47977,110-ZM-T30,FPQ-15075,SCMS-260220,ASN-29944,Zambia,PMO - US,Direct Drop,EXW,Air,2014-10-15,2014-10-22,2015-01-21,2015-01-21,2015-02-04,HRDT,HIV test,"Trinity Biotech, Plc","HIV 1/2, Uni-Gold HIV Kit, 20 Tests","HIV 1/2, Uni-Gold HIV Kit",Uni-Gold,no_dosage,Test kit,20,3000,96000.0,32.0,1.6,"Trinity Biotech, Plc",True,881.0,6664.29,112.99
4645,47979,108-VN-T30,FPQ-15823,SCMS-277350,ASN-32256,Vietnam,PMO - US,Direct Drop,FCA,Air,2015-02-13,2015-03-04,2015-07-09,2015-07-09,2015-07-10,ARV,Adult,ABBVIE LOGISTICS (FORMERLY ABBOTT LOGISTICS BV),"Ritonavir 100mg [Norvir], film coated tablets, 30 Tabs",Ritonavir,Norvir,100mg,Tablet,30,300,6978.0,23.26,0.78,ABBVIE Ludwigshafen Germany,True,42.0,4400.805,8.21
4646,48043,102-KE-T30,FPQ-6114,SCMS-80820,ASN-8589,Kenya,PMO - US,Direct Drop,EXW,Air,2010-07-23,2010-08-27,2010-11-12,2010-11-12,2010-11-12,HRDT,HIV test,"Orgenics, Ltd","HIV 1/2, Determine Complete HIV Kit, 100 Tests","HIV 1/2, Determine Complete HIV Kit",Determine,no_dosage,Test kit,100,8178,727842.0,89.0,0.89,Inverness Japan,True,1407.0,15200.59,1569.23
4647,48044,900-SS-T30,FPQ-11623,SCMS-178030,ASN-19143,South Sudan,PMO - US,Direct Drop,EXW,Air,2013-02-08,2013-02-27,2013-08-16,2013-08-16,2013-08-16,HRDT,HIV test,"Orgenics, Ltd","HIV 1/2, Determine Complete HIV Kit, 100 Tests","HIV 1/2, Determine Complete HIV Kit",Determine,no_dosage,Test kit,100,204,18156.0,89.0,0.89,"Alere Medical Co., Ltd.",False,394.0,2575.925,22.46
4648,48065,161-ZA-T30,FPQ-5303,SCMS-68952,ASN-7506,South Africa,PMO - US,Direct Drop,DDP,Air,2010-03-18,2010-03-19,2010-08-24,2010-08-24,2010-08-24,ARV,Pediatric,Aurobindo Pharma Limited,"Lamivudine 10mg/ml, oral solution w/syringe, Bottle, 240 ml",Lamivudine,Generic,10mg/ml,Oral solution,240,11668,35004.0,3.0,0.01,"Aurobindo Unit III, India",True,4396.0,3283.59,75.47
4649,48099,101-CD-T30,FPQ-16001,SCMS-280210,ASN-31750,"Congo, DRC",PMO - US,Direct Drop,EXW,Air,2015-03-10,2015-03-16,2015-07-02,2015-07-02,2015-07-30,HRDT,HIV test,"Trinity Biotech, Plc","HIV 1/2, Uni-Gold HIV Kit, 20 Tests","HIV 1/2, Uni-Gold HIV Kit",Uni-Gold,no_dosage,Test kit,20,41,1312.0,32.0,1.6,"Trinity Biotech, Plc",False,28.0,2346.5699999999997,1.54
4650,48102,116-ZA-T30,FPQ-14942,SCMS-295800,ASN-33864,South Africa,PMO - US,Direct Drop,DDP,Truck,2014-09-11,2015-08-24,2015-08-24,2015-08-24,2015-08-24,ARV,Adult,PHARMACY DIRECT,"Darunavir 600mg [Prezista], tablets, 60 Tabs",Darunavir,Prezista,600mg,Tablet,60,18,911.9,50.66,0.84,"Janssen-Cilag, Latina, IT",True,55.0,0.0,0.94
4651,48120,108-VN-T30,FPQ-5317,SCMS-69530,ASN-7487,Vietnam,PMO - US,Direct Drop,EXW,Air,2010-03-22,2010-03-29,2010-08-03,2010-08-03,2010-08-03,ARV,Adult,STRIDES ARCOLAB LIMITED,"Lamivudine 150mg, tablets, 60 Tabs",Lamivudine,Generic,150mg,Tablet,60,2400,5640.0,2.35,0.04,"Strides, Bangalore, India.",True,726.0,7388.14,12.16
4652,48151,107-RW-T30,FPQ-8932,SCMS-129870,ASN-13371,Rwanda,PMO - US,Direct Drop,EXW,Air,2011-12-06,2011-12-13,2012-01-24,2012-01-24,2012-01-24,ARV,Adult,Aurobindo Pharma Limited,"Lamivudine/Tenofovir Disoproxil Fumarate 300/300mg, tablets, 30 Tabs",Lamivudine/Tenofovir Disoproxil Fumarate,Generic,300/300mg,Tablet - FDC,30,42074,225095.9,5.35,0.18,"Aurobindo Unit VII, IN",True,4105.0,25382.52,315.58
4653,48155,108-VN-T30,FPQ-6384,SCMS-87780,ASN-9408,Vietnam,PMO - US,Direct Drop,EXW,Air,2010-09-30,2010-10-18,2011-02-16,2011-02-16,2011-02-16,ARV,Adult,HETERO LABS LIMITED,"Zidovudine 300mg, tablets, 60 Tabs",Zidovudine,Generic,300mg,Tablet,60,1008,7005.6,6.95,0.12,Hetero Unit III Hyderabad IN,False,354.5,4400.805,15.1
4654,48182,106-HT-T30,FPQ-14895,SCMS-261300,ASN-29497,Haiti,PMO - US,Direct Drop,FCA,Air,2014-09-24,2014-11-05,2014-12-10,2014-12-10,2014-12-10,ARV,Adult,ABBVIE LOGISTICS (FORMERLY ABBOTT LOGISTICS BV),"Ritonavir 100mg [Norvir], film coated tablets, 60 Tabs",Ritonavir,Norvir,100mg,Tablet,60,272,1863.2,6.85,0.11,ABBVIE Ludwigshafen Germany,True,37.0,722.35,1.92
4655,48184,107-RW-T30,FPQ-14813,SCMS-261760,ASN-29891,Rwanda,PMO - US,Direct Drop,EXW,Air,2014-10-09,2014-12-15,2015-01-15,2015-01-15,2015-02-24,ARV,Pediatric,Aurobindo Pharma Limited,"Lopinavir/Ritonavir 100/25mg, tablets, 60 Tabs",Lopinavir/Ritonavir,Generic,100/25mg,Tablet,60,1592,12799.68,8.04,0.13,"Aurobindo Unit III, India",True,167.0,1923.14,13.16
4656,48214,116-ZA-T30,FPQ-14942,SCMS-259074,ASN-31070,South Africa,PMO - US,Direct Drop,DDP,Truck,2014-09-11,2015-03-09,2015-03-09,2015-03-09,2015-03-09,ARV,Adult,PHARMACY DIRECT,"Nevirapine 200mg, tablets, 60 Tabs",Nevirapine,Generic,200mg,Tablet,60,19,243.66,12.82,0.21,"Aurobindo Unit III, India",False,668.5,0.0,0.25
4657,48216,109-TZ-T30,FPQ-9259,SCMS-136810,ASN-14309,Tanzania,PMO - US,Direct Drop,EXW,Air,2012-01-27,2012-02-03,2012-05-25,2012-05-25,2012-05-25,HRDT,HIV test,"Trinity Biotech, Plc","HIV 1/2, Uni-Gold HIV Kit, 20 Tests","HIV 1/2, Uni-Gold HIV Kit",Uni-Gold,no_dosage,Test kit,20,4250,136000.0,32.0,1.6,"Trinity Biotech, Plc",True,1386.0,13215.15,190.67
4658,48228,104-CI-T30,FPQ-12134,SCMS-190720,ASN-21347,Côte d'Ivoire,PMO - US,Direct Drop,EXW,Air,2013-04-23,2013-05-21,2013-09-03,2013-09-03,2013-09-03,HRDT,HIV test,"CHEMBIO DIAGNOSTIC SYSTEMS, INC.","HIV 1/2, Stat-Pak HIV, Kit, 20 Tests","HIV 1/2, Stat-Pak HIV, Kit",Stat-Pak,no_dosage,Test kit,20,3400,98600.0,29.0,1.45,Chembio Diagnostics Sys. Inc.,True,1252.0,10821.66,121.97
4659,48236,116-ZA-T30,FPQ-12522,SCMS-199283,ASN-27979,South Africa,PMO - US,Direct Drop,DDP,Truck,2013-07-11,2014-08-27,2014-08-27,2014-08-27,2014-08-27,ARV,Pediatric,S. BUYS WHOLESALER,"Abacavir 20mg/ml, oral solution w/syringe, Bottle, 240 ml",Abacavir,Generic,20mg/ml,Oral solution,240,36,987.14,27.42,0.11,"Aurobindo Unit III, India",False,22.0,0.0,1.22
4660,48261,107-RW-T30,FPQ-16293,SCMS-294120,ASN-33515,Rwanda,PMO - US,Direct Drop,FCA,Air,2015-06-15,2015-07-07,2015-08-21,2015-08-21,2015-08-24,ARV,Pediatric,ABBVIE LOGISTICS (FORMERLY ABBOTT LOGISTICS BV),"Lopinavir/Ritonavir 80/20mg/ml [Kaletra], oral solution, cool, Bottle 5 x 60 ml",Lopinavir/Ritonavir,Kaletra,80/20mg/ml,Oral solution,300,350,10787.0,30.82,0.1,ABBVIE (Abbott) Logis. UK,True,45.0,5865.805,12.7
4661,48301,104-CI-T30,FPQ-9394,SCMS-141430,ASN-15398,Côte d'Ivoire,PMO - US,Direct Drop,EXW,Air,2012-02-28,2012-03-22,2012-07-05,2012-07-05,2012-07-05,HRDT,HIV test,"Orgenics, Ltd","HIV 1/2, Determine Complete HIV Kit, 100 Tests","HIV 1/2, Determine Complete HIV Kit",Determine,no_dosage,Test kit,100,6290,503200.0,80.0,0.8,"Alere Medical Co., Ltd.",True,2995.0,57933.93,705.49
4662,48319,116-ZA-T30,FPQ-13214,SCMS-215410,ASN-23875,South Africa,PMO - US,Direct Drop,DDP,Truck,2013-11-14,2013-12-02,2014-01-13,2014-01-13,2014-01-13,ARV,Adult,S. BUYS WHOLESALER,"Nevirapine 200mg, tablets, 60 Tabs",Nevirapine,Generic,200mg,Tablet,60,275,4974.52,18.09,0.3,"Cipla, Goa, India",False,36.0,0.0,5.11
4663,48419,161-ZA-T30,FPQ-7175,SCMS-104060,ASN-11379,South Africa,PMO - US,Direct Drop,DDP,Ocean,2011-03-10,2011-03-28,2011-12-06,2011-11-02,2011-11-02,ARV,Adult,CIPLA LIMITED,"Nevirapine 200mg, tablets, 60 Tabs",Nevirapine,Generic,200mg,Tablet,60,10817,29422.24,2.72,0.05,"Cipla, Goa, India",True,1172.0,19007.72,48.55
4664,48438,114-UG-T30,FPQ-6504,SCMS-91710,ASN-9454,Uganda,PMO - US,Direct Drop,CIP,Air,2010-10-31,2010-11-18,2011-01-27,2011-01-27,2011-01-27,ARV,Adult,MERCK SHARP & DOHME IDEA GMBH (FORMALLY MERCK SHARP & DOHME B.V.),"Raltegravir 400mg [Isentress], tablets, 60 Tabs",Raltegravir,Isentress,400mg,Tablet,60,223,20404.5,91.5,1.52,"MSD, Haarlem, NL",True,21.0,761.0,33.67
4665,48497,161-ZA-T30,FPQ-6262,SCMS-84230,ASN-9508,South Africa,PMO - US,Direct Drop,DDP,Ocean,2010-08-31,2010-09-21,2011-02-14,2011-02-11,2011-02-11,ARV,Adult,STRIDES ARCOLAB LIMITED,"Lamivudine 150mg, tablets, 60 Tabs",Lamivudine,Generic,150mg,Tablet,60,185954,459306.38,2.47,0.04,"Strides, Bangalore, India.",True,9019.0,13677.68,990.26
4666,48500,107-RW-T30,FPQ-6341,SCMS-84980,ASN-9370,Rwanda,PMO - US,Direct Drop,EXW,Ocean,2010-09-03,2010-09-28,2011-03-01,2011-03-01,2011-03-01,ARV,Adult,HETERO LABS LIMITED,"Nevirapine 200mg, tablets, 60 Tabs",Nevirapine,Generic,200mg,Tablet,60,176100,427923.0,2.43,0.04,Hetero Unit III Hyderabad IN,True,24219.0,23736.39,922.6
4667,48516,106-HT-T30,FPQ-15038,SCMS-262950,ASN-30813,Haiti,PMO - US,Direct Drop,EXW,Air,2014-10-22,2014-12-24,2015-03-30,2015-03-30,2015-03-31,ARV,Pediatric,Aurobindo Pharma Limited,"Zidovudine 100mg, capsules, 100 Caps",Zidovudine,Generic,100mg,Capsule,100,120,540.0,4.5,0.04,"Aurobindo Unit III, India",True,9.0,820.56,0.56
4668,48517,100-ZW-T30,FPQ-5018,SCMS-65350,ASN-6754,Zimbabwe,PMO - US,Direct Drop,EXW,Air,2010-02-02,2010-02-17,2010-05-20,2010-05-20,2010-05-20,HRDT,HIV test,"Orgenics, Ltd","HIV 1/2, Determine Complete HIV Kit, 100 Tests","HIV 1/2, Determine Complete HIV Kit",Determine,no_dosage,Test kit,100,1845,132840.0,72.0,0.72,Inverness Japan,True,1000.0,18841.09,286.4
4669,48519,105-SS-T30,FPQ-12623,SCMS-200910,ASN-22040,South Sudan,PMO - US,Direct Drop,EXW,Air,2013-07-18,2013-08-05,2013-11-08,2013-11-08,2013-11-11,HRDT,HIV test - Ancillary,"Orgenics, Ltd","Capillary Tubes, for Determine, EDTA, 50uL,100 Pcs","HIV, Capillary Tubes, for Determine, EDTA, 50uL,100 Pcs",Determine,no_dosage,Test kit - Ancillary,100,165,1320.0,8.0,0.08,"Alere Medical Co., Ltd.",False,138.0,2575.925,1.63
4670,48523,900-TZ-T30,FPQ-10396,SCMS-157661,ASN-17081,Tanzania,PMO - US,Direct Drop,EXW,Air,2012-07-31,2012-10-04,2012-12-07,2012-12-07,2012-12-07,HRDT,HIV test,"Orgenics, Ltd","HIV 1/2, Determine Complete HIV Kit, 100 Tests","HIV 1/2, Determine Complete HIV Kit",Determine,no_dosage,Test kit,100,2744,219520.0,80.0,0.8,"Alere Medical Co., Ltd.",True,1303.0,22223.94,307.77
4671,48559,116-ZA-T30,FPQ-14942,SCMS-259077,ASN-33477,South Africa,PMO - US,Direct Drop,DDP,Truck,2014-09-11,2014-10-09,2015-07-24,2015-07-24,2015-07-24,ARV,Adult,PHARMACY DIRECT,"Nevirapine 200mg, tablets, 60 Tabs",Nevirapine,Generic,200mg,Tablet,60,20,256.48,12.82,0.21,"Aurobindo Unit III, India",False,35.5,0.0,0.26
4672,48595,108-VN-T30,FPQ-15823,SCMS-277330,ASN-33152,Vietnam,PMO - US,Direct Drop,FCA,Air,2015-02-13,2015-03-04,2015-08-13,2015-08-13,2015-08-13,ARV,Adult,ABBVIE LOGISTICS (FORMERLY ABBOTT LOGISTICS BV),"Ritonavir 100mg [Norvir], film coated tablets, 30 Tabs",Ritonavir,Norvir,100mg,Tablet,30,400,9304.0,23.26,0.78,ABBVIE Ludwigshafen Germany,False,81.0,4400.805,10.95
4673,48623,114-UG-T30,FPQ-9923,SCMS-149970,ASN-16318,Uganda,PMO - US,Direct Drop,EXW,Air,2012-05-28,2012-06-26,2012-09-21,2012-09-21,2012-09-21,ARV,Adult,MYLAN LABORATORIES LTD (FORMERLY MATRIX LABORATORIES),"Atazanavir/Ritonavir 300/100mg, tablets, 30 Tabs",Atazanavir/Ritonavir,Generic,300/100mg,Tablet,30,1558,35055.0,22.5,0.75,Mylan (formerly Matrix) Nashik,True,195.0,3387.72,49.15
4674,48624,106-HT-T30,FPQ-14083,SCMS-240190,ASN-26905,Haiti,PMO - US,Direct Drop,EXW,Ocean,2014-05-11,2014-06-02,2014-10-20,2014-10-20,2014-10-24,ARV,Adult,Aurobindo Pharma Limited,"Efavirenz/Lamivudine/Tenofovir Disoproxil Fumarate 600/300/300mg, tablets, 30 Tabs",Efavirenz/Lamivudine/Tenofovir Disoproxil Fumarate,Generic,600/300/300mg,Tablet - FDC,30,15080,165276.8,10.96,0.37,"Aurobindo Unit VII, IN",True,1212.0,7785.125,169.9
4675,48640,102-BI-T30,FPQ-15186,SCMS-260820,ASN-32560,Burundi,PMO - US,Direct Drop,EXW,Air,2014-10-17,2014-11-12,2015-07-06,2015-07-06,2015-07-08,HRDT,HIV test,"CHEMBIO DIAGNOSTIC SYSTEMS, INC.","HIV 1/2, Stat-Pak Dipstick Assay Kit, 30 Tests","HIV 1/2, Stat-Pak Dipstick Assay Kit",Stat-Pak,no_dosage,Test kit,30,594,16394.4,27.6,0.92,Chembio Diagnostics Sys. Inc.,True,63.0,877.52,19.3
4676,48655,116-ZA-T30,FPQ-12522,SCMS-199283,ASN-27978,South Africa,PMO - US,Direct Drop,DDP,Truck,2013-07-11,2014-08-27,2014-08-27,2014-08-27,2014-08-27,ARV,Pediatric,S. BUYS WHOLESALER,"Efavirenz 50mg, capsule, 30 Caps",Efavirenz,Generic,50mg,Capsule,30,20,66.33,3.32,0.11,"Aurobindo Unit III, India",False,35.5,0.0,0.08
4677,48665,102-BI-T30,FPQ-15186,SCMS-260810,ASN-31408,Burundi,PMO - US,Direct Drop,EXW,Air,2014-10-17,2014-11-12,2015-04-21,2015-04-21,2015-04-21,HRDT,HIV test,"CHEMBIO DIAGNOSTIC SYSTEMS, INC.","HIV 1/2, Stat-Pak Dipstick Assay Kit, 30 Tests","HIV 1/2, Stat-Pak Dipstick Assay Kit",Stat-Pak,no_dosage,Test kit,30,517,14269.2,27.6,0.92,Chembio Diagnostics Sys. Inc.,True,56.0,812.84,16.79
4678,48690,106-HT-T30,FPQ-11442,SCMS-177181,ASN-18922,Haiti,PMO - US,Direct Drop,EXW,Air,2013-01-30,2013-03-11,2013-04-25,2013-04-25,2013-04-25,ARV,Pediatric,Aurobindo Pharma Limited,"Lamivudine 10mg/ml, oral solution w/syringe, Bottle, 240 ml",Lamivudine,Generic,10mg/ml,Oral solution,240,2064,2951.52,1.43,0.01,"Aurobindo Unit III, India",True,751.0,5754.16,3.65
4679,48706,107-RW-T30,FPQ-6341,SCMS-84950,ASN-9368,Rwanda,PMO - US,Direct Drop,EXW,Ocean,2010-09-03,2010-09-28,2011-03-01,2011-03-01,2011-03-01,ARV,Adult,HETERO LABS LIMITED,"Efavirenz 600mg, tablets, 30 Tabs",Efavirenz,Generic,600mg,Tablet,30,38113,157406.69,4.13,0.14,Hetero Unit III Hyderabad IN,True,3077.0,6499.25,339.37
4680,48729,116-ZA-T30,FPQ-14942,SCMS-259076,ASN-32525,South Africa,PMO - US,Direct Drop,DDP,Truck,2014-09-11,2015-06-02,2015-06-02,2015-06-02,2015-06-02,ARV,Adult,PHARMACY DIRECT,"Etravirine 100mg [Intelence], tablets, 120 Tabs",Etravirine,Intelence,100mg,Tablet,120,1,25.59,25.59,0.21,"Janssen-Cilag, Latina, IT",True,63.0,0.0,0.03
4681,48741,104-CI-T30,FPQ-13297,SCMS-218500,ASN-24994,Côte d'Ivoire,PMO - US,Direct Drop,EXW,Air,2013-11-28,2013-12-13,2014-04-07,2014-04-07,2014-04-08,ARV,Pediatric,CIPLA LIMITED,"Nevirapine 50mg, dispersible tablets, 60 Tabs",Nevirapine,Generic,50mg,Chewable/dispersible tablet,60,3900,7215.0,1.85,0.03,"Cipla, Patalganga, India",True,321.0,3740.01,7.42
4682,48746,161-ZA-T30,FPQ-5303,SCMS-68980,ASN-7525,South Africa,PMO - US,Direct Drop,DDP,Air,2010-03-18,2010-03-19,2010-08-24,2010-08-24,2010-08-24,ARV,Adult,Aurobindo Pharma Limited,"Lamivudine 150mg, tablets, 60 Tabs",Lamivudine,Generic,150mg,Tablet,60,32070,81137.1,2.53,0.04,"Aurobindo Unit III, India",True,1727.0,1791.42,174.93
4683,48755,106-HT-T30,FPQ-9636,SCMS-148370,ASN-16472,Haiti,PMO - US,Direct Drop,EXW,Ocean,2012-05-14,2012-07-03,2012-12-20,2012-12-20,2012-12-20,ARV,Adult,MYLAN LABORATORIES LTD (FORMERLY MATRIX LABORATORIES),"Tenofovir Disoproxil Fumarate 300mg, tablets, 30 Tabs",Tenofovir Disoproxil Fumarate,Generic,300mg,Tablet,30,96,431.04,4.49,0.15,Mylan (formerly Matrix) Nashik,False,29.5,7785.125,0.6
4684,48757,116-ZA-T30,FPQ-11828,SCMS-183950,ASN-19166,South Africa,South Africa Field Office,Direct Drop,DDP,Truck,2013-03-18,2012-10-16,2013-04-16,2013-04-16,2013-04-16,ARV,Adult,S. BUYS WHOLESALER,"Abacavir 300mg, tablets, 60 Tabs",Abacavir,Generic,300mg,Tablet,60,114,7956.64,69.8,1.16,"Cipla, Patalganga, India",False,5.0,0.0,9.84
4685,48765,102-KE-T30,FPQ-4587,SCMS-58380,ASN-5900,Kenya,PMO - US,Direct Drop,EXW,Air,2009-11-18,2009-12-02,2010-02-16,2010-02-19,2010-02-19,HRDT,HIV test,"Orgenics, Ltd","HIV 1/2, Determine Complete HIV Kit, 100 Tests","HIV 1/2, Determine Complete HIV Kit",Determine,no_dosage,Test kit,100,1,80.0,80.0,0.8,Inverness Japan,True,822.0,8664.89,0.17
4686,48773,133-NG-T30,FPQ-13741,SCMS-239690,ASN-26759,Nigeria,PMO - US,Direct Drop,EXW,Air,2014-02-13,2014-05-19,2014-07-09,2014-07-09,2014-07-17,HRDT,HIV test,"Orgenics, Ltd","HIV 1/2, Determine Complete HIV Kit, 100 Tests","HIV 1/2, Determine Complete HIV Kit",Determine,no_dosage,Test kit,100,9935,884215.0,89.0,0.89,"Alere Medical Co., Ltd.",True,4038.0,59711.34,908.97
4687,48821,106-HT-T30,FPQ-13797,SCMS-233960,ASN-27422,Haiti,PMO - US,Direct Drop,EXW,Air,2014-03-20,2014-05-01,2014-09-12,2014-09-12,2014-09-17,ARV,Pediatric,CIPLA LIMITED,"Zidovudine 10mg/ml, oral solution, Bottle, 240 ml",Zidovudine,Generic,10mg/ml,Oral solution,240,936,1825.2,1.95,0.01,"Cipla, Goa, India",True,128.0,2946.7200000000003,1.88
4688,48825,108-VN-T30,FPQ-15692,SCMS-281670,ASN-32017,Vietnam,PMO - US,Direct Drop,EXW,Air,2015-01-28,2015-03-19,2015-07-13,2015-07-13,2015-07-14,ARV,Adult,HETERO LABS LIMITED,"Tenofovir Disoproxil Fumarate 300mg, tablets, 30 Tabs",Tenofovir Disoproxil Fumarate,Generic,300mg,Tablet,30,22700,71505.0,3.15,0.1,Hetero Unit III Hyderabad IN,True,668.5,4400.805,84.16
4689,48826,111-MZ-T30,FPQ-4740,SCMS-62341,ASN-7342,Mozambique,PMO - US,Direct Drop,CIP,Air,2009-12-23,2010-01-29,2010-06-23,2010-06-23,2010-06-23,ARV,Adult,INTERNATIONAL HEALTHCARE DISTRIBUTORS,"Ritonavir 100mg [Norvir], capsules, cool, 84 Caps",Ritonavir,Norvir,100mg,Capsule,84,320,3312.0,10.35,0.12,ABBVIE (Abbott) Logis. UK,True,122.0,0.0,7.14
4690,48839,104-CI-T30,FPQ-13603,SCMS-228070,ASN-29946,Côte d'Ivoire,PMO - US,Direct Drop,EXW,Air,2014-01-23,2014-02-26,2015-02-16,2015-02-16,2015-02-17,HRDT,HIV test,"Orgenics, Ltd","HIV 1/2, Determine Complete HIV Kit, 100 Tests","HIV 1/2, Determine Complete HIV Kit",Determine,no_dosage,Test kit,100,4750,380000.0,80.0,0.8,"Alere Medical Co., Ltd.",True,1930.0,23013.2,390.64
4691,48842,116-ZA-T30,FPQ-12522,SCMS-199288,ASN-27197,South Africa,PMO - US,Direct Drop,DDP,Truck,2013-07-11,2014-07-10,2014-07-10,2014-07-10,2014-07-10,ARV,Pediatric,S. BUYS WHOLESALER,"Lopinavir/Ritonavir 80/20mg/ml [Kaletra], oral solution, cool, Bottle 5 x 60 ml",Lopinavir/Ritonavir,Kaletra,80/20mg/ml,Oral solution,300,4,93.81,23.45,0.08,ABBVIE (Abbott) Logis. UK,True,78.0,0.0,0.12
4692,48857,161-ZA-T30,FPQ-5303,SCMS-68980,ASN-8167,South Africa,PMO - US,Direct Drop,DDP,Air,2010-03-18,2010-03-19,2010-08-24,2011-01-21,2011-01-21,ARV,Pediatric,Aurobindo Pharma Limited,"Lamivudine 10mg/ml, oral solution w/syringe, Bottle, 240 ml",Lamivudine,Generic,10mg/ml,Oral solution,240,11628,34884.0,3.0,0.01,"Aurobindo Unit III, India",True,4382.0,2154.52,75.21
4693,48870,105-GY-T30,FPQ-11550,SCMS-177920,ASN-19123,Guyana,PMO - US,Direct Drop,FCA,Air,2013-02-07,2013-03-08,2013-05-31,2013-05-31,2013-05-31,ARV,Pediatric,ABBVIE LOGISTICS (FORMERLY ABBOTT LOGISTICS BV),"Lopinavir/Ritonavir 80/20mg/ml [Kaletra], oral solution, cool, Bottle 5 x 60 ml",Lopinavir/Ritonavir,Kaletra,80/20mg/ml,Oral solution,300,20,1216.4,60.82,0.2,ABBVIE (Abbott) Logis. UK,True,52.0,1152.9,1.5
4694,48872,101-CD-T30,FPQ-13548,SCMS-224850,ASN-25795,"Congo, DRC",PMO - US,Direct Drop,DDP,Truck,2014-01-22,2014-01-30,2014-04-07,2014-04-07,2014-04-23,HRDT,HIV test,WAGENIA,"HIV 1/2, Determine Kit without Lancets, Buffer or Caplillary Tubes, 100 Tests","HIV 1/2, Determine Kit without Lancets, Buffer or Capillary Tubes, 100 Tests",Determine,no_dosage,Test kit,100,2500,287975.0,115.19,1.15,"Alere Medical Co., Ltd.",False,851.0,0.0,296.04
4695,48879,161-ZA-T30,FPQ-5303,SCMS-68720,ASN-7431,South Africa,PMO - US,Direct Drop,DDP,Air,2010-03-18,2010-03-19,2010-07-19,2010-07-19,2010-07-19,ARV,Adult,CIPLA LIMITED,"Tenofovir Disoproxil Fumarate 300mg, tablets, 30 Tabs",Tenofovir Disoproxil Fumarate,Generic,300mg,Tablet,30,11574,90508.68,7.82,0.26,"Cipla, Goa, India",True,793.0,916.22,195.14
4696,48906,116-ZA-T30,FPQ-14942,SCMS-259076,ASN-32524,South Africa,PMO - US,Direct Drop,DDP,Truck,2014-09-11,2015-06-02,2015-06-02,2015-06-02,2015-06-02,ARV,Adult,PHARMACY DIRECT,"Emtricitabine/Tenofovir Disoproxil Fumarate 200/300mg, tablets, 30 Tabs",Emtricitabine/Tenofovir Disoproxil Fumarate,Generic,200/300mg,Tablet - FDC,30,13,283.8,21.83,0.73,"Aurobindo Unit III, India",False,668.5,0.0,0.29
4697,48923,116-ZA-T30,FPQ-14942,SCMS-259072,ASN-30376,South Africa,PMO - US,Direct Drop,DDP,Truck,2014-09-11,2015-01-26,2015-01-26,2015-01-26,2015-01-26,ARV,Adult,PHARMACY DIRECT,"Raltegravir 400mg [Isentress], tablets, 60 Tabs",Raltegravir,Isentress,400mg,Tablet,60,6,366.99,61.16,1.02,"MSD, Haarlem, NL",False,9.0,0.0,0.38
4698,48945,114-UG-T30,FPQ-12477,SCMS-198720,ASN-21627,Uganda,PMO - US,Direct Drop,EXW,Ocean,2013-07-08,2013-07-31,2013-11-06,2013-11-06,2013-11-13,ARV,Adult,MYLAN LABORATORIES LTD (FORMERLY MATRIX LABORATORIES),"Lamivudine/Zidovudine 150/300mg, tablets, 60 Tabs",Lamivudine/Zidovudine,Generic,150/300mg,Tablet - FDC,60,165179,1072011.71,6.49,0.11,Mylan (formerly Matrix) Nashik,True,37127.0,33981.11,1326.08
4699,48958,101-CD-T30,FPQ-13548,SCMS-224840,ASN-24721,"Congo, DRC",PMO - US,Direct Drop,EXW,Air,2014-01-22,2014-01-28,2014-04-04,2014-04-04,2014-04-28,HRDT,HIV test,"Trinity Biotech, Plc","HIV 1/2, Uni-Gold HIV Kit, 20 Tests","HIV 1/2, Uni-Gold HIV Kit",Uni-Gold,no_dosage,Test kit,20,30,960.0,32.0,1.6,"Trinity Biotech, Plc",False,59.0,2346.5699999999997,0.99
4700,48994,108-VN-T30,FPQ-13976,SCMS-236110,ASN-28248,Vietnam,PMO - US,Direct Drop,EXW,Air,2014-04-08,2014-04-30,2014-11-03,2014-11-03,2014-11-03,ARV,Adult,MYLAN LABORATORIES LTD (FORMERLY MATRIX LABORATORIES),"Lamivudine/Nevirapine/Zidovudine 150/200/300mg, tablets, 60 Tabs",Lamivudine/Nevirapine/Zidovudine,Generic,150/300/200mg,Tablet - FDC,60,20000,162000.0,8.1,0.13,Mylan (formerly Matrix) Nashik,True,4168.0,6717.79,166.54
4701,49003,109-TZ-T30,FPQ-7680,SCMS-111640,ASN-12088,Tanzania,PMO - US,Direct Drop,FCA,Air,2011-06-06,2011-06-22,2011-10-24,2011-10-24,2011-10-24,ARV,Adult,ABBVIE LOGISTICS (FORMERLY ABBOTT LOGISTICS BV),"Lopinavir/Ritonavir 200/50mg [Aluvia], tablets, 120 Tabs",Lopinavir/Ritonavir,Aluvia,200/50mg,Tablet,120,20000,674000.0,33.7,0.28,ABBVIE Ludwigshafen Germany,True,4727.0,21584.02,1112.1
4702,49014,127-KE-T30,FPQ-7907,SCMS-115320,ASN-12098,Kenya,PMO - US,Direct Drop,EXW,Air,2011-06-23,2011-07-20,2011-09-30,2011-09-30,2011-09-30,HRDT,HIV test,"Orgenics, Ltd","HIV 1/2, Determine Complete HIV Kit, 100 Tests","HIV 1/2, Determine Complete HIV Kit",Determine,no_dosage,Test kit,100,8276,736564.0,89.0,0.89,Inverness Japan,True,2050.0,23226.6,1215.33
4703,49025,800-CM-T30,FPQ-12570,SCMS-200890,ASN-21967,Cameroon,PMO - US,Direct Drop,EXW,Air,2013-07-10,2013-08-06,2013-10-22,2013-10-22,2013-10-25,HRDT,HIV test,Orasure Technologies Inc.,"HIV 1/2, OraQuick Rapid Antibody Kit, 100 Tests","HIV 1/2, OraQuick Rapid Antibody Kit",OraQuick,no_dosage,Test kit,100,2000,700000.0,350.0,3.5,"Orasure Technologies, Inc",True,5006.0,88560.19,865.9
4704,49063,133-NG-T30,FPQ-12456,SCMS-196561,ASN-22342,Nigeria,PMO - US,Direct Drop,EXW,Air,2013-06-10,2013-07-10,2013-11-07,2013-11-05,2013-11-17,HRDT,HIV test,"Orgenics, Ltd","HIV 1/2, Determine Complete HIV Kit, 100 Tests","HIV 1/2, Determine Complete HIV Kit",Determine,no_dosage,Test kit,100,3073,273497.0,89.0,0.89,"Alere Medical Co., Ltd.",True,1248.0,20602.3,338.32
4705,49071,116-ZA-T30,FPQ-14942,SCMS-259075,ASN-32138,South Africa,PMO - US,Direct Drop,DDP,Truck,2014-09-11,2015-05-11,2015-05-12,2015-05-12,2015-05-12,ARV,Pediatric,PHARMACY DIRECT,"Atazanavir 150mg [Reyataz], capsules, 60 Caps",Atazanavir,Reyataz,150mg,Capsule,60,3,47.7,15.9,0.26,"BMS Evansville, US",False,1.0,0.0,0.05
4706,49076,108-VN-T30,FPQ-11418,SCMS-176270,ASN-19860,Vietnam,PMO - US,Direct Drop,EXW,Air,2013-01-29,2013-02-06,2013-07-05,2013-07-05,2013-07-05,ARV,Adult,HETERO LABS LIMITED,"Lamivudine/Nevirapine/Zidovudine 150/200/300mg, tablets, 60 Tabs",Lamivudine/Nevirapine/Zidovudine,Generic,150/300/200mg,Tablet - FDC,60,39045,320559.45,8.21,0.14,Hetero Unit III Hyderabad IN,True,5092.0,7312.6,396.53
4707,49085,102-SD-T30,FPQ-8264,SCMS-121840,ASN-12828,Sudan,PMO - US,Direct Drop,EXW,Air,2011-09-07,2011-09-14,2012-01-06,2012-01-06,2012-01-06,HRDT,HIV test - Ancillary,"Orgenics, Ltd","Capillary Tubes, for Determine, EDTA, 50uL,100 Pcs","HIV, Capillary Tubes, for Determine, EDTA, 50uL,100 Pcs",Determine,no_dosage,Test kit - Ancillary,100,4,32.0,8.0,0.08,"Alere Medical Co., Ltd.",True,2.0,942.64,0.05
4708,49116,109-TZ-T30,FPQ-13569,SCMS-225810,ASN-26767,Tanzania,PMO - US,Direct Drop,FCA,Air,2014-01-21,2014-02-14,2014-08-26,2014-08-26,2014-09-04,ARV,Pediatric,ABBVIE LOGISTICS (FORMERLY ABBOTT LOGISTICS BV),"Lopinavir/Ritonavir 80/20mg/ml [Kaletra], oral solution, cool, Bottle 5 x 60 ml",Lopinavir/Ritonavir,Kaletra,80/20mg/ml,Oral solution,300,268,8259.76,30.82,0.1,ABBVIE (Abbott) Logis. UK,True,261.0,2569.33,8.49
4709,49150,117-ET-T30,FPQ-9096,SCMS-133370,ASN-14783,Ethiopia,PMO - US,Direct Drop,EXW,Air,2012-01-05,2012-01-23,2012-05-09,2012-05-09,2012-05-09,HRDT,HIV test,"CHEMBIO DIAGNOSTIC SYSTEMS, INC.","HIV 1/2, Stat-Pak HIV, Kit, 20 Tests","HIV 1/2, Stat-Pak HIV, Kit",Stat-Pak,no_dosage,Test kit,20,44,1276.0,29.0,1.45,Chembio Diagnostics Sys. Inc.,True,15.0,4672.77,1.79
4710,49169,107-RW-T30,FPQ-8742,SCMS-137520,ASN-14659,Rwanda,PMO - US,Direct Drop,CIP,Air,2011-12-07,2012-04-03,2012-04-26,2012-04-26,2012-04-26,ARV,Adult,MYLAN LABORATORIES LTD (FORMERLY MATRIX LABORATORIES),"Efavirenz/Lamivudine/Tenofovir Disoproxil Fumarate 600/300/300mg, tablets, 30 Tabs",Efavirenz/Lamivudine/Tenofovir Disoproxil Fumarate,Generic,600/300/300mg,Tablet - FDC,30,4560,62335.2,13.67,0.46,Mylan (formerly Matrix) Nashik,True,561.0,5610.17,87.39
4711,49211,161-ZA-T30,FPQ-7175,SCMS-104090,ASN-12989,South Africa,PMO - US,Direct Drop,DDP,Ocean,2011-03-10,2011-03-28,2012-01-31,2012-01-31,2012-01-31,ARV,Adult,CIPLA LIMITED,"Nevirapine 200mg, tablets, 60 Tabs",Nevirapine,Generic,200mg,Tablet,60,57925,157556.0,2.72,0.05,"Cipla, Goa, India",True,6220.0,7175.28,259.97
4712,49214,107-RW-T30,FPQ-3859,SCMS-48940,ASN-6569,Rwanda,PMO - US,Direct Drop,CIP,Air,2009-06-30,2009-07-16,2010-04-09,2010-04-09,2010-04-09,ARV,Adult,HETERO LABS LIMITED,"Nevirapine 200mg, tablets, 60 Tabs",Nevirapine,Generic,200mg,Tablet,60,60300,186327.0,3.09,0.05,Hetero Unit III Hyderabad IN,True,3539.0,16769.43,365.2
4713,49225,108-VN-T30,FPQ-4720,SCMS-62500,ASN-6686,Vietnam,PMO - US,Direct Drop,EXW,Air,2009-01-04,2010-01-14,2010-05-20,2010-05-20,2010-05-20,ARV,Adult,Aurobindo Pharma Limited,"Stavudine 30mg, capsules, 60 Caps",Stavudine,Generic,30mg,Capsule,60,15624,22654.8,1.45,0.02,"Aurobindo Unit III, India",True,1056.0,2160.52,48.84
4714,49254,116-ZA-T30,FPQ-11828,SCMS-183950,ASN-19166,South Africa,South Africa Field Office,Direct Drop,DDP,Truck,2013-03-18,2012-10-16,2013-04-16,2013-04-16,2013-04-16,ARV,Adult,S. BUYS WHOLESALER,"Nevirapine 200mg, tablets, 60 Tabs",Nevirapine,Generic,200mg,Tablet,60,265,4896.7,18.48,0.31,"Cipla, Goa, India",False,668.5,0.0,6.06
4715,49301,102-BW-T30,FPQ-4904,SCMS-64791,ASN-6296,Botswana,PMO - US,Direct Drop,EXW,Air,2010-01-13,2010-02-05,2010-04-14,2010-04-14,2010-04-14,HRDT,HIV test,"Orgenics, Ltd","HIV 1/2, Determine Complete HIV Kit, 100 Tests","HIV 1/2, Determine Complete HIV Kit",Determine,no_dosage,Test kit,100,5,360.0,72.0,0.72,Inverness Japan,True,3.0,787.28,0.78
4716,49320,114-UG-T30,FPQ-9365,SCMS-142250,ASN-14696,Uganda,PMO - US,Direct Drop,FCA,Air,2012-03-15,2012-04-04,2012-05-04,2012-05-04,2012-05-04,ARV,Adult,ABBVIE LOGISTICS (FORMERLY ABBOTT LOGISTICS BV),"Ritonavir 100mg [Norvir], film coated tablets, 60 Tabs",Ritonavir,Norvir,100mg,Tablet,60,429,2938.65,6.85,0.11,ABBVIE Ludwigshafen Germany,True,62.0,1060.22,4.12
4717,49359,116-ZA-T30,FPQ-15271,SCMS-266770,ASN-30174,South Africa,PMO - US,Direct Drop,DDP,Truck,2014-10-29,2014-12-17,2015-01-09,2015-01-09,2015-01-09,ARV,Adult,PHARMACY DIRECT,"Efavirenz/Emtricitabine/Tenofovir Disoproxil Fumarate 600/200/300mg, tablets, 30 Tabs",Efavirenz/Emtricitabine/Tenofovir Disoproxil Fumarate,Generic,600/200/300mg,Tablet - FDC,30,5000,185776.9,37.16,1.24,Mylan (formerly Matrix) Nashik,True,452.0,0.0,218.66
4718,49363,105-SS-T30,FPQ-11754,SCMS-181400,ASN-19428,South Sudan,PMO - US,Direct Drop,EXW,Air,2013-02-22,2013-04-01,2013-08-16,2013-08-16,2013-08-16,HRDT,HIV test - Ancillary,"Orgenics, Ltd","Chase Buffer, Determine, 100 Tests, 2.5ml x 1 Vial","Chase Buffer, Determine, 100 Tests, 2.5ml x 1 Vial",Determine,no_dosage,Test kit - Ancillary,1,45,225.0,5.0,5.0,"Alere Medical Co., Ltd.",False,29.0,2575.925,0.28
4719,49366,161-ZA-T30,FPQ-6262,SCMS-83790,ASN-9479,South Africa,PMO - US,Direct Drop,DDP,Ocean,2010-08-31,2010-09-24,2011-01-31,2011-03-04,2011-03-04,ARV,Adult,Aurobindo Pharma Limited,"Lamivudine 150mg, tablets, 60 Tabs",Lamivudine,Generic,150mg,Tablet,60,76554,181432.98,2.37,0.04,"Aurobindo Unit III, India",True,668.5,0.0,391.17
4720,49378,110-ZM-T30,FPQ-4141,SCMS-53260,ASN-5857,Zambia,PMO - US,Direct Drop,EXW,Air,2009-08-31,2009-09-11,2010-02-03,2010-02-03,2010-02-03,HRDT,HIV test,"Trinity Biotech, Plc","HIV 1/2, Uni-Gold HIV Kit, 20 Tests","HIV 1/2, Uni-Gold HIV Kit",Uni-Gold,no_dosage,Test kit,20,5500,176000.0,32.0,1.6,"Trinity Biotech, Plc",True,1907.0,17975.84,344.96
4721,49380,116-ZA-T30,FPQ-3596,SCMS-50370,ASN-5460,South Africa,PMO - US,Direct Drop,DDP,Truck,2009-05-07,2009-09-22,2009-10-29,2009-10-29,2009-10-29,ARV,Adult,S. BUYS WHOLESALER,"Lamivudine 150mg, tablets, 60 Tabs",Lamivudine,Generic,150mg,Tablet,60,2000,19410.49,9.71,0.16,"Aurobindo Unit III, India",True,274.0,0.0,38.04
4722,49386,161-ZA-T30,FPQ-7175,SCMS-104020,ASN-10875,South Africa,PMO - US,Direct Drop,DDP,Ocean,2011-03-10,2011-03-28,2011-07-14,2011-07-14,2011-07-14,ARV,Adult,CIPLA LIMITED,"Tenofovir Disoproxil Fumarate 300mg, tablets, 30 Tabs",Tenofovir Disoproxil Fumarate,Generic,300mg,Tablet,30,54008,349431.76,6.47,0.22,"Cipla, Goa, India",True,3658.0,12796.59,576.56
4723,49387,105-SS-T30,FPQ-9807,SCMS-147620,ASN-15720,South Sudan,PMO - US,Direct Drop,EXW,Air,2012-05-18,2012-06-20,2012-09-05,2012-09-05,2012-09-05,HRDT,HIV test,"Trinity Biotech, Plc","HIV 1/2, Uni-Gold HIV Kit, 20 Tests","HIV 1/2, Uni-Gold HIV Kit",Uni-Gold,no_dosage,Test kit,20,749,23968.0,32.0,1.6,"Trinity Biotech, Plc",True,262.0,4669.02,33.6
4724,49405,102-KE-T30,FPQ-6114,SCMS-80820,ASN-8587,Kenya,PMO - US,Direct Drop,EXW,Air,2010-07-23,2010-08-27,2010-11-12,2010-11-12,2010-11-12,HRDT,HIV test,"Orgenics, Ltd","HIV 1/2, Determine Complete HIV Kit, 100 Tests","HIV 1/2, Determine Complete HIV Kit",Determine,no_dosage,Test kit,100,2578,229442.0,89.0,0.89,Inverness Japan,True,1427.0,15353.45,494.68
4725,49406,109-TZ-T30,FPQ-13945,SCMS-235430,ASN-28430,Tanzania,PMO - US,Direct Drop,EXW,Air,2014-03-27,2014-04-29,2014-12-10,2014-12-10,2014-12-10,HRDT,HIV test,"Orgenics, Ltd","HIV 1/2, Determine Complete HIV Kit, 100 Tests","HIV 1/2, Determine Complete HIV Kit",Determine,no_dosage,Test kit,100,504,40320.0,80.0,0.8,"Alere Medical Co., Ltd.",True,204.0,2788.07,41.45
4726,49429,114-UG-T30,FPQ-12154,SCMS-188330,ASN-20240,Uganda,PMO - US,Direct Drop,EXW,Air,2013-04-23,2013-05-09,2013-07-11,2013-07-11,2013-07-11,HRDT,HIV test,"Orgenics, Ltd","HIV 1/2, Determine Complete HIV Kit, 100 Tests","HIV 1/2, Determine Complete HIV Kit",Determine,no_dosage,Test kit,100,3047,243760.0,80.0,0.8,"Alere Medical Co., Ltd.",True,1323.0,16337.04,301.53
4727,49435,105-GH-T30,FPQ-13872,SCMS-235790,ASN-26603,Ghana,PMO - US,Direct Drop,EXW,Air,2014-03-24,2014-05-07,2014-06-23,2014-06-23,2014-06-24,ARV,Pediatric,Aurobindo Pharma Limited,"Efavirenz 50mg, capsule, 30 Caps",Efavirenz,Generic,50mg,Capsule,30,33000,51480.0,1.56,0.05,"Aurobindo Unit III, India",True,2343.0,20464.55,52.92
4728,49436,116-ZA-T30,FPQ-11828,SCMS-183950,ASN-19166,South Africa,South Africa Field Office,Direct Drop,DDP,Truck,2013-03-18,2012-10-16,2013-04-16,2013-04-16,2013-04-16,ARV,Pediatric,S. BUYS WHOLESALER,"Abacavir 20mg/ml [Ziagen], oral solution, Bottle, 240 ml",Abacavir,Ziagen,20mg/ml,Oral solution,240,42,870.41,20.72,0.09,GSK Mississauga (Canada),False,123.0,0.0,1.08
4729,49494,108-VN-T30,FPQ-13976,SCMS-236120,ASN-27809,Vietnam,PMO - US,Direct Drop,EXW,Air,2014-04-08,2014-04-30,2014-09-16,2014-09-16,2014-10-01,ARV,Adult,HETERO LABS LIMITED,"Efavirenz/Lamivudine/Tenofovir Disoproxil Fumarate 600/300/300mg, tablets, 30 Tabs",Efavirenz/Lamivudine/Tenofovir Disoproxil Fumarate,Generic,600/300/300mg,Tablet - FDC,30,3096,32508.0,10.5,0.35,Hetero Unit III Hyderabad IN,False,668.5,4400.805,33.42
4730,49498,114-UG-T30,FPQ-10489,SCMS-159290,ASN-16575,Uganda,PMO - US,Direct Drop,CIP,Air,2012-08-24,2012-09-07,2012-10-05,2012-10-05,2012-10-05,ARV,Adult,MERCK SHARP & DOHME IDEA GMBH (FORMALLY MERCK SHARP & DOHME B.V.),"Raltegravir 400mg [Isentress], tablets, 60 Tabs",Raltegravir,Isentress,400mg,Tablet,60,390,21645.0,55.5,0.92,"MSD, Haarlem, NL",True,39.0,433.0,30.35
4731,49529,116-ZA-T30,FPQ-3560,SCMS-49630,ASN-5133,South Africa,PMO - US,Direct Drop,DDP,Truck,2009-05-07,2009-07-21,2009-09-10,2009-09-10,2009-09-10,ARV,Adult,S. BUYS WHOLESALER,"Efavirenz 600mg, tablets, 30 Tabs",Efavirenz,Generic,600mg,Tablet,30,29672,524304.06,17.67,0.59,"Cipla, Goa, India",True,668.5,0.0,1027.64
4732,49535,116-ZA-T30,FPQ-14942,SCMS-295800,ASN-33864,South Africa,PMO - US,Direct Drop,DDP,Truck,2014-09-11,2015-08-24,2015-08-24,2015-08-24,2015-08-24,ARV,Adult,PHARMACY DIRECT,"Raltegravir 400mg [Isentress], tablets, 60 Tabs",Raltegravir,Isentress,400mg,Tablet,60,12,789.03,65.75,1.1,"MSD, Haarlem, NL",False,48.0,0.0,0.81
4733,49540,103-SS-T30,FPQ-11497,SCMS-176740,ASN-18612,South Sudan,PMO - US,Direct Drop,EXW,Air,2013-01-18,2013-02-08,2013-05-23,2013-05-23,2013-05-23,ARV,Pediatric,Aurobindo Pharma Limited,"Nevirapine 50mg, dispersible tablets (tablets for oral suspension), 30 Tabs",Nevirapine,Generic,50mg,Chewable/dispersible tablet,30,625,781.25,1.25,0.04,"Aurobindo Unit III, India",True,34.0,1191.93,0.97
4734,49585,111-MZ-T30,FPQ-13395,SCMS-219210,ASN-24127,Mozambique,PMO - US,Direct Drop,EXW,Air,2013-12-11,2013-12-17,2014-02-14,2014-02-14,2014-03-28,ARV,Adult,HETERO LABS LIMITED,"Lamivudine/Nevirapine/Zidovudine 150/200/300mg, tablets, 60 Tabs",Lamivudine/Nevirapine/Zidovudine,Generic,150/300/200mg,Tablet - FDC,60,250000,2027500.0,8.11,0.14,Hetero Unit III Hyderabad IN,True,34074.0,146734.85,2084.27
4735,49587,116-ZA-T30,FPQ-12522,SCMS-199283,ASN-27976,South Africa,PMO - US,Direct Drop,DDP,Truck,2013-07-11,2014-08-27,2014-08-27,2014-08-27,2014-08-27,ARV,Adult,S. BUYS WHOLESALER,"Abacavir 300mg, tablets, 60 Tabs",Abacavir,Generic,300mg,Tablet,60,50,3857.34,77.15,1.29,"Aurobindo Unit III, India",False,35.0,0.0,4.77
4736,49607,116-ZA-T30,FPQ-4770,SCMS-60170,ASN-5933,South Africa,PMO - US,Direct Drop,DDP,Truck,2009-12-17,2009-12-23,2009-12-29,2009-12-29,2009-12-29,ARV,Pediatric,S. BUYS WHOLESALER,"Didanosine 25mg [Videx], chewable tablets, 60 Tabs",Didanosine,Videx,25mg,Chewable/dispersible tablet,60,8,121.46,15.18,0.25,"BMS Meymac, France",False,48.0,0.0,0.26
4737,49653,114-UG-T30,FPQ-12290,SCMS-192170,ASN-22706,Uganda,PMO - US,Direct Drop,CIP,Air,2013-05-17,2013-07-03,2013-11-20,2013-11-20,2013-11-21,ARV,Adult,ASPEN PHARMACARE,"Darunavir 300mg [Prezista], tablets, 120 Tabs",Darunavir,Prezista,300mg,Tablet,120,287,19114.2,66.6,0.55,"Aspen-OSD, Port Elizabeth, SA",False,668.5,2485.92,23.64
4738,49656,116-ZA-T30,FPQ-13214,SCMS-215410,ASN-23875,South Africa,PMO - US,Direct Drop,DDP,Truck,2013-11-14,2013-12-02,2014-01-13,2014-01-13,2014-01-13,ARV,Adult,S. BUYS WHOLESALER,"Zidovudine 300mg, tablets, 60 Tabs",Zidovudine,Generic,300mg,Tablet,60,32,790.81,24.71,0.41,"Aurobindo Unit III, India",False,668.5,0.0,0.81
4739,49660,105-SS-T30,FPQ-15569,SCMS-272150,ASN-31765,South Sudan,PMO - US,Direct Drop,EXW,Air,2014-12-29,2015-02-20,2015-07-25,2015-07-25,2015-07-29,HRDT,HIV test,"Trinity Biotech, Plc","HIV 1/2, Uni-Gold HIV Kit, 20 Tests","HIV 1/2, Uni-Gold HIV Kit",Uni-Gold,no_dosage,Test kit,20,10,320.0,32.0,1.6,"Trinity Biotech, Plc",False,6.0,2575.925,0.38
4740,49694,161-ZA-T30,FPQ-6262,SCMS-83770,ASN-9935,South Africa,PMO - US,Direct Drop,DDP,Ocean,2010-08-31,2010-09-24,2011-04-07,2011-04-07,2011-04-07,ARV,Adult,Aurobindo Pharma Limited,"Zidovudine 300mg, tablets, 60 Tabs",Zidovudine,Generic,300mg,Tablet,60,70030,513319.9,7.33,0.12,"Aurobindo Unit III, India",True,3534.0,17919.41,1106.72
4741,49749,105-SS-T30,FPQ-11539,SCMS-176930,ASN-19142,South Sudan,PMO - US,Direct Drop,EXW,Air,2013-01-24,2013-02-26,2013-07-20,2013-07-20,2013-07-20,HRDT,HIV test - Ancillary,"Orgenics, Ltd","Chase Buffer, Determine, 100 Tests, 2.5ml x 1 Vial","Chase Buffer, Determine, 100 Tests, 2.5ml x 1 Vial",Determine,no_dosage,Test kit - Ancillary,1,115,575.0,5.0,5.0,"Alere Medical Co., Ltd.",False,132.0,2575.925,0.71
4742,49760,116-ZA-T30,FPQ-13973,SCMS-238555,ASN-29257,South Africa,PMO - US,Direct Drop,DDP,Truck,2014-04-30,2014-11-04,2014-11-05,2014-11-05,2014-11-05,ARV,Adult,PHARMACY DIRECT,"Didanosine 250mg, delayed-release capsules, 30 Caps",Didanosine,Generic,250mg,Delayed-release capsules,30,6,91.48,15.25,0.51,"Aurobindo Unit III, India",False,9.0,0.0,0.09
4743,49765,101-CD-T30,FPQ-16001,SCMS-280210,ASN-31750,"Congo, DRC",PMO - US,Direct Drop,EXW,Air,2015-03-10,2015-03-16,2015-07-02,2015-07-02,2015-07-30,HRDT,HIV test,"Trinity Biotech, Plc","HIV 1/2, Uni-Gold HIV Kit, 20 Tests","HIV 1/2, Uni-Gold HIV Kit",Uni-Gold,no_dosage,Test kit,20,9,288.0,32.0,1.6,"Trinity Biotech, Plc",False,13.0,2346.5699999999997,0.34
4744,49796,116-ZA-T30,FPQ-15269,SCMS-267020,ASN-29764,South Africa,PMO - US,Direct Drop,DDP,Truck,2014-10-29,2014-12-10,2014-12-10,2014-12-10,2014-12-10,ARV,Pediatric,S. BUYS WHOLESALER,"Abacavir 20mg/ml, oral solution, Bottle, 240 ml",Abacavir,Generic,20mg/ml,Oral solution,240,191,4145.72,21.71,0.09,"Aurobindo Unit III, India",False,668.5,0.0,4.88
4745,49829,102-BI-T30,FPQ-12580,SCMS-199590,ASN-21813,Burundi,PMO - US,Direct Drop,EXW,Air,2013-07-09,2013-07-31,2013-11-18,2013-11-18,2013-11-18,HRDT,HIV test,"Orgenics, Ltd","HIV 1/2, Determine Complete HIV Kit, 100 Tests","HIV 1/2, Determine Complete HIV Kit",Determine,no_dosage,Test kit,100,2796,223680.0,80.0,0.8,"Alere Medical Co., Ltd.",True,1133.0,20572.96,276.69
4746,49832,105-SS-T30,FPQ-11539,SCMS-176931,ASN-20331,South Sudan,PMO - US,Direct Drop,EXW,Air,2013-01-24,2013-02-26,2013-09-20,2013-09-20,2013-09-20,HRDT,HIV test,"Orgenics, Ltd","HIV 1/2, Determine Complete HIV Kit, 100 Tests","HIV 1/2, Determine Complete HIV Kit",Determine,no_dosage,Test kit,100,250,22250.0,89.0,0.89,"Alere Medical Co., Ltd.",False,78.0,2575.925,27.52
4747,49837,107-RW-T30,FPQ-8365,SCMS-126450,ASN-13722,Rwanda,PMO - US,Direct Drop,FCA,Air,2011-10-26,2011-11-11,2012-02-27,2012-02-27,2012-02-27,ARV,Adult,ABBVIE LOGISTICS (FORMERLY ABBOTT LOGISTICS BV),"Ritonavir 100mg [Norvir], film coated tablets, 60 Tabs",Ritonavir,Norvir,100mg,Tablet,60,110,753.5,6.85,0.11,ABBVIE Ludwigshafen Germany,True,43.0,1046.02,1.24
4748,49859,104-CI-T30,FPQ-3967,SCMS-52620,ASN-5580,Côte d'Ivoire,PMO - US,Direct Drop,CIP,Air,2009-08-21,2009-09-25,2009-12-18,2009-12-18,2009-12-18,ARV,Adult,MERCK SHARP & DOHME IDEA GMBH (FORMALLY MERCK SHARP & DOHME B.V.),"Efavirenz/Emtricitabine/Tenofovir Disoproxil Fumarate 600/200/300mg [Atripla], tablets, 30 Tabs",Efavirenz/Emtricitabine/Tenofovir Disoproxil Fumarate,Atripla,600/200/300mg,Tablet - FDC,30,6960,350784.0,50.4,1.68,"MSD, Haarlem, NL",True,668.5,0.0,687.54
4749,49875,106-HT-T30,FPQ-10944,SCMS-168390,ASN-17743,Haiti,PMO - US,Direct Drop,DAP,Air,2012-11-16,2012-12-05,2012-12-20,2012-12-20,2012-12-20,HRDT,HIV test,REINBOLD EXPORT IMPORT,"HIV 1/2, Determine Complete HIV Kit, 100 Tests","HIV 1/2, Determine Complete HIV Kit",Determine,no_dosage,Test kit,100,4000,466000.0,116.5,1.16,"Alere Medical Co., Ltd.",True,1624.0,0.0,576.44
4750,49881,161-ZA-T30,FPQ-6708,SCMS-93560,ASN-11676,South Africa,PMO - US,Direct Drop,DDP,Ocean,2010-11-26,2010-12-14,2011-09-15,2011-09-22,2011-09-22,ARV,Adult,Aurobindo Pharma Limited,"Tenofovir Disoproxil Fumarate 300mg, tablets, 30 Tabs",Tenofovir Disoproxil Fumarate,Generic,300mg,Tablet,30,124312,826674.8,6.65,0.22,"Aurobindo Unit III, India",True,11603.0,10748.8,1364.01
4751,49907,103-MW-T30,FPQ-10790,SCMS-163900,ASN-19496,Malawi,PMO - US,Direct Drop,EXW,Ocean,2012-10-17,2012-10-31,2013-07-24,2013-07-24,2013-07-24,ARV,Adult,MYLAN LABORATORIES LTD (FORMERLY MATRIX LABORATORIES),"Efavirenz/Lamivudine/Tenofovir Disoproxil Fumarate 600/300/300mg, tablets, 30 Tabs",Efavirenz/Lamivudine/Tenofovir Disoproxil Fumarate,Generic,600/300/300mg,Tablet - FDC,30,60000,689400.0,11.49,0.38,Mylan (formerly Matrix) Nashik,True,6778.0,15020.21,852.79
4752,49919,108-VN-T30,FPQ-14516,SCMS-251670,ASN-29770,Vietnam,PMO - US,Direct Drop,EXW,Air,2014-07-09,2014-08-08,2015-01-15,2015-01-15,2015-01-15,ARV,Adult,MYLAN LABORATORIES LTD (FORMERLY MATRIX LABORATORIES),"Lamivudine/Nevirapine/Zidovudine 150/200/300mg, tablets, 60 Tabs",Lamivudine/Nevirapine/Zidovudine,Generic,150/300/200mg,Tablet - FDC,60,7000,56700.0,8.1,0.13,Mylan (formerly Matrix) Nashik,True,974.0,1069.31,58.29
4753,49926,104-CI-T30,FPQ-10764,SCMS-162873,ASN-21204,Côte d'Ivoire,PMO - US,Direct Drop,EXW,Air,2012-10-10,2013-05-01,2013-06-24,2013-06-24,2013-06-24,HRDT,HIV test,BIO-RAD LABORATORIES (FRANCE),"HIV 1/2, Genie III Kit, 50 Tests","HIV 1/2, Genie III Kit",Genie,no_dosage,Test kit,50,900,81900.0,91.0,1.82,Bio-Rad Laboratories,True,308.0,4063.81,114.82
4754,49957,116-ZA-T30,FPQ-3560,SCMS-49680,ASN-5053,South Africa,PMO - US,Direct Drop,DDP,Truck,2009-05-07,2009-07-21,2009-08-05,2009-08-05,2009-08-05,ARV,Pediatric,S. BUYS WHOLESALER,"Efavirenz 50mg, capsule, 30 Caps",Efavirenz,Generic,50mg,Capsule,30,4910,18698.88,3.81,0.13,"Aurobindo Unit III, India",True,668.5,0.0,36.65
4755,50031,116-ZA-T30,FPQ-12522,SCMS-199280,ASN-24433,South Africa,PMO - US,Direct Drop,DDP,Truck,2013-07-11,2013-08-13,2014-02-07,2014-02-07,2014-02-07,ARV,Pediatric,S. BUYS WHOLESALER,"Efavirenz 200mg, capsule, 90 Caps",Efavirenz,Generic,200mg,Capsule,90,46,1196.97,26.02,0.29,"Aurobindo Unit III, India",False,3.0,0.0,1.48
4756,50078,116-ZA-T30,FPQ-4770,SCMS-60170,ASN-5933,South Africa,PMO - US,Direct Drop,DDP,Truck,2009-12-17,2009-12-23,2009-12-29,2009-12-29,2009-12-29,ARV,Adult,S. BUYS WHOLESALER,"Didanosine EC 400mg [Videx EC], delayed-release capsules, Blister 3 x 10 Caps",Didanosine EC,Videx EC,400mg,Delayed-release capsules - blister,30,30,846.07,28.2,0.94,"BMS Meymac, France",False,55.0,0.0,1.82
4757,50109,116-ZA-T30,FPQ-12522,SCMS-199283,ASN-27978,South Africa,PMO - US,Direct Drop,DDP,Truck,2013-07-11,2014-08-27,2014-08-27,2014-08-27,2014-08-27,ARV,Adult,S. BUYS WHOLESALER,"Didanosine 250mg, delayed-release capsules, 30 Caps",Didanosine,Generic,250mg,Delayed-release capsules,30,8,136.19,17.02,0.57,"Aurobindo Unit III, India",False,48.0,0.0,0.17
4758,50220,101-CD-T30,FPQ-14654,SCMS-253260,ASN-28279,"Congo, DRC",PMO - US,Direct Drop,EXW,Air,2014-08-11,2014-08-27,2014-11-04,2014-11-04,2014-11-20,HRDT,HIV test,"Trinity Biotech, Plc","HIV 1/2, Uni-Gold HIV Kit, 20 Tests","HIV 1/2, Uni-Gold HIV Kit",Uni-Gold,no_dosage,Test kit,20,70,2240.0,32.0,1.6,"Trinity Biotech, Plc",False,33.0,2346.5699999999997,2.3
4759,50231,108-VN-T30,FPQ-5317,SCMS-69720,ASN-7237,Vietnam,PMO - US,Direct Drop,EXW,Air,2010-03-22,2010-03-29,2010-07-02,2010-07-02,2010-07-02,ARV,Adult,MYLAN LABORATORIES LTD (FORMERLY MATRIX LABORATORIES),"Abacavir 300mg, tablets, 60 Tabs",Abacavir,Generic,300mg,Tablet,60,151,2399.39,15.89,0.26,Mylan (formerly Matrix) Nashik,True,749.0,7488.39,5.17
4760,50235,113-ZW-T30,FPQ-15380,SCMS-266490,ASN-31132,Zimbabwe,PMO - US,Direct Drop,EXW,Air,2014-11-17,2015-01-26,2015-05-14,2015-05-14,2015-05-14,HRDT,HIV test - Ancillary,"Orgenics, Ltd","Chase Buffer, Determine, 100 Tests, 2.5ml x 1 Vial","Chase Buffer, Determine, 100 Tests, 2.5ml x 1 Vial",Determine,no_dosage,Test kit - Ancillary,1,6500,32500.0,5.0,5.0,"Alere Medical Co., Ltd.",False,2634.0,12894.85,38.25
4761,50255,108-VN-T30,FPQ-4265,SCMS-57130,ASN-6266,Vietnam,PMO - US,Direct Drop,EXW,Air,2009-10-20,2009-11-13,2010-03-19,2010-03-19,2010-03-19,ARV,Adult,Aurobindo Pharma Limited,"Stavudine 30mg, capsules, 60 Caps",Stavudine,Generic,30mg,Capsule,60,10416,15103.2,1.45,0.02,"Aurobindo Unit III, India",False,668.5,4400.805,29.6
4762,50261,113-ZW-T30,FPQ-13939,SCMS-240580,ASN-27033,Zimbabwe,PMO - US,Direct Drop,EXW,Air Charter,2014-04-01,2014-05-26,2014-07-23,2014-07-22,2014-07-29,ARV,Adult,Aurobindo Pharma Limited,"Lamivudine/Tenofovir Disoproxil Fumarate 300/300mg, tablets, 30 Tabs",Lamivudine/Tenofovir Disoproxil Fumarate,Generic,300/300mg,Tablet - FDC,30,18000,83700.0,4.65,0.16,"Aurobindo Unit VII, IN",True,1764.0,13959.22,86.04
4763,50287,110-ZM-T30,FPQ-13479,SCMS-223510,ASN-24256,Zambia,PMO - US,Direct Drop,EXW,Air,2013-12-23,2014-01-16,2014-02-14,2014-02-14,2014-02-25,ARV,Adult,MYLAN LABORATORIES LTD (FORMERLY MATRIX LABORATORIES),"Zidovudine 300mg, tablets, 60 Tabs",Zidovudine,Generic,300mg,Tablet,60,6160,40040.0,6.5,0.11,Mylan (formerly Matrix) Nashik,True,356.0,2543.67,41.16
4764,50294,113-ZW-T30,FPQ-13939,SCMS-234770,ASN-26184,Zimbabwe,PMO - US,Direct Drop,EXW,Air Charter,2014-04-01,2014-04-11,2014-06-14,2014-06-14,2014-06-16,ARV,Adult,HETERO LABS LIMITED,"Nevirapine 200mg, tablets, 60 Tabs",Nevirapine,Generic,200mg,Tablet,60,78000,170040.0,2.18,0.04,Hetero Unit III Hyderabad IN,True,5163.0,41158.49,174.8
4765,50301,116-ZA-T30,FPQ-13973,SCMS-238555,ASN-29257,South Africa,PMO - US,Direct Drop,DDP,Truck,2014-04-30,2014-11-04,2014-11-05,2014-11-05,2014-11-05,ARV,Adult,PHARMACY DIRECT,"Emtricitabine/Tenofovir Disoproxil Fumarate 200/300mg, tablets, 30 Tabs",Emtricitabine/Tenofovir Disoproxil Fumarate,Generic,200/300mg,Tablet - FDC,30,11,332.32,30.21,1.01,"Aurobindo Unit III, India",False,17.0,0.0,0.34
4766,50309,114-UG-T30,FPQ-11153,SCMS-177120,ASN-18910,Uganda,PMO - US,Direct Drop,EXW,Air,2012-12-13,2013-02-07,2013-04-10,2013-04-10,2013-04-10,ARV,Pediatric,MICRO LABS LIMITED,"Efavirenz 50mg, capsule, 30 Caps",Efavirenz,Generic,50mg,Capsule,30,168,336.0,2.0,0.07,"Micro labs, Verna, Goa, India",True,8.0,1021.34,0.42
4767,50314,161-ZA-T30,FPQ-6708,SCMS-93630,ASN-9855,South Africa,PMO - US,Direct Drop,DDP,Ocean,2010-11-26,2010-12-06,2011-04-04,2011-04-04,2011-04-04,ARV,Adult,CIPLA LIMITED,"Tenofovir Disoproxil Fumarate 300mg, tablets, 30 Tabs",Tenofovir Disoproxil Fumarate,Generic,300mg,Tablet,30,82500,565950.0,6.86,0.23,"Cipla, Goa, India",True,5624.0,7378.63,933.82
4768,50316,133-NG-T30,FPQ-4069,SCMS-51080,ASN-5104,Nigeria,PMO - US,Direct Drop,EXW,Air,2009-08-03,2009-08-07,2009-11-16,2009-11-16,2009-11-16,HRDT,HIV test,"Orgenics, Ltd","HIV 1/2, Determine Complete HIV Kit, 100 Tests","HIV 1/2, Determine Complete HIV Kit",Determine,no_dosage,Test kit,100,4817,385360.0,80.0,0.8,Inverness Japan,True,2305.0,43338.93,755.31
4769,50345,900-SZ-T30,FPQ-8386,SCMS-124160,ASN-13367,Swaziland,PMO - US,Direct Drop,EXW,Air,2011-09-14,2011-10-05,2012-02-06,2012-02-06,2012-02-06,ARV,Adult,Aurobindo Pharma Limited,"Lamivudine/Zidovudine+Efavirenz 150/300mg+600mg, tablets, co-blister 60+30 Tabs",Lamivudine/Zidovudine+Efavirenz,Generic,150/300mg+600mg,Tablet - FDC + co-blister,90,20000,272000.0,13.6,0.15,"Aurobindo Unit III, India",True,3295.0,17214.74,448.8
4770,50380,116-ZA-T30,FPQ-13035,SCMS-215370,ASN-24415,South Africa,PMO - US,Direct Drop,DDP,Truck,2013-10-08,2013-12-02,2014-02-06,2014-02-06,2014-02-06,ARV,Adult,S. BUYS WHOLESALER,"Didanosine 400mg, delayed-release capsules, 30 Caps",Didanosine,Generic,400mg,Delayed-release capsules,30,58,1068.21,18.42,0.61,"Aurobindo Unit III, India",False,19.0,0.0,1.32
4771,50383,109-TZ-T30,FPQ-7992,SCMS-117230,ASN-13952,Tanzania,PMO - US,Direct Drop,FCA,Air,2011-07-08,2011-08-04,2012-03-29,2012-03-29,2012-03-29,ARV,Pediatric,LAWRENCE LABORATORIES (SUBSIDIARY OF BRISTOL MYERS SQUIBB),"Didanosine 25mg [Videx], chewable tablets, 60 Tabs",Didanosine,Videx,25mg,Chewable/dispersible tablet,60,3000,21000.0,7.0,0.12,Bristol-Myers Squibb Anagni IT,False,342.0,8925.0,34.65
4772,50438,116-ZA-T30,FPQ-14942,SCMS-259073,ASN-30671,South Africa,PMO - US,Direct Drop,DDP,Truck,2014-09-11,2015-02-12,2015-02-12,2015-02-12,2015-02-12,ARV,Adult,PHARMACY DIRECT,"Didanosine 400mg, delayed-release capsules, 30 Caps",Didanosine,Generic,400mg,Delayed-release capsules,30,6,85.3,14.22,0.47,"Aurobindo Unit III, India",False,9.0,0.0,0.09
4773,50483,107-RW-T30,FPQ-3859,SCMS-48830,ASN-5409,Rwanda,PMO - US,Direct Drop,CIP,Air,2009-06-30,2009-07-16,2009-11-19,2009-11-19,2009-11-19,ARV,Adult,Aurobindo Pharma Limited,"Tenofovir Disoproxil Fumarate 300mg, tablets, 30 Tabs",Tenofovir Disoproxil Fumarate,Generic,300mg,Tablet,30,250,2.5,0.01,0.0,"Aurobindo Unit III, India",True,24.0,280.23,0.0
4774,50498,116-ZA-T30,FPQ-15269,SCMS-267020,ASN-29764,South Africa,PMO - US,Direct Drop,DDP,Truck,2014-10-29,2014-12-10,2014-12-10,2014-12-10,2014-12-10,ARV,Pediatric,S. BUYS WHOLESALER,"Lamivudine 10mg/ml, oral solution, Bottle, 240 ml",Lamivudine,Generic,10mg/ml,Oral solution,240,36,228.01,6.33,0.03,"Aurobindo Unit III, India",False,22.0,0.0,0.27
4775,50514,106-HT-T30,FPQ-13494,SCMS-225412,ASN-26564,Haiti,PMO - US,Direct Drop,EXW,Air,2014-01-21,2014-02-19,2014-08-07,2014-08-07,2014-08-12,HRDT,HIV test,"Orgenics, Ltd","HIV 1/2, Determine Complete HIV Kit, 100 Tests","HIV 1/2, Determine Complete HIV Kit",Determine,no_dosage,Test kit,100,4500,450000.0,100.0,1.0,"Alere Medical Co., Ltd.",True,1825.0,17758.82,462.6
4776,50524,116-ZA-T30,FPQ-4359,SCMS-55000,ASN-5349,South Africa,PMO - US,Direct Drop,DDP,Truck,2009-10-08,2009-10-15,2009-10-19,2009-10-19,2009-10-19,ARV,Pediatric,S. BUYS WHOLESALER,"Lopinavir/Ritonavir 80/20mg/ml [Kaletra], oral solution, cool, Bottle 5 x 60 ml",Lopinavir/Ritonavir,Kaletra,80/20mg/ml,Oral solution,300,100,4835.18,48.35,0.16,ABBVIE (Abbott) Logis. UK,True,36.0,0.0,9.48
4777,50581,110-ZM-T30,FPQ-7439,SCMS-106740,ASN-11400,Zambia,PMO - US,Direct Drop,EXW,Air,2011-04-01,2011-04-21,2011-07-22,2011-07-25,2011-07-25,HRDT,HIV test,"Orgenics, Ltd","HIV 1/2, Determine Complete HIV Kit, 100 Tests","HIV 1/2, Determine Complete HIV Kit",Determine,no_dosage,Test kit,100,2835,226800.0,80.0,0.8,Inverness Japan,True,1094.0,24400.67,374.22
4778,50607,106-HT-T30,FPQ-4406,SCMS-57150,ASN-5587,Haiti,PMO - US,Direct Drop,EXW,Air,2009-10-23,2009-11-19,2009-12-17,2009-12-17,2009-12-17,ARV,Adult,Aurobindo Pharma Limited,"Lopinavir/Ritonavir 200/50mg, tablets, 120 Tabs",Lopinavir/Ritonavir,Generic,200/50mg,Tablet,120,740,27750.0,37.5,0.31,"Aurobindo Unit III, India",True,203.0,2228.92,59.83
4779,50613,108-VN-T30,FPQ-4265,SCMS-56300,ASN-6250,Vietnam,PMO - US,Direct Drop,EXW,Air,2009-10-20,2009-11-03,2010-03-20,2010-03-20,2010-03-20,ARV,Adult,MYLAN LABORATORIES LTD (FORMERLY MATRIX LABORATORIES),"Tenofovir Disoproxil Fumarate 300mg, tablets, 30 Tabs",Tenofovir Disoproxil Fumarate,Generic,300mg,Tablet,30,1680,12600.0,7.5,0.25,Mylan (formerly Matrix) Nashik,False,260.0,4400.805,24.7
4780,50626,116-ZA-T30,FPQ-13973,SCMS-238552,ASN-27608,South Africa,PMO - US,Direct Drop,DDP,Truck,2014-04-30,2014-08-05,2014-08-05,2014-08-05,2014-08-05,ARV,Pediatric,PHARMACY DIRECT,"Atazanavir 150mg [Reyataz], capsules, 60 Caps",Atazanavir,Reyataz,150mg,Capsule,60,6,132.03,22.0,0.37,"BMS Evansville, US",False,9.0,0.0,0.14
4781,50636,116-ZA-T30,FPQ-13973,SCMS-238556,ASN-31854,South Africa,PMO - US,Direct Drop,DDP,Truck,2014-04-30,2015-04-28,2015-04-28,2015-04-28,2015-04-28,ARV,Adult,PHARMACY DIRECT,"Zidovudine 300mg, tablets, 60 Tabs",Zidovudine,Generic,300mg,Tablet,60,7,174.67,24.95,0.42,"Aurobindo Unit III, India",False,668.5,0.0,0.18
4782,50662,110-ZM-T30,FPQ-6263,SCMS-87280,ASN-8630,Zambia,PMO - US,Direct Drop,EXW,Air,2010-09-08,2010-10-07,2010-11-23,2010-11-23,2010-11-23,HRDT,HIV test,"Trinity Biotech, Plc","HIV 1/2, Uni-Gold HIV Kit, 20 Tests","HIV 1/2, Uni-Gold HIV Kit",Uni-Gold,no_dosage,Test kit,20,7000,224000.0,32.0,1.6,"Trinity Biotech, Plc",True,2304.0,33525.96,482.94
4783,50665,104-CI-T30,FPQ-3967,SCMS-52640,ASN-5258,Côte d'Ivoire,PMO - US,Direct Drop,FCA,Air,2009-08-21,2009-09-11,2009-11-06,2009-11-06,2009-11-06,ARV,Adult,ABBVIE LOGISTICS (FORMERLY ABBOTT LOGISTICS BV),"Lopinavir/Ritonavir 200/50mg [Aluvia], tablets, 120 Tabs",Lopinavir/Ritonavir,Aluvia,200/50mg,Tablet,120,10560,381849.6,36.16,0.3,ABBVIE Ludwigshafen Germany,True,2598.0,15873.33,748.43
4784,50706,116-ZA-T30,FPQ-11828,SCMS-183950,ASN-19166,South Africa,South Africa Field Office,Direct Drop,DDP,Truck,2013-03-18,2012-10-16,2013-04-16,2013-04-16,2013-04-16,ARV,Adult,S. BUYS WHOLESALER,"Zidovudine 300mg [Retrovir], tablets, 60 Tabs",Zidovudine,Retrovir,300mg,Tablet,60,2,31.73,15.86,0.26,GSK Aranda,False,1.0,0.0,0.04
4785,50723,119-NA-T30,FPQ-7007,SCMS-98330,ASN-9834,Namibia,PMO - US,Direct Drop,EXW,Air,2011-01-13,2011-02-02,2011-03-15,2011-03-15,2011-03-15,HRDT,HIV test,"Trinity Biotech, Plc","HIV 1/2, Uni-Gold HIV Kit, 20 Tests","HIV 1/2, Uni-Gold HIV Kit",Uni-Gold,no_dosage,Test kit,20,520,16640.0,32.0,1.6,"Trinity Biotech, Plc",True,177.0,3496.34,27.46
4786,50730,106-HT-T30,FPQ-9066,SCMS-138600,ASN-15150,Haiti,PMO - US,Direct Drop,FCA,Air,2012-01-06,2012-02-24,2012-06-13,2012-06-13,2012-06-13,ARV,Pediatric,LAWRENCE LABORATORIES (SUBSIDIARY OF BRISTOL MYERS SQUIBB),"Didanosine 25mg [Videx], chewable tablets, 60 Tabs",Didanosine,Videx,25mg,Chewable/dispersible tablet,60,120,840.0,7.0,0.12,Bristol-Myers Squibb Anagni IT,True,26.0,575.17,1.18
4787,50739,161-ZA-T30,FPQ-5648,SCMS-75750,ASN-9483,South Africa,PMO - US,Direct Drop,DDP,Ocean,2010-06-02,2010-06-17,2011-02-01,2011-03-04,2011-03-04,ARV,Adult,Aurobindo Pharma Limited,"Efavirenz 600mg, tablets, 30 Tabs",Efavirenz,Generic,600mg,Tablet,30,120,541.2,4.51,0.15,"Aurobindo Unit III, India",True,10.0,19518.98,1.17
4788,50752,103-ML-T30,FPQ-15006,SCMS-260740,ASN-30241,Mali,PMO - US,Direct Drop,EXW,Air,2014-10-07,2014-11-19,2015-02-18,2015-02-18,2015-02-25,HRDT,HIV test,"Orgenics, Ltd","HIV 1/2, Determine Complete HIV Kit, 100 Tests","HIV 1/2, Determine Complete HIV Kit",Determine,no_dosage,Test kit,100,150,12000.0,80.0,0.8,"Alere Medical Co., Ltd.",True,66.0,2572.91,12.34
4789,50754,161-ZA-T30,FPQ-7175,SCMS-104050,ASN-12190,South Africa,PMO - US,Direct Drop,DDP,Ocean,2011-03-10,2011-03-28,2011-12-09,2011-12-09,2011-12-09,ARV,Adult,CIPLA LIMITED,"Tenofovir Disoproxil Fumarate 300mg, tablets, 30 Tabs",Tenofovir Disoproxil Fumarate,Generic,300mg,Tablet,30,112595,728489.65,6.47,0.22,"Cipla, Goa, India",True,7991.0,9972.68,1202.01
4790,50755,106-HT-T30,FPQ-11442,SCMS-177180,ASN-18919,Haiti,PMO - US,Direct Drop,EXW,Ocean,2013-01-30,2013-03-11,2013-08-07,2013-08-07,2013-08-07,ARV,Adult,Aurobindo Pharma Limited,"Abacavir 300mg, tablets, 60 Tabs",Abacavir,Generic,300mg,Tablet,60,2160,24840.0,11.5,0.19,"Aurobindo Unit III, India",False,1122.0,7785.125,30.73
4791,50758,109-TZ-T30,FPQ-4157,SCMS-52770,ASN-5791,Tanzania,PMO - US,Direct Drop,EXW,Air,2009-08-27,2009-09-03,2010-02-10,2010-02-10,2010-02-10,HRDT,HIV test,"Standard Diagnostics, Inc.","HIV 1/2, Bioline 3.0 Kit, (no accessories), 30 Tests","HIV 1/2, Bioline 3.0 Kit (no accessories)",Bioline,no_dosage,Test kit,30,11990,287760.0,24.0,0.8,"Standard Diagnostics, Korea",True,3997.0,28620.81,564.01
4792,50798,106-HT-T30,FPQ-14083,SCMS-240191,ASN-27659,Haiti,PMO - US,Direct Drop,EXW,Ocean,2014-05-11,2014-06-26,2014-10-28,2014-10-28,2014-11-19,ARV,Pediatric,Aurobindo Pharma Limited,"Lamivudine 10mg/ml, oral solution, Bottle, 240 ml",Lamivudine,Generic,10mg/ml,Oral solution,240,1650,2359.5,1.43,0.01,"Aurobindo Unit III, India",False,197.0,7785.125,2.43
4793,50802,109-TZ-T30,FPQ-13048,SCMS-212160,ASN-22844,Tanzania,PMO - US,Direct Drop,EXW,Air,2013-10-03,2013-10-28,2013-12-31,2013-12-31,2014-01-03,ARV,Adult,Aurobindo Pharma Limited,"Zidovudine 300mg, tablets, 60 Tabs",Zidovudine,Generic,300mg,Tablet,60,11500,62445.0,5.43,0.09,"Aurobindo Unit III, India",True,632.0,4168.19,77.24
4794,50876,107-RW-T30,FPQ-10223,SCMS-152980,ASN-16610,Rwanda,PMO - US,Direct Drop,EXW,Ocean,2012-07-05,2012-07-16,2013-01-11,2013-01-11,2013-01-11,ARV,Adult,HETERO LABS LIMITED,"Lamivudine/Nevirapine/Stavudine 150/200/30mg, tablets, 60 Tabs",Lamivudine/Nevirapine/Stavudine,Generic,150/200/30mg,Tablet - FDC,60,63410,278369.9,4.39,0.07,Hetero Unit III Hyderabad IN,True,6589.0,17075.43,390.27
4795,50893,161-ZA-T30,FPQ-6708,SCMS-93470,ASN-11007,South Africa,PMO - US,Direct Drop,DDP,Air,2010-11-26,2010-12-14,2011-07-11,2011-07-11,2011-07-11,ARV,Pediatric,GLAXOSMITHKLINE EXPORT LIMITED,"Abacavir 20mg/ml [Ziagen], oral solution, Bottle, 240 ml",Abacavir,Ziagen,20mg/ml,Oral solution,240,32000,320640.0,10.02,0.04,GSK Mississauga (Canada),True,12374.0,11865.62,529.06
4796,50901,114-UG-T30,FPQ-13816,SCMS-231340,ASN-26447,Uganda,PMO - US,Direct Drop,EXW,Air,2014-02-27,2014-03-19,2014-06-14,2014-06-14,2014-06-14,HRDT,HIV test,"Orgenics, Ltd","HIV 1/2, Determine Complete HIV Kit, 100 Tests","HIV 1/2, Determine Complete HIV Kit",Determine,no_dosage,Test kit,100,6000,480000.0,80.0,0.8,"Alere Medical Co., Ltd.",True,2432.0,23178.68,493.44
4797,50907,102-BI-T30,FPQ-15186,SCMS-260840,ASN-33517,Burundi,PMO - US,Direct Drop,EXW,Air,2014-10-17,2014-11-12,2015-08-21,2015-08-21,2015-08-21,HRDT,HIV test,"Orgenics, Ltd","HIV 1/2, Determine Complete HIV Kit, 100 Tests","HIV 1/2, Determine Complete HIV Kit",Determine,no_dosage,Test kit,100,2018,161440.0,80.0,0.8,"Alere Medical Co., Ltd.",True,394.0,3544.4849999999997,190.01
4798,50910,106-HT-T30,FPQ-15038,SCMS-262980,ASN-30463,Haiti,PMO - US,Direct Drop,EXW,Ocean,2014-10-22,2015-01-07,2015-04-09,2015-04-09,2015-04-13,ARV,Adult,HETERO LABS LIMITED,"Lamivudine/Zidovudine 150/300mg, tablets, 60 Tabs",Lamivudine/Zidovudine,Generic,150/300mg,Tablet - FDC,60,31806,210237.66,6.61,0.11,Hetero Unit III Hyderabad IN,False,668.5,7785.125,216.12
4799,50918,107-RW-T30,FPQ-6341,SCMS-84960,ASN-9369,Rwanda,PMO - US,Direct Drop,EXW,Ocean,2010-09-03,2010-09-28,2011-03-01,2011-03-01,2011-03-01,ARV,Adult,HETERO LABS LIMITED,"Nevirapine 200mg, tablets, 60 Tabs",Nevirapine,Generic,200mg,Tablet,60,206475,501734.25,2.43,0.04,Hetero Unit III Hyderabad IN,True,12077.0,19328.36,1081.74
4800,50968,116-ZA-T30,FPQ-12522,SCMS-199289,ASN-28037,South Africa,PMO - US,Direct Drop,DDP,Truck,2013-07-11,2014-08-29,2014-08-29,2014-08-29,2014-08-29,ARV,Adult,S. BUYS WHOLESALER,"Abacavir 300mg, tablets, 60 Tabs",Abacavir,Generic,300mg,Tablet,60,91,6925.86,76.11,1.27,"Aurobindo Unit III, India",False,668.5,0.0,8.57
4801,50971,106-HT-T30,FPQ-9066,SCMS-138620,ASN-14952,Haiti,PMO - US,Direct Drop,EXW,Air,2012-01-06,2012-02-24,2012-06-12,2012-06-12,2012-06-12,ARV,Pediatric,CIPLA LIMITED,"Lamivudine/Stavudine 30/6mg, dispersible tablets, 60 Tabs",Lamivudine/Stavudine,Generic,30/6mg,Chewable/dispersible tablet - FDC,60,408,775.2,1.9,0.03,"Cipla, Goa, India",True,26.0,304.63,1.09
4802,50976,107-RW-T30,FPQ-6186,SCMS-83351,ASN-9598,Rwanda,PMO - US,Direct Drop,CIP,Air,2010-08-13,2010-09-28,2011-01-28,2011-01-28,2011-01-28,ARV,Adult,MYLAN LABORATORIES LTD (FORMERLY MATRIX LABORATORIES),"Efavirenz/Lamivudine/Tenofovir Disoproxil Fumarate 600/300/300mg, tablets, 30 Tabs",Efavirenz/Lamivudine/Tenofovir Disoproxil Fumarate,Generic,600/300/300mg,Tablet - FDC,30,5244,91665.12,17.48,0.58,Mylan (formerly Matrix) Nashik,True,668.5,0.0,197.63
4803,50985,105-SS-T30,FPQ-14470,SCMS-245260,ASN-29409,South Sudan,PMO - US,Direct Drop,EXW,Air,2014-06-17,2014-06-30,2014-12-22,2014-12-22,2015-01-13,HRDT,HIV test - Ancillary,"Orgenics, Ltd","Capillary Tubes, for Determine, EDTA, 50uL,100 Pcs","HIV, Capillary Tubes, for Determine, EDTA, 50uL,100 Pcs",Determine,no_dosage,Test kit - Ancillary,100,115,920.0,8.0,0.08,"Alere Medical Co., Ltd.",False,132.0,2575.925,0.95
4804,51016,133-NG-T30,FPQ-15504,SCMS-270770,ASN-31786,Nigeria,PMO - US,Direct Drop,EXW,Air,2014-12-08,2015-03-13,2015-05-07,2015-05-07,2015-05-13,HRDT,HIV test,"Orgenics, Ltd","HIV 1/2, Determine Complete HIV Kit, 100 Tests","HIV 1/2, Determine Complete HIV Kit",Determine,no_dosage,Test kit,100,6360,566040.0,89.0,0.89,"Alere Medical Co., Ltd.",True,2579.0,28759.53,666.23
4805,51034,133-NG-T30,FPQ-12456,SCMS-196561,ASN-22345,Nigeria,PMO - US,Direct Drop,EXW,Air,2013-06-10,2013-07-10,2013-11-07,2013-11-07,2013-11-17,HRDT,HIV test,"Orgenics, Ltd","HIV 1/2, Determine Complete HIV Kit, 100 Tests","HIV 1/2, Determine Complete HIV Kit",Determine,no_dosage,Test kit,100,898,79922.0,89.0,0.89,"Alere Medical Co., Ltd.",True,364.0,6522.64,98.86
4806,51046,108-VN-T30,FPQ-10643,SCMS-160980,ASN-17428,Vietnam,PMO - US,Direct Drop,EXW,Air,2012-09-18,2012-09-24,2012-12-26,2012-12-26,2012-12-26,ARV,Adult,Aurobindo Pharma Limited,"Nevirapine 200mg, tablets, 60 Tabs",Nevirapine,Generic,200mg,Tablet,60,15945,35876.25,2.25,0.04,"Aurobindo Unit III, India",True,1479.0,5180.86,50.3
4807,51063,161-ZA-T30,FPQ-5648,SCMS-75660,ASN-9113,South Africa,PMO - US,Direct Drop,DDP,Ocean,2010-06-02,2010-06-17,2010-10-12,2011-02-01,2011-02-01,ARV,Adult,Aurobindo Pharma Limited,"Efavirenz 600mg, tablets, 30 Tabs",Efavirenz,Generic,600mg,Tablet,30,9572,43169.72,4.51,0.15,"Aurobindo Unit III, India",True,668.5,0.0,93.07
4808,51073,116-ZA-T30,FPQ-13035,SCMS-215370,ASN-24415,South Africa,PMO - US,Direct Drop,DDP,Truck,2013-10-08,2013-12-02,2014-02-06,2014-02-06,2014-02-06,ARV,Adult,S. BUYS WHOLESALER,"Efavirenz 600mg, tablets, 30 Tabs",Efavirenz,Generic,600mg,Tablet,30,757,11261.49,14.88,0.5,"Cipla, Goa, India",False,668.5,0.0,13.93
4809,51098,108-VN-T30,FPQ-6384,SCMS-87760,ASN-9568,Vietnam,PMO - US,Direct Drop,EXW,Air,2010-09-30,2010-10-14,2011-02-28,2011-02-28,2011-02-28,ARV,Adult,MYLAN LABORATORIES LTD (FORMERLY MATRIX LABORATORIES),"Abacavir 300mg, tablets, 60 Tabs",Abacavir,Generic,300mg,Tablet,60,540,8100.0,15.0,0.25,Mylan (formerly Matrix) Nashik,False,519.0,4400.805,17.46
4810,51134,104-CI-T30,FPQ-12688,SCMS-201220,ASN-22164,Côte d'Ivoire,PMO - US,Direct Drop,EXW,Air,2013-07-19,2013-08-06,2013-11-07,2013-11-07,2013-11-13,HRDT,HIV test,"Orgenics, Ltd","HIV 1/2, Determine Complete HIV Kit, 100 Tests","HIV 1/2, Determine Complete HIV Kit",Determine,no_dosage,Test kit,100,1800,144000.0,80.0,0.8,"Alere Medical Co., Ltd.",True,730.0,10351.26,178.13
4811,51148,108-VN-T30,FPQ-6384,SCMS-87730,ASN-9118,Vietnam,PMO - US,Direct Drop,EXW,Air,2010-09-30,2010-10-15,2010-12-22,2010-12-22,2010-12-22,ARV,Adult,STRIDES ARCOLAB LIMITED,"Lamivudine/Nevirapine/Zidovudine 150/200/300mg, tablets, 60 Tabs",Lamivudine/Nevirapine/Zidovudine,Generic,150/300/200mg,Tablet - FDC,60,25000,275000.0,11.0,0.18,"Strides, Bangalore, India.",False,2348.0,4400.805,592.9
4812,51155,106-HT-T30,FPQ-4822,SCMS-63790,ASN-6064,Haiti,PMO - US,Direct Drop,EXW,Air,2010-01-07,2010-01-21,2010-03-02,2010-03-02,2010-03-02,HRDT,HIV test,Orasure Technologies Inc.,"HIV 1/2, OraQuick Advance HIV Rapid Antibody Kit, 100 Tests","HIV 1/2, OraQuick Advance HIV Rapid Antibody Kit",OraQuick,no_dosage,Test kit,100,100,35000.0,350.0,3.5,"Pacific Biotech, Thailand",True,240.0,5362.39,75.46
4813,51165,110-ZM-T30,FPQ-11390,SCMS-173910,ASN-18339,Zambia,PMO - US,Direct Drop,EXW,Air,2013-01-08,2013-01-23,2013-03-15,2013-03-15,2013-03-15,HRDT,HIV test,"Trinity Biotech, Plc","HIV 1/2, Uni-Gold HIV Kit, 20 Tests","HIV 1/2, Uni-Gold HIV Kit",Uni-Gold,no_dosage,Test kit,20,10500,336000.0,32.0,1.6,"Trinity Biotech, Plc",True,3445.0,39662.72,415.63
4814,51175,133-NG-T30,FPQ-4891,SCMS-64780,ASN-6619,Nigeria,PMO - US,Direct Drop,EXW,Air,2010-01-15,2010-02-05,2010-05-05,2010-05-05,2010-05-05,HRDT,HIV test,"Orgenics, Ltd","HIV 1/2, Determine Complete HIV Kit, 100 Tests","HIV 1/2, Determine Complete HIV Kit",Determine,no_dosage,Test kit,100,2685,214800.0,80.0,0.8,Inverness Japan,True,1284.0,21821.97,463.11
4815,51217,200-ZW-T30,FPQ-6488,SCMS-90690,ASN-13956,Zimbabwe,PMO - US,Direct Drop,FCA,Air,2010-10-26,2010-11-10,2012-04-02,2012-04-02,2012-04-02,ARV,Pediatric,ABBVIE LOGISTICS (FORMERLY ABBOTT LOGISTICS BV),"Lopinavir/Ritonavir 80/20mg/ml [Kaletra], oral solution, cool, Bottle 5 x 60 ml",Lopinavir/Ritonavir,Kaletra,80/20mg/ml,Oral solution,300,1251,38555.82,30.82,0.1,ABBVIE (Abbott) Logis. UK,True,1254.0,54424.24,83.13
4816,51225,116-ZA-T30,FPQ-13973,SCMS-238573,ASN-29122,South Africa,PMO - US,Direct Drop,DDP,Truck,2014-04-30,2014-10-29,2014-10-29,2014-10-29,2014-10-29,ARV,Pediatric,PHARMACY DIRECT,"Lopinavir/Ritonavir 80/20mg/ml [Kaletra], oral solution, cool, Bottle 5 x 60 ml",Lopinavir/Ritonavir,Kaletra,80/20mg/ml,Oral solution,300,4,88.27,22.07,0.07,ABBVIE (Abbott) Logis. UK,True,78.0,0.0,0.09
4817,51233,108-VN-T30,FPQ-15087,SCMS-261460,ASN-30940,Vietnam,PMO - US,Direct Drop,EXW,Air,2014-10-24,2014-10-30,2015-03-31,2015-03-31,2015-03-31,ARV,Adult,HETERO LABS LIMITED,"Lamivudine 150mg, tablets, 60 Tabs",Lamivudine,Generic,150mg,Tablet,60,9400,16920.0,1.8,0.03,Hetero Unit III Hyderabad IN,True,1030.0,1593.67,19.91
4818,51267,133-NG-T30,FPQ-10765,SCMS-162440,ASN-18601,Nigeria,PMO - US,Direct Drop,EXW,Air,2012-10-05,2012-10-16,2013-01-09,2013-04-02,2013-04-02,HRDT,HIV test,"Orgenics, Ltd","HIV 1/2, Determine Complete HIV Kit, 100 Tests","HIV 1/2, Determine Complete HIV Kit",Determine,no_dosage,Test kit,100,2887,256943.0,89.0,0.89,"Alere Medical Co., Ltd.",True,1247.0,26859.39,360.23
4819,51268,133-NG-T30,FPQ-10765,SCMS-162440,ASN-17646,Nigeria,PMO - US,Direct Drop,EXW,Air,2012-10-05,2012-10-16,2013-01-09,2013-01-17,2013-01-17,HRDT,HIV test,"Orgenics, Ltd","HIV 1/2, Determine Complete HIV Kit, 100 Tests","HIV 1/2, Determine Complete HIV Kit",Determine,no_dosage,Test kit,100,2744,244216.0,89.0,0.89,"Alere Medical Co., Ltd.",True,1235.0,25577.15,342.39
4820,51275,108-VN-T30,FPQ-11418,SCMS-176180,ASN-19098,Vietnam,PMO - US,Direct Drop,EXW,Air,2013-01-29,2013-02-05,2013-05-22,2013-05-22,2013-05-22,ARV,Pediatric,Aurobindo Pharma Limited,"Zidovudine 10mg/ml, oral solution w/syringe, Bottle, 240 ml",Zidovudine,Generic,10mg/ml,Oral solution,240,471,989.1,2.1,0.01,"Aurobindo Unit III, India",False,221.0,4400.805,1.22
4821,51340,106-HT-T30,FPQ-11443,SCMS-180990,ASN-20370,Haiti,PMO - US,Direct Drop,EXW,Air,2013-02-07,2013-03-22,2013-07-24,2013-07-24,2013-07-24,ARV,Pediatric,STRIDES ARCOLAB LIMITED,"Lamivudine/Nevirapine/Zidovudine 30/50/60mg, dispersible tablets, 60 Tabs",Lamivudine/Nevirapine/Zidovudine,Generic,30/50/60mg,Chewable/dispersible tablet - FDC,60,4095,16380.0,4.0,0.07,"Strides, Bangalore, India.",True,176.0,3456.02,20.26
4822,51346,116-ZA-T30,FPQ-15269,SCMS-267020,ASN-29764,South Africa,PMO - US,Direct Drop,DDP,Truck,2014-10-29,2014-12-10,2014-12-10,2014-12-10,2014-12-10,ARV,Adult,S. BUYS WHOLESALER,"Lopinavir/Ritonavir 200/50mg [Aluvia], tablets, 120 Tabs",Lopinavir/Ritonavir,Aluvia,200/50mg,Tablet,120,47,971.91,20.68,0.17,ABBVIE Ludwigshafen Germany,False,668.5,0.0,1.14
4823,51380,117-ET-T30,FPQ-9209,SCMS-134730,ASN-14232,Ethiopia,PMO - US,Direct Drop,EXW,Air,2012-01-18,2012-01-23,2012-04-02,2012-04-02,2012-04-02,HRDT,HIV test,"SHANGHAI KEHUA BIOENGINEERING CO.,LTD.  (KHB)","HIV 1/2, SKB Colloidal Gold, Diagnostic Kit, Antibody, 50 Tests","HIV 1/2, Colloidal Gold, Diagnostic Kit, Antibody",Colloidal Gold,no_dosage,Test kit,1,1100,26950.0,24.5,24.5,"KHB Test Kit Facility, Shanghai China",True,780.0,7655.99,37.78
4824,51396,161-ZA-T30,FPQ-5648,SCMS-75650,ASN-9933,South Africa,PMO - US,Direct Drop,DDP,Ocean,2010-06-02,2010-06-17,2011-03-17,2011-03-17,2011-03-17,ARV,Pediatric,Aurobindo Pharma Limited,"Lamivudine 10mg/ml, oral solution w/syringe, Bottle, 240 ml",Lamivudine,Generic,10mg/ml,Oral solution,240,11640,24676.8,2.12,0.01,"Aurobindo Unit III, India",True,4413.0,0.0,53.2
4825,51397,116-ZA-T30,FPQ-11828,SCMS-183950,ASN-19166,South Africa,South Africa Field Office,Direct Drop,DDP,Truck,2013-03-18,2012-10-16,2013-04-16,2013-04-16,2013-04-16,ARV,Adult,S. BUYS WHOLESALER,"Lamivudine/Zidovudine 150/300mg, tablets, 60 Tabs",Lamivudine/Zidovudine,Generic,150/300mg,Tablet - FDC,60,6658,94179.41,14.15,0.24,"Cipla, Goa, India",False,668.5,0.0,116.5
4826,51408,133-NG-T30,FPQ-8117,SCMS-118190,ASN-12878,Nigeria,PMO - US,Direct Drop,EXW,Air,2011-07-28,2011-08-15,2011-12-19,2011-12-09,2011-12-09,HRDT,HIV test,"Orgenics, Ltd","HIV 1/2, Determine Complete HIV Kit, 100 Tests","HIV 1/2, Determine Complete HIV Kit",Determine,no_dosage,Test kit,100,2891,257299.0,89.0,0.89,"Alere Medical Co., Ltd.",True,1378.0,32667.09,424.54
4827,51410,106-HT-T30,FPQ-15038,SCMS-262910,ASN-30183,Haiti,PMO - US,Direct Drop,EXW,Ocean,2014-10-22,2014-12-24,2015-03-13,2015-03-13,2015-03-18,ARV,Adult,Aurobindo Pharma Limited,"Efavirenz 600mg, tablets, 30 Tabs",Efavirenz,Generic,600mg,Tablet,30,39554,130528.2,3.3,0.11,"Aurobindo Unit VII, IN",True,3823.0,11051.22,134.18
4828,51432,116-ZA-T30,FPQ-13973,SCMS-238552,ASN-27606,South Africa,PMO - US,Direct Drop,DDP,Truck,2014-04-30,2014-08-05,2014-08-05,2014-08-05,2014-08-05,ARV,Adult,PHARMACY DIRECT,"Lamivudine 150mg, tablets, 60 Tabs",Lamivudine,Generic,150mg,Tablet,60,73,667.44,9.14,0.15,"Aurobindo Unit III, India",False,69.0,0.0,0.69
4829,51435,103-CM-T30,FPQ-10128,SCMS-151600,ASN-16107,Cameroon,PMO - US,Direct Drop,EXW,Air,2012-06-22,2012-07-16,2012-09-10,2012-09-10,2012-09-10,HRDT,HIV test - Ancillary,"Orgenics, Ltd","Chase Buffer, Determine, 100 Tests, 2.5ml x 1 Vial","Chase Buffer, Determine, 100 Tests, 2.5ml x 1 Vial",Determine,no_dosage,Test kit - Ancillary,1,50,250.0,5.0,5.0,"Alere Medical Co., Ltd.",False,18.0,27460.25,0.35
4830,51440,113-ZW-T30,FPQ-13032,SCMS-210170,ASN-22818,Zimbabwe,PMO - US,Direct Drop,EXW,Air,2013-09-24,2013-10-18,2013-12-09,2013-12-09,2013-12-10,HRDT,HIV test,"Orgenics, Ltd","HIV 1/2, Determine Complete HIV Kit, 100 Tests","HIV 1/2, Determine Complete HIV Kit",Determine,no_dosage,Test kit,100,2000,160000.0,80.0,0.8,"Alere Medical Co., Ltd.",False,662.5,12894.85,197.92
4831,51452,102-BW-T30,FPQ-5353,SCMS-77130,ASN-7693,Botswana,PMO - US,Direct Drop,EXW,Air,2010-03-30,2010-06-23,2010-08-25,2010-08-25,2010-08-25,HRDT,HIV test,"Trinity Biotech, Plc","HIV 1/2, Uni-Gold HIV Kit, 20 Tests","HIV 1/2, Uni-Gold HIV Kit",Uni-Gold,no_dosage,Test kit,20,50,1600.0,32.0,1.6,"Trinity Biotech, Plc",True,26.0,659.27,3.45
4832,51467,116-ZA-T30,FPQ-12522,SCMS-199289,ASN-28034,South Africa,PMO - US,Direct Drop,DDP,Truck,2013-07-11,2014-08-29,2014-08-29,2014-08-29,2014-08-29,ARV,Adult,S. BUYS WHOLESALER,"Zidovudine 300mg, tablets, 60 Tabs",Zidovudine,Generic,300mg,Tablet,60,18,488.0,27.11,0.45,Mylan (formerly Matrix) Nashik,False,55.0,0.0,0.6
4833,51496,A02-SN-T50,FPQ-15907,SCMS-286880,ASN-32670,Senegal,PMO - US,Direct Drop,EXW,Air,2015-02-19,2015-05-08,2015-06-23,2015-06-23,2015-06-23,ARV,Adult,HETERO LABS LIMITED,"Lamivudine 300mg, tablets, 30 Tabs",Lamivudine,Generic,300mg,Tablet,30,100,200.0,2.0,0.07,Hetero Unit III Hyderabad IN,True,36.0,722.315,0.24
4834,51504,102-SS-T30,FPQ-9038,SCMS-137190,ASN-14092,South Sudan,PMO - US,Direct Drop,EXW,Air,2012-01-17,2012-02-15,2012-04-18,2012-04-18,2012-04-18,HRDT,HIV test,"Orgenics, Ltd","HIV 1/2, Determine Complete HIV Kit, 100 Tests","HIV 1/2, Determine Complete HIV Kit",Determine,no_dosage,Test kit,100,339,30171.0,89.0,0.89,"Alere Medical Co., Ltd.",False,175.0,2575.925,42.3
4835,51525,116-ZA-T30,FPQ-4770,SCMS-60170,ASN-5934,South Africa,PMO - US,Direct Drop,DDP,Truck,2009-12-17,2009-12-23,2009-12-28,2009-12-28,2009-12-28,ARV,Pediatric,S. BUYS WHOLESALER,"Efavirenz 50mg, capsule, 30 Caps",Efavirenz,Generic,50mg,Capsule,30,230,959.89,4.17,0.14,"Aurobindo Unit III, India",False,132.0,0.0,2.07
4836,51531,116-ZA-T30,FPQ-14942,SCMS-259072,ASN-30377,South Africa,PMO - US,Direct Drop,DDP,Truck,2014-09-11,2015-01-26,2015-01-26,2015-01-26,2015-01-26,ARV,Pediatric,PHARMACY DIRECT,"Lamivudine 10mg/ml, oral solution, Bottle, 240 ml",Lamivudine,Generic,10mg/ml,Oral solution,240,11,56.85,5.17,0.02,"Aurobindo Unit III, India",False,17.0,0.0,0.06
4837,51535,122-HT-T30,FPQ-8671,SCMS-131050,ASN-13551,Haiti,PMO - US,Direct Drop,EXW,Air,2011-11-09,2011-12-29,2012-02-14,2012-02-14,2012-02-14,MRDT,Malaria,"ACCESS BIO, INC.","Malaria, Antigen P.f., HRP2 CareStart Kit, 60 Tests","Malaria, Antigen P.f., HRP2 CareStart Kit",CareStart,no_dosage,Test kit,60,2159,50520.6,23.4,0.39,"Access BIO, L.C.",True,5.0,5642.36,70.83
4838,51578,116-ZA-T30,FPQ-12522,SCMS-199283,ASN-27976,South Africa,PMO - US,Direct Drop,DDP,Truck,2013-07-11,2014-08-27,2014-08-27,2014-08-27,2014-08-27,ARV,Adult,S. BUYS WHOLESALER,"Didanosine 250mg, delayed-release capsules, 30 Caps",Didanosine,Generic,250mg,Delayed-release capsules,30,8,136.19,17.02,0.57,"Aurobindo Unit III, India",False,48.0,0.0,0.17
4839,51579,101-CD-T30,FPQ-14654,SCMS-253260,ASN-28279,"Congo, DRC",PMO - US,Direct Drop,EXW,Air,2014-08-11,2014-08-27,2014-11-04,2014-11-04,2014-11-20,HRDT,HIV test,"Trinity Biotech, Plc","HIV 1/2, Uni-Gold HIV Kit, 20 Tests","HIV 1/2, Uni-Gold HIV Kit",Uni-Gold,no_dosage,Test kit,20,423,13536.0,32.0,1.6,"Trinity Biotech, Plc",False,394.0,2346.5699999999997,13.92
4840,51587,161-ZA-T30,FPQ-5303,SCMS-68950,ASN-7078,South Africa,PMO - US,Direct Drop,DDP,Air,2010-03-18,2010-03-19,2010-06-09,2010-06-09,2010-06-09,ARV,Adult,Aurobindo Pharma Limited,"Nevirapine 200mg, tablets, 60 Tabs",Nevirapine,Generic,200mg,Tablet,60,22372,65326.24,2.92,0.05,"Aurobindo Unit III, India",True,2655.0,6369.79,140.84
4841,51608,103-CM-T30,FPQ-16474,SCMS-291900,ASN-33189,Cameroon,PMO - US,Direct Drop,EXW,Air,2015-06-09,2015-06-25,2015-07-23,2015-07-23,2015-07-27,HRDT,HIV test,Orasure Technologies Inc.,"HIV 1/2, OraQuick Advance HIV Rapid Antibody Kit, 100 Tests","HIV 1/2, OraQuick Advance HIV Rapid Antibody Kit",OraQuick,no_dosage,Test kit,100,25,8750.0,350.0,3.5,"Pacific Biotech, Thailand",True,39.5,27460.25,10.3
4842,51641,116-ZA-T30,FPQ-13035,SCMS-215370,ASN-24415,South Africa,PMO - US,Direct Drop,DDP,Truck,2013-10-08,2013-12-02,2014-02-06,2014-02-06,2014-02-06,ARV,Pediatric,S. BUYS WHOLESALER,"Abacavir 20mg/ml [Ziagen], oral solution, Bottle, 240 ml",Abacavir,Ziagen,20mg/ml,Oral solution,240,6,144.28,24.05,0.1,GSK Mississauga (Canada),False,9.0,0.0,0.18
4843,51668,105-SS-T30,FPQ-15569,SCMS-272160,ASN-31331,South Sudan,PMO - US,Direct Drop,EXW,Air,2014-12-29,2015-02-20,2015-06-03,2015-06-03,2015-06-05,HRDT,HIV test,"Orgenics, Ltd","HIV 1/2, Determine Complete HIV Kit, 100 Tests","HIV 1/2, Determine Complete HIV Kit",Determine,no_dosage,Test kit,100,100,8900.0,89.0,0.89,"Alere Medical Co., Ltd.",True,34.0,2575.925,10.48
4844,51690,108-VN-T30,FPQ-8428,SCMS-123540,ASN-14321,Vietnam,PMO - US,Direct Drop,EXW,Air,2011-09-21,2011-10-03,2012-04-16,2012-04-16,2012-04-16,ARV,Adult,MYLAN LABORATORIES LTD (FORMERLY MATRIX LABORATORIES),"Tenofovir Disoproxil Fumarate 300mg, tablets, 30 Tabs",Tenofovir Disoproxil Fumarate,Generic,300mg,Tablet,30,7146,39303.0,5.5,0.18,Mylan (formerly Matrix) Nashik,False,668.5,4400.805,64.85
4845,51717,901-GH-T30,FPQ-14101,SCMS-249120,ASN-28705,Ghana,PMO - US,Direct Drop,FCA,Air,2014-04-30,2014-07-18,2014-11-12,2014-11-12,2014-11-13,ARV,Pediatric,ABBVIE LOGISTICS (FORMERLY ABBOTT LOGISTICS BV),"Lopinavir/Ritonavir 100/25mg [Aluvia], tablets, 60 Tabs",Lopinavir/Ritonavir,Generic,100/25mg,Tablet,60,672,3991.68,5.94,0.1,ABBVIE Ludwigshafen Germany,True,88.0,1472.41,4.1
4846,51755,110-ZM-T30,FPQ-7439,SCMS-106740,ASN-11399,Zambia,PMO - US,Direct Drop,EXW,Air,2011-04-01,2011-04-21,2011-07-22,2011-07-22,2011-07-22,HRDT,HIV test,"Orgenics, Ltd","HIV 1/2, Determine Complete HIV Kit, 100 Tests","HIV 1/2, Determine Complete HIV Kit",Determine,no_dosage,Test kit,100,1729,138320.0,80.0,0.8,Inverness Japan,True,667.0,15123.48,228.23
4847,51763,116-ZA-T30,FPQ-11828,SCMS-183950,ASN-19166,South Africa,South Africa Field Office,Direct Drop,DDP,Truck,2013-03-18,2012-10-16,2013-04-16,2013-04-16,2013-04-16,ARV,Adult,S. BUYS WHOLESALER,"Efavirenz 600mg, tablets, 30 Tabs",Efavirenz,Generic,600mg,Tablet,30,911,14646.84,16.08,0.54,"Cipla, Goa, India",False,668.5,0.0,18.12
4848,51775,108-VN-T30,FPQ-13034,SCMS-210040,ASN-24696,Vietnam,PMO - US,Direct Drop,FCA,Air,2013-10-04,2013-10-10,2014-04-07,2014-04-07,2014-04-07,ARV,Adult,ABBVIE LOGISTICS (FORMERLY ABBOTT LOGISTICS BV),"Lopinavir/Ritonavir 200/50mg [Aluvia], tablets, 120 Tabs",Lopinavir/Ritonavir,Aluvia,200/50mg,Tablet,120,7031,427625.42,60.82,0.51,ABBVIE Ludwigshafen Germany,True,1720.0,5324.08,528.97
4849,51803,161-ZA-T30,FPQ-5648,SCMS-75660,ASN-8261,South Africa,PMO - US,Direct Drop,DDP,Ocean,2010-06-02,2010-06-17,2010-10-12,2010-10-12,2010-10-12,ARV,Adult,Aurobindo Pharma Limited,"Efavirenz 600mg, tablets, 30 Tabs",Efavirenz,Generic,600mg,Tablet,30,17701,79831.51,4.51,0.15,"Aurobindo Unit III, India",True,1552.0,18114.34,172.12
4850,51817,161-ZA-T30,FPQ-6708,SCMS-93570,ASN-12387,South Africa,PMO - US,Direct Drop,DDP,Ocean,2010-11-26,2010-12-14,2011-10-05,2011-11-24,2011-11-24,ARV,Adult,Aurobindo Pharma Limited,"Tenofovir Disoproxil Fumarate 300mg, tablets, 30 Tabs",Tenofovir Disoproxil Fumarate,Generic,300mg,Tablet,30,42131,280171.15,6.65,0.22,"Aurobindo Unit III, India",True,668.5,0.0,462.28
4851,51818,104-CI-T30,FPQ-6252,SCMS-85430,ASN-8572,Côte d'Ivoire,PMO - US,Direct Drop,EXW,Air,2010-08-26,2010-09-16,2010-11-24,2010-11-24,2010-11-24,HRDT,HIV test - Ancillary,"CHEMBIO DIAGNOSTIC SYSTEMS, INC.","HIV 1/2, Stat-Pak Buffer Only, 20 Tests","HIV 1/2, Stat-Pak Buffer Only",Stat-Pak,no_dosage,Test kit - Ancillary,1,660,1650.0,2.5,2.5,Chembio Diagnostics Sys. Inc.,True,394.0,4063.81,3.56
4852,51820,102-SZ-T30,FPQ-10537,SCMS-159091,ASN-17894,Swaziland,PMO - US,Direct Drop,EXW,Air,2012-08-23,2012-09-12,2013-05-17,2013-05-17,2013-05-17,HRDT,HIV test,"Orgenics, Ltd","HIV 1/2, Determine Complete HIV Kit, 100 Tests","HIV 1/2, Determine Complete HIV Kit",Determine,no_dosage,Test kit,100,240,19200.0,80.0,0.8,"Alere Medical Co., Ltd.",True,100.0,2274.64,26.92
4853,51821,116-ZA-T30,FPQ-5630,SCMS-72760,ASN-7111,South Africa,PMO - US,Direct Drop,DDP,Truck,2010-04-30,2010-05-05,2010-05-12,2010-05-12,2010-05-12,ARV,Pediatric,S. BUYS WHOLESALER,"Efavirenz 200mg, capsule, 90 Caps",Efavirenz,Generic,200mg,Capsule,90,50,1636.37,32.73,0.36,"Aurobindo Unit III, India",True,35.0,0.0,3.53
4854,51833,116-ZA-T30,FPQ-14942,SCMS-259079,ASN-33852,South Africa,PMO - US,Direct Drop,DDP,Truck,2014-09-11,2014-10-09,2015-08-24,2015-08-24,2015-08-24,ARV,Pediatric,PHARMACY DIRECT,"Abacavir 20mg/ml, oral solution, Bottle, 240 ml",Abacavir,Generic,20mg/ml,Oral solution,240,26,493.97,19.0,0.08,"Aurobindo Unit III, India",False,33051.0,0.0,0.51
4855,51871,161-ZA-T30,FPQ-6708,SCMS-93640,ASN-9950,South Africa,PMO - US,Direct Drop,DDP,Ocean,2010-11-26,2010-12-14,2011-04-05,2011-04-08,2011-04-08,ARV,Adult,CIPLA LIMITED,"Tenofovir Disoproxil Fumarate 300mg, tablets, 30 Tabs",Tenofovir Disoproxil Fumarate,Generic,300mg,Tablet,30,44293,303849.98,6.86,0.23,"Cipla, Goa, India",True,2951.0,5567.75,501.35
4856,51883,133-NG-T30,FPQ-10765,SCMS-162440,ASN-17649,Nigeria,PMO - US,Direct Drop,EXW,Air,2012-10-05,2012-10-16,2013-01-09,2013-01-17,2013-01-17,HRDT,HIV test,"Orgenics, Ltd","HIV 1/2, Determine Complete HIV Kit, 100 Tests","HIV 1/2, Determine Complete HIV Kit",Determine,no_dosage,Test kit,100,2744,244216.0,89.0,0.89,"Alere Medical Co., Ltd.",True,1235.0,25577.2,342.39
4857,51888,116-ZA-T30,FPQ-13973,SCMS-238555,ASN-29257,South Africa,PMO - US,Direct Drop,DDP,Truck,2014-04-30,2014-11-04,2014-11-05,2014-11-05,2014-11-05,ARV,Adult,PHARMACY DIRECT,"Zidovudine 300mg, tablets, 60 Tabs",Zidovudine,Generic,300mg,Tablet,60,10,249.54,24.95,0.42,"Aurobindo Unit III, India",False,38.0,0.0,0.26
4858,51895,109-TZ-T30,FPQ-13945,SCMS-235420,ASN-26517,Tanzania,PMO - US,Direct Drop,EXW,Air,2014-03-27,2014-04-29,2014-08-29,2014-08-29,2014-09-03,HRDT,HIV test,"Orgenics, Ltd","HIV 1/2, Determine Complete HIV Kit, 100 Tests","HIV 1/2, Determine Complete HIV Kit",Determine,no_dosage,Test kit,100,672,53760.0,80.0,0.8,"Alere Medical Co., Ltd.",True,277.0,4379.48,55.27
4859,51911,901-CM-T30,FPQ-12837,SCMS-204300,ASN-21708,Cameroon,PMO - US,Direct Drop,EXW,Air,2013-08-19,2013-08-23,2013-11-07,2013-10-30,2013-10-31,ARV,Adult,Aurobindo Pharma Limited,"Lamivudine/Tenofovir Disoproxil Fumarate 300/300mg, tablets, 30 Tabs",Lamivudine/Tenofovir Disoproxil Fumarate,Generic,300/300mg,Tablet - FDC,30,32400,150660.0,4.65,0.16,"Aurobindo Unit VII, IN",True,3227.0,26930.79,186.37
4860,51928,117-ET-T30,FPQ-4502,SCMS-58060,ASN-5747,Ethiopia,PMO - US,Direct Drop,EXW,Air,2009-10-27,2009-11-25,2009-12-30,2009-12-30,2009-12-30,ARV,Adult,MYLAN LABORATORIES LTD (FORMERLY MATRIX LABORATORIES),"Lamivudine 150mg, tablets, 60 Tabs",Lamivudine,Generic,150mg,Tablet,60,50000,130000.0,2.6,0.04,Mylan (formerly Matrix) Nashik,True,2504.0,7354.24,280.28
4861,51969,116-ZA-T30,FPQ-12522,SCMS-199283,ASN-27976,South Africa,PMO - US,Direct Drop,DDP,Truck,2013-07-11,2014-08-27,2014-08-27,2014-08-27,2014-08-27,ARV,Adult,S. BUYS WHOLESALER,"Nevirapine 200mg, tablets, 60 Tabs",Nevirapine,Generic,200mg,Tablet,60,67,1321.12,19.72,0.33,"Aurobindo Unit III, India",False,335.0,0.0,1.63
4862,51990,107-RW-T30,FPQ-6341,SCMS-84970,ASN-10317,Rwanda,PMO - US,Direct Drop,EXW,Ocean,2010-09-03,2010-09-28,2011-05-31,2011-05-31,2011-05-31,ARV,Adult,HETERO LABS LIMITED,"Lamivudine/Tenofovir Disoproxil Fumarate 300/300mg, tablets, 30 Tabs",Lamivudine/Tenofovir Disoproxil Fumarate,Generic,300/300mg,Tablet - FDC,30,82981,776702.16,9.36,0.31,Hetero Unit III Hyderabad IN,True,6683.0,14760.6,1674.57
4863,51999,102-GY-T30,FPQ-8053,SCMS-115830,ASN-11820,Guyana,PMO - US,Direct Drop,EXW,Air,2011-07-13,2011-07-20,2011-09-06,2011-09-06,2011-09-06,HRDT,HIV test,"Orgenics, Ltd","HIV 1/2, Determine Complete HIV Kit, 100 Tests","HIV 1/2, Determine Complete HIV Kit",Determine,no_dosage,Test kit,100,915,91500.0,100.0,1.0,Inverness Japan,True,439.0,11941.94,150.98
4864,52034,106-HT-T30,FPQ-12041,SCMS-189221,ASN-22217,Haiti,PMO - US,Direct Drop,EXW,Air,2013-04-26,2013-05-21,2013-12-12,2013-12-12,2013-12-13,HRDT,HIV test,"SHANGHAI KEHUA BIOENGINEERING CO.,LTD.  (KHB)","HIV 1/2, SKB Colloidal Gold, Diagnostic Kit, Antibody, 50 Tests","HIV 1/2, Colloidal Gold, Diagnostic Kit, Antibody",Colloidal Gold,no_dosage,Test kit,1,350,8575.0,24.5,24.5,"KHB Test Kit Facility, Shanghai China",True,240.0,2933.25,10.61
4865,52049,102-KE-T30,FPQ-7498,SCMS-106790,ASN-11121,Kenya,PMO - US,Direct Drop,EXW,Air,2011-03-30,2011-04-21,2011-07-08,2011-07-08,2011-07-08,HRDT,HIV test,"Orgenics, Ltd","HIV 1/2, Determine Complete HIV Kit, 100 Tests","HIV 1/2, Determine Complete HIV Kit",Determine,no_dosage,Test kit,100,10000,890000.0,89.0,0.89,Inverness Japan,True,2951.0,31923.61,1468.5
4866,52068,116-ZA-T30,FPQ-15269,SCMS-267020,ASN-29764,South Africa,PMO - US,Direct Drop,DDP,Truck,2014-10-29,2014-12-10,2014-12-10,2014-12-10,2014-12-10,ARV,Adult,S. BUYS WHOLESALER,"Lamivudine 150mg [Epivir], tablets, 60 Tabs",Lamivudine,Epivir,150mg,Tablet,60,983,10106.64,10.28,0.17,GSK Cape Town Factory (South Africa),False,93.0,0.0,11.9
4867,52081,161-ZA-T30,FPQ-6262,SCMS-83830,ASN-9942,South Africa,PMO - US,Direct Drop,DDP,Ocean,2010-08-31,2010-09-24,2011-05-03,2011-05-03,2011-05-03,ARV,Adult,Aurobindo Pharma Limited,"Lamivudine/Zidovudine 150/300mg, tablets, 60 Tabs",Lamivudine/Zidovudine,Generic,150/300mg,Tablet - FDC,60,25000,209000.0,8.36,0.14,"Aurobindo Unit III, India",True,2275.0,3073.74,450.6
4868,52093,107-RW-T30,FPQ-4248,SCMS-43860,ASN-8371,Rwanda,PMO - US,Direct Drop,CIP,Air,2009-02-27,2010-04-15,2010-10-10,2010-10-10,2010-10-10,ARV,Adult,MYLAN LABORATORIES LTD (FORMERLY MATRIX LABORATORIES),"Lamivudine/Zidovudine 150/300mg, tablets, 60 Tabs",Lamivudine/Zidovudine,Generic,150/300mg,Tablet - FDC,60,21080,189720.0,9.0,0.15,Mylan (formerly Matrix) Nashik,True,1716.0,17074.8,371.85
4869,52131,116-ZA-T30,FPQ-11828,SCMS-183950,ASN-19166,South Africa,South Africa Field Office,Direct Drop,DDP,Truck,2013-03-18,2012-10-16,2013-04-16,2013-04-16,2013-04-16,ARV,Adult,S. BUYS WHOLESALER,"Didanosine 250mg, delayed-release capsules, 30 Caps",Didanosine,Generic,250mg,Delayed-release capsules,30,64,987.12,15.42,0.51,"Aurobindo Unit III, India",False,3.5,0.0,1.22
4870,52144,133-NG-T30,FPQ-10765,SCMS-162440,ASN-18600,Nigeria,PMO - US,Direct Drop,EXW,Air,2012-10-05,2012-10-16,2013-01-09,2013-03-20,2013-03-20,HRDT,HIV test,"Orgenics, Ltd","HIV 1/2, Determine Complete HIV Kit, 100 Tests","HIV 1/2, Determine Complete HIV Kit",Determine,no_dosage,Test kit,100,2880,256320.0,89.0,0.89,"Alere Medical Co., Ltd.",True,1249.0,26380.35,359.36
4871,52175,116-ZA-T30,FPQ-3560,SCMS-50940,ASN-5472,South Africa,PMO - US,Direct Drop,DDP,Truck,2009-05-07,2009-08-03,2009-10-08,2009-10-14,2009-10-14,ARV,Pediatric,S. BUYS WHOLESALER,"Stavudine 1mg/ml, powder for oral solution, 200 ml",Stavudine,Generic,1mg/ml,Oral solution,200,1700,4270.78,2.51,0.01,"Aurobindo Unit III, India",True,268.0,0.0,8.37
4872,52206,106-HT-T30,FPQ-4389,SCMS-58030,ASN-7025,Haiti,PMO - US,Direct Drop,FCA,Air,2009-11-03,2009-11-13,2010-06-18,2010-06-18,2010-06-18,ARV,Pediatric,ABBVIE LOGISTICS (FORMERLY ABBOTT LOGISTICS BV),"Lopinavir/Ritonavir 100/25mg [Aluvia], tablets, 60 Tabs",Lopinavir/Ritonavir,Generic,100/25mg,Tablet,60,300,2712.0,9.04,0.15,ABBVIE Ludwigshafen Germany,True,44.0,1075.54,5.85
4873,52228,107-RW-T30,FPQ-12409,SCMS-193930,ASN-22289,Rwanda,PMO - US,Direct Drop,CIP,Air,2013-05-31,2013-06-13,2013-10-19,2013-10-19,2013-10-22,ARV,Adult,MERCK SHARP & DOHME IDEA GMBH (FORMALLY MERCK SHARP & DOHME B.V.),"Indinavir 400mg [Crixivan], capsules, 180 Caps",Indinavir,Crixivan,400mg,Capsule,180,36,1800.0,50.0,0.28,"MSD, Haarlem, NL",True,22.0,0.0,2.23
4874,52241,108-VN-T30,FPQ-7427,SCMS-105550,ASN-12036,Vietnam,PMO - US,Direct Drop,EXW,Air,2011-03-31,2011-04-14,2011-10-19,2011-10-19,2011-10-19,ARV,Adult,HETERO LABS LIMITED,"Tenofovir Disoproxil Fumarate 300mg, tablets, 30 Tabs",Tenofovir Disoproxil Fumarate,Generic,300mg,Tablet,30,10000,60000.0,6.0,0.2,Hetero Unit III Hyderabad IN,True,865.0,7878.43,99.0
4875,52244,107-RW-T30,FPQ-8741,SCMS-129750,ASN-14450,Rwanda,PMO - US,Direct Drop,CIP,Air,2011-11-30,2012-03-13,2012-05-23,2012-05-23,2012-05-23,ARV,Adult,CIPLA LIMITED,"Tenofovir Disoproxil Fumarate 300mg, tablets, 30 Tabs",Tenofovir Disoproxil Fumarate,Generic,300mg,Tablet,30,768,4369.92,5.69,0.19,"Cipla, Goa, India",True,55.0,393.29,6.13
4876,52258,104-CI-T30,FPQ-13629,SCMS-228920,ASN-29320,Côte d'Ivoire,PMO - US,Direct Drop,EXW,Air,2014-01-31,2014-03-03,2014-12-04,2014-12-04,2014-12-08,ARV,Adult,MYLAN LABORATORIES LTD (FORMERLY MATRIX LABORATORIES),"Atazanavir/Ritonavir 300/100mg, tablets, 30 Tabs",Atazanavir/Ritonavir,Generic,300/100mg,Tablet,30,2500,50000.0,20.0,0.67,Mylan (formerly Matrix) Nashik,True,343.0,3978.49,51.4
4877,52280,102-KE-T30,FPQ-4250,SCMS-55901,ASN-5639,Kenya,PMO - US,Direct Drop,EXW,Air,2009-09-16,2009-10-22,2010-01-11,2010-01-11,2010-01-11,HRDT,HIV test,"Trinity Biotech, Plc","HIV 1/2, Uni-Gold HIV Kit, 20 Tests","HIV 1/2, Uni-Gold HIV Kit",Uni-Gold,no_dosage,Test kit,20,1000,32000.0,32.0,1.6,"Trinity Biotech, Plc",True,347.0,4259.57,62.72
4878,52286,108-VN-T30,FPQ-7565,SCMS-107630,ASN-11362,Vietnam,PMO - US,Direct Drop,EXW,Air,2011-04-21,2011-05-02,2011-07-26,2011-07-26,2011-07-26,ARV,Adult,STRIDES ARCOLAB LIMITED,"Efavirenz 600mg, tablets, 30 Tabs",Efavirenz,Generic,600mg,Tablet,30,33000,135300.0,4.1,0.14,"Strides, Bangalore, India.",False,2498.5,4400.805,223.24
4879,52341,105-DO-T30,FPQ-11295,SCMS-172491,ASN-20972,Dominican Republic,PMO - US,Direct Drop,EXW,Air,2012-12-17,2013-01-11,2013-08-10,2013-08-10,2013-08-10,HRDT,HIV test,"Trinity Biotech, Plc","HIV 1/2, Uni-Gold HIV Kit, 20 Tests","HIV 1/2, Uni-Gold HIV Kit",Uni-Gold,no_dosage,Test kit,20,412,13184.0,32.0,1.6,"Trinity Biotech, Plc",True,123.0,1375.8,16.31
4880,52353,108-VN-T30,FPQ-11418,SCMS-176300,ASN-19787,Vietnam,PMO - US,Direct Drop,EXW,Air,2013-01-29,2013-02-06,2013-07-01,2013-07-01,2013-07-01,ARV,Adult,HETERO LABS LIMITED,"Lamivudine/Nevirapine/Zidovudine 150/200/300mg, tablets, 60 Tabs",Lamivudine/Nevirapine/Zidovudine,Generic,150/300/200mg,Tablet - FDC,60,6900,56649.0,8.21,0.14,Hetero Unit III Hyderabad IN,False,668.5,4400.805,70.07
4881,52354,110-ZM-T30,FPQ-14827,SCMS-256510,ASN-29092,Zambia,PMO - US,Direct Drop,EXW,Air,2014-08-19,2014-09-19,2015-03-11,2015-03-11,2015-03-31,HRDT,HIV test,"Orgenics, Ltd","HIV 1/2, Determine Complete HIV Kit, 100 Tests","HIV 1/2, Determine Complete HIV Kit",Determine,no_dosage,Test kit,100,1364,109120.0,80.0,0.8,"Alere Medical Co., Ltd.",True,553.0,7845.09,112.18
4882,52364,114-UG-T30,FPQ-14407,SCMS-244450,ASN-28699,Uganda,PMO - US,Direct Drop,FCA,Air,2014-06-11,2014-06-23,2014-11-06,2014-11-06,2014-11-07,ARV,Pediatric,ABBVIE LOGISTICS (FORMERLY ABBOTT LOGISTICS BV),"Lopinavir/Ritonavir 100/25mg [Aluvia], tablets, 60 Tabs",Lopinavir/Ritonavir,Generic,100/25mg,Tablet,60,724,4300.56,5.94,0.1,ABBVIE Ludwigshafen Germany,True,82.0,1042.36,4.42
4883,52367,901-GH-T30,FPQ-14101,SCMS-245410,ASN-28061,Ghana,PMO - US,Direct Drop,EXW,Ocean,2014-04-30,2014-07-08,2014-11-10,2014-11-10,2014-11-12,ARV,Adult,STRIDES ARCOLAB LIMITED,"Efavirenz 600mg, tablets, 30 Tabs",Efavirenz,Generic,600mg,Tablet,30,167716,535014.04,3.19,0.11,"Strides, Bangalore, India.",True,10803.0,24636.23,549.99
4884,52380,161-ZA-T30,FPQ-7400,SCMS-104220,ASN-12745,South Africa,PMO - US,Direct Drop,DDP,Ocean,2011-03-11,2011-03-30,2012-01-09,2012-01-09,2012-01-09,ARV,Pediatric,GLAXOSMITHKLINE EXPORT LIMITED,"Abacavir 20mg/ml [Ziagen], oral solution, Bottle, 240 ml",Abacavir,Ziagen,20mg/ml,Oral solution,240,17337,160887.36,9.28,0.04,GSK Mississauga (Canada),True,6680.0,3755.91,265.46
4885,52383,104-CI-T30,FPQ-12136,SCMS-188320,ASN-23834,Côte d'Ivoire,PMO - US,Direct Drop,EXW,Air,2013-04-18,2013-05-21,2014-01-31,2014-01-31,2014-02-03,HRDT,HIV test,"CHEMBIO DIAGNOSTIC SYSTEMS, INC.","HIV 1/2, Stat-Pak HIV, Kit, 20 Tests","HIV 1/2, Stat-Pak HIV, Kit",Stat-Pak,no_dosage,Test kit,20,1900,55100.0,29.0,1.45,Chembio Diagnostics Sys. Inc.,True,763.0,7153.63,68.16
4886,52388,116-ZA-T30,FPQ-14942,SCMS-259079,ASN-33851,South Africa,PMO - US,Direct Drop,DDP,Truck,2014-09-11,2014-10-09,2015-08-24,2015-08-24,2015-08-24,ARV,Adult,PHARMACY DIRECT,"Tenofovir Disoproxil Fumarate 300mg, tablets, 30 Tabs",Tenofovir Disoproxil Fumarate,Generic,300mg,Tablet,30,36,534.69,14.85,0.5,Mylan (formerly Matrix) Nashik,False,22.0,0.0,0.55
4887,52398,114-UG-T30,FPQ-12477,SCMS-198700,ASN-21821,Uganda,PMO - US,Direct Drop,EXW,Ocean,2013-07-08,2013-07-30,2013-11-08,2013-11-08,2013-11-13,ARV,Adult,STRIDES ARCOLAB LIMITED,"Efavirenz 600mg, tablets, 30 Tabs",Efavirenz,Generic,600mg,Tablet,30,71348,227600.12,3.19,0.11,"Strides, Bangalore, India.",True,4334.0,8144.11,281.54
4888,52436,101-CD-T30,FPQ-14100,SCMS-239410,ASN-26738,"Congo, DRC",PMO - US,Direct Drop,EXW,Air,2014-04-23,2014-05-20,2014-09-05,2014-09-05,2014-09-16,HRDT,HIV test,"Trinity Biotech, Plc","HIV 1/2, Uni-Gold HIV Kit, 20 Tests","HIV 1/2, Uni-Gold HIV Kit",Uni-Gold,no_dosage,Test kit,20,2,64.0,32.0,1.6,"Trinity Biotech, Plc",False,2.0,2346.5699999999997,0.07
4889,52460,107-RW-T30,FPQ-8365,SCMS-126470,ASN-13518,Rwanda,PMO - US,Direct Drop,FCA,Air,2011-10-26,2011-11-11,2012-01-27,2012-01-27,2012-01-27,ARV,Pediatric,ABBVIE LOGISTICS (FORMERLY ABBOTT LOGISTICS BV),"Lopinavir/Ritonavir 100/25mg [Aluvia], tablets, 60 Tabs",Lopinavir/Ritonavir,Generic,100/25mg,Tablet,60,1395,10755.45,7.71,0.13,ABBVIE Ludwigshafen Germany,True,188.0,3035.87,17.75
4890,52465,114-UG-T30,FPQ-12309,SCMS-192030,ASN-20922,Uganda,PMO - US,Direct Drop,EXW,Air,2013-05-17,2013-06-14,2013-08-16,2013-08-16,2013-08-16,ARV,Adult,MYLAN LABORATORIES LTD (FORMERLY MATRIX LABORATORIES),"Lamivudine/Nevirapine/Zidovudine 150/200/300mg, tablets, 60 Tabs",Lamivudine/Nevirapine/Zidovudine,Generic,150/300/200mg,Tablet - FDC,60,60678,491491.8,8.1,0.13,Mylan (formerly Matrix) Nashik,True,8402.0,28304.85,607.98
4891,52488,133-NG-T30,FPQ-14305,SCMS-240830,ASN-27469,Nigeria,PMO - US,Direct Drop,EXW,Air,2014-05-16,2014-06-02,2014-08-19,2014-09-09,2014-09-29,HRDT,HIV test,"Orgenics, Ltd","HIV 1/2, Determine Complete HIV Kit, 100 Tests","HIV 1/2, Determine Complete HIV Kit",Determine,no_dosage,Test kit,100,3154,280706.0,89.0,0.89,"Alere Medical Co., Ltd.",True,1279.0,19112.91,288.57
4892,52520,116-ZA-T30,FPQ-5630,SCMS-72760,ASN-7111,South Africa,PMO - US,Direct Drop,DDP,Truck,2010-04-30,2010-05-05,2010-05-12,2010-05-12,2010-05-12,ARV,Adult,S. BUYS WHOLESALER,"Emtricitabine/Tenofovir Disoproxil Fumarate 200/300mg [Truvada], tablets, 30 Tabs",Emtricitabine/Tenofovir Disoproxil Fumarate,Truvada,300/200mg,Tablet - FDC,30,200,9382.78,46.91,1.56,"Aspen-OSD, Port Elizabeth, SA",False,22.0,0.0,20.23
4893,52524,116-ZA-T30,FPQ-12522,SCMS-199283,ASN-27976,South Africa,PMO - US,Direct Drop,DDP,Truck,2013-07-11,2014-08-27,2014-08-27,2014-08-27,2014-08-27,ARV,Adult,S. BUYS WHOLESALER,"Didanosine 400mg, delayed-release capsules, 30 Caps",Didanosine,Generic,400mg,Delayed-release capsules,30,23,502.94,21.87,0.73,"Aurobindo Unit III, India",False,27.0,0.0,0.62
4894,52540,117-ET-T30,FPQ-6976,SCMS-98310,ASN-10666,Ethiopia,PMO - US,Direct Drop,EXW,Air,2011-01-13,2011-02-01,2011-05-04,2011-05-04,2011-05-04,ARV,Adult,Aurobindo Pharma Limited,"Didanosine 250mg, delayed-release capsules, 30 Caps",Didanosine,Generic,250mg,Delayed-release capsules,30,1625,21125.0,13.0,0.43,"Aurobindo Unit III, India",True,111.0,1206.62,34.86
4895,52541,108-VN-T30,FPQ-13976,SCMS-236050,ASN-27943,Vietnam,PMO - US,Direct Drop,EXW,Air,2014-04-08,2014-04-30,2014-10-30,2014-10-30,2014-11-04,ARV,Adult,MYLAN LABORATORIES LTD (FORMERLY MATRIX LABORATORIES),"Lamivudine/Nevirapine/Zidovudine 150/200/300mg, tablets, 60 Tabs",Lamivudine/Nevirapine/Zidovudine,Generic,150/300/200mg,Tablet - FDC,60,10000,81000.0,8.1,0.13,Mylan (formerly Matrix) Nashik,False,1097.5,4400.805,83.27
4896,52617,107-RW-T30,FPQ-8932,SCMS-129870,ASN-13476,Rwanda,PMO - US,Direct Drop,EXW,Air,2011-12-06,2011-12-13,2012-01-24,2012-01-24,2012-01-24,ARV,Adult,Aurobindo Pharma Limited,"Lamivudine/Tenofovir Disoproxil Fumarate 300/300mg, tablets, 30 Tabs",Lamivudine/Tenofovir Disoproxil Fumarate,Generic,300/300mg,Tablet - FDC,30,2800,14980.0,5.35,0.18,"Aurobindo Unit VII, IN",True,273.0,2964.49,21.0
4897,52629,104-CI-T30,FPQ-6252,SCMS-85440,ASN-8566,Côte d'Ivoire,PMO - US,Direct Drop,EXW,Air,2010-08-26,2010-09-16,2010-11-22,2010-11-22,2010-11-22,HRDT,HIV test,"Orgenics, Ltd","HIV 1/2, Determine HIV Kit, without Lancets, 100 Tests","HIV 1/2, Determine HIV Kit, without Lancets",Determine,no_dosage,Test kit,100,275,21367.5,77.7,0.78,Inverness Japan,True,64.0,2319.8,46.07
4898,52631,901-LR-T30,FPQ-8135,SCMS-118680,ASN-12405,Liberia,PMO - US,Direct Drop,EXW,Air,2011-08-04,2011-08-18,2011-10-20,2011-10-20,2011-10-20,HRDT,HIV test,"Standard Diagnostics, Inc.","HIV 1/2, Bioline 3.0 Kit, Lancets, Capillary pipets, Alcohol swabs included, 25 Tests","HIV 1/2, Bioline 3.0 Kit, Lancets, Capillary pipets, Alcohol swabs included",Bioline,no_dosage,Test kit,25,70,1400.0,20.0,0.8,"Standard Diagnostics, Korea",True,25.0,648.95,2.31
4899,52636,106-HT-T30,FPQ-12590,SCMS-210470,ASN-24370,Haiti,PMO - US,Direct Drop,EXW,Ocean,2013-08-21,2013-10-24,2014-05-09,2014-05-09,2014-05-12,ARV,Pediatric,Aurobindo Pharma Limited,"Nevirapine 10mg/ml, oral suspension w/syringe, Bottle, 240 ml",Nevirapine,Generic,10mg/ml,Oral suspension,240,2040,3080.4,1.51,0.01,"Aurobindo Unit III, India",True,820.0,2214.69,3.81
4900,52646,105-GY-T30,FPQ-8025,SCMS-116170,ASN-12905,Guyana,PMO - US,Direct Drop,FCA,Air,2011-07-11,2011-07-27,2011-11-30,2011-11-30,2011-11-30,ARV,Pediatric,ABBVIE LOGISTICS (FORMERLY ABBOTT LOGISTICS BV),"Lopinavir/Ritonavir 80/20mg/ml [Kaletra], oral solution, cool, Bottle 5 x 60 ml",Lopinavir/Ritonavir,Kaletra,80/20mg/ml,Oral solution,300,51,4192.2,82.2,0.27,ABBVIE (Abbott) Logis. UK,True,99.0,1454.81,6.92
4901,52670,116-ZA-T30,FPQ-12522,SCMS-199283,ASN-27980,South Africa,PMO - US,Direct Drop,DDP,Truck,2013-07-11,2014-08-27,2014-08-27,2014-08-27,2014-08-27,ARV,Pediatric,S. BUYS WHOLESALER,"Abacavir 20mg/ml, oral solution w/syringe, Bottle, 240 ml",Abacavir,Generic,20mg/ml,Oral solution,240,34,932.3,27.42,0.11,"Aurobindo Unit III, India",False,14.0,0.0,1.15
4902,52677,114-UG-T30,FPQ-13116,SCMS-212630,ASN-23223,Uganda,PMO - US,Direct Drop,EXW,Air,2013-10-23,2013-10-30,2014-03-04,2014-03-04,2014-03-05,ARV,Pediatric,ABBVIE LOGISTICS (FORMERLY ABBOTT LOGISTICS BV),"Lopinavir/Ritonavir 80/20mg/ml [Kaletra], oral solution, cool, Bottle 5 x 60 ml",Lopinavir/Ritonavir,Kaletra,80/20mg/ml,Oral solution,300,188,5794.16,30.82,0.1,ABBVIE (Abbott) Logis. UK,True,221.0,2553.06,5.96
4903,52687,133-NG-T30,FPQ-14305,SCMS-240830,ASN-27468,Nigeria,PMO - US,Direct Drop,EXW,Air,2014-05-16,2014-06-02,2014-08-19,2014-08-27,2014-09-04,HRDT,HIV test,"Orgenics, Ltd","HIV 1/2, Determine Complete HIV Kit, 100 Tests","HIV 1/2, Determine Complete HIV Kit",Determine,no_dosage,Test kit,100,6340,564260.0,89.0,0.89,"Alere Medical Co., Ltd.",True,2571.0,37297.95,580.06
4904,52704,114-UG-T30,FPQ-4373,SCMS-58250,ASN-6151,Uganda,PMO - US,Direct Drop,EXW,Air,2009-11-25,2009-12-02,2010-03-09,2010-03-09,2010-03-09,ARV,Pediatric,EMCURE PHARMACEUTICALS LTD,"Atazanavir 150mg, capsules, 60 Caps",Atazanavir,Generic,150mg,Capsule,60,384,10018.56,26.09,0.43,"Emcure Plot No.P-2, I.T-B.T. Park, Phase II, MIDC, Hinjwadi, Pune, India",True,40.0,990.07,19.64
4905,52706,108-VN-T30,FPQ-9001,SCMS-131690,ASN-14517,Vietnam,PMO - US,Direct Drop,EXW,Air,2011-12-15,2012-01-16,2012-05-16,2012-05-16,2012-05-16,ARV,Adult,MYLAN LABORATORIES LTD (FORMERLY MATRIX LABORATORIES),"Efavirenz/Lamivudine/Tenofovir Disoproxil Fumarate 600/300/300mg, tablets, 30 Tabs",Efavirenz/Lamivudine/Tenofovir Disoproxil Fumarate,Generic,600/300/300mg,Tablet - FDC,30,42392,597727.2,14.1,0.47,Mylan (formerly Matrix) Nashik,False,668.5,4400.805,838.01
4906,52710,116-ZA-T30,FPQ-13973,SCMS-238571,ASN-26885,South Africa,PMO - US,Direct Drop,DDP,Truck,2014-04-30,2014-06-26,2014-06-25,2014-06-25,2014-06-25,ARV,Pediatric,PHARMACY DIRECT,"Lopinavir/Ritonavir 80/20mg/ml [Kaletra], oral solution, cool, Bottle 5 x 60 ml",Lopinavir/Ritonavir,Kaletra,80/20mg/ml,Oral solution,300,2,44.13,22.06,0.07,ABBVIE (Abbott) Logis. UK,True,1.0,0.0,0.05
4907,52725,102-SD-T30,FPQ-6991,SCMS-100470,ASN-10241,Sudan,PMO - US,Direct Drop,EXW,Air,2011-02-05,2011-02-25,2011-04-23,2011-04-23,2011-04-23,HRDT,HIV test,"Trinity Biotech, Plc","HIV 1/2, Uni-Gold HIV Kit, 20 Tests","HIV 1/2, Uni-Gold HIV Kit",Uni-Gold,no_dosage,Test kit,20,132,4224.0,32.0,1.6,"Trinity Biotech, Plc",True,50.0,1595.38,6.97
4908,52736,105-GH-T30,FPQ-13872,SCMS-235800,ASN-26460,Ghana,PMO - US,Direct Drop,EXW,Air,2014-03-24,2014-04-23,2014-07-17,2014-07-17,2014-07-17,ARV,Adult,STRIDES ARCOLAB LIMITED,"Efavirenz 600mg, tablets, 30 Tabs",Efavirenz,Generic,600mg,Tablet,30,47716,152214.04,3.19,0.11,"Strides, Bangalore, India.",True,3077.0,22734.92,156.48
4909,52756,102-BI-T30,FPQ-9231,SCMS-141800,ASN-14660,Burundi,PMO - US,Direct Drop,EXW,Air,2012-02-17,2012-04-09,2012-06-05,2012-06-05,2012-06-05,HRDT,HIV test,"SHANGHAI KEHUA BIOENGINEERING CO.,LTD.  (KHB)","HIV 1/2, SKB Colloidal Gold, Diagnostic Kit, Antibody, 50 Tests","HIV 1/2, Colloidal Gold, Diagnostic Kit, Antibody",Colloidal Gold,no_dosage,Test kit,1,23,563.5,24.5,24.5,"KHB Test Kit Facility, Shanghai China",True,21.0,1327.6,0.79
4910,52793,105-GH-T30,FPQ-14667,SCMS-254770,ASN-30499,Ghana,PMO - US,Direct Drop,EXW,Air,2014-08-11,2014-09-25,2015-04-10,2015-04-10,2015-04-13,ARV,Pediatric,MYLAN LABORATORIES LTD (FORMERLY MATRIX LABORATORIES),"Lamivudine/Zidovudine 30/60mg, dispersible tablets, 60 Tabs",Lamivudine/Zidovudine,Generic,30/60mg,Chewable/dispersible tablet - FDC,60,11022,21933.78,1.99,0.03,"Mylan,  H-12 & H-13, India",True,1976.0,12580.0,22.55
4911,52795,110-ZM-T30,FPQ-9074,SCMS-134350,ASN-13766,Zambia,PMO - US,Direct Drop,EXW,Air,2011-12-22,2012-01-24,2012-03-05,2012-03-05,2012-03-05,ARV,Adult,Aurobindo Pharma Limited,"Emtricitabine/Tenofovir Disoproxil Fumarate 200/300mg, tablets, 30 Tabs",Emtricitabine/Tenofovir Disoproxil Fumarate,Generic,200/300mg,Tablet - FDC,30,100000,735000.0,7.35,0.24,"Aurobindo Unit III, India",True,9389.0,51294.87,1030.47
4912,52799,105-DO-T30,FPQ-7858,SCMS-117390,ASN-12265,Dominican Republic,PMO - US,Direct Drop,EXW,Air,2011-06-21,2011-08-04,2011-10-07,2011-10-07,2011-10-07,HRDT,HIV test,"Orgenics, Ltd","HIV 1/2, Determine Complete HIV Kit, 100 Tests","HIV 1/2, Determine Complete HIV Kit",Determine,no_dosage,Test kit,100,1000,92000.0,92.0,0.92,Inverness Japan,True,399.0,8776.57,151.8
4913,52803,116-ZA-T30,FPQ-14942,SCMS-259074,ASN-31070,South Africa,PMO - US,Direct Drop,DDP,Truck,2014-09-11,2015-03-09,2015-03-09,2015-03-09,2015-03-09,ARV,Pediatric,PHARMACY DIRECT,"Lamivudine 10mg/ml, oral solution, Bottle, 240 ml",Lamivudine,Generic,10mg/ml,Oral solution,240,4,20.67,5.17,0.02,"Aurobindo Unit III, India",False,78.0,0.0,0.02
4914,52837,133-NG-T30,FPQ-15504,SCMS-270771,ASN-32758,Nigeria,PMO - US,Direct Drop,EXW,Air,2014-12-08,2015-03-13,2015-06-30,2015-06-26,2015-07-02,HRDT,HIV test,"Orgenics, Ltd","HIV 1/2, Determine Complete HIV Kit, 100 Tests","HIV 1/2, Determine Complete HIV Kit",Determine,no_dosage,Test kit,100,4657,414473.0,89.0,0.89,"Alere Medical Co., Ltd.",True,2307.0,21672.24,487.83
4915,52853,116-ZA-T30,FPQ-14942,SCMS-259075,ASN-32137,South Africa,PMO - US,Direct Drop,DDP,Truck,2014-09-11,2015-05-11,2015-05-12,2015-05-12,2015-05-12,ARV,Pediatric,PHARMACY DIRECT,"Atazanavir 150mg [Reyataz], capsules, 60 Caps",Atazanavir,Reyataz,150mg,Capsule,60,9,143.1,15.9,0.26,"BMS Evansville, US",False,1.0,0.0,0.15
4916,52854,116-ZA-T30,FPQ-11828,SCMS-183950,ASN-19166,South Africa,South Africa Field Office,Direct Drop,DDP,Truck,2013-03-18,2012-10-16,2013-04-16,2013-04-16,2013-04-16,ARV,Pediatric,S. BUYS WHOLESALER,"Abacavir 20mg/ml [Ziagen], oral solution, Bottle, 240 ml",Abacavir,Ziagen,20mg/ml,Oral solution,240,91,2074.51,22.8,0.1,GSK Mississauga (Canada),False,668.5,0.0,2.57
4917,52856,108-VN-T30,FPQ-4265,SCMS-57140,ASN-6264,Vietnam,PMO - US,Direct Drop,EXW,Air,2009-10-20,2009-11-13,2010-03-17,2010-03-17,2010-03-17,ARV,Adult,Aurobindo Pharma Limited,"Stavudine 30mg, capsules, 60 Caps",Stavudine,Generic,30mg,Capsule,60,24612,35687.4,1.45,0.02,"Aurobindo Unit III, India",True,4762.0,17541.06,69.95
4918,52871,161-ZA-T30,FPQ-5303,SCMS-68980,ASN-7663,South Africa,PMO - US,Direct Drop,DDP,Air,2010-03-18,2010-03-19,2010-08-24,2010-09-20,2010-09-20,ARV,Adult,Aurobindo Pharma Limited,"Lamivudine 150mg, tablets, 60 Tabs",Lamivudine,Generic,150mg,Tablet,60,33711,85288.83,2.53,0.04,"Aurobindo Unit III, India",True,1810.0,2016.42,183.88
4919,52945,106-HT-T30,FPQ-11442,SCMS-177161,ASN-19232,Haiti,PMO - US,Direct Drop,EXW,Ocean,2013-01-30,2013-03-07,2013-07-25,2013-07-25,2013-07-25,ARV,Adult,HETERO LABS LIMITED,"Lamivudine/Nevirapine/Zidovudine 150/200/300mg, tablets, 60 Tabs",Lamivudine/Nevirapine/Zidovudine,Generic,150/300/200mg,Tablet - FDC,60,30096,247088.16,8.21,0.14,Hetero Unit III Hyderabad IN,True,4278.0,7567.99,305.65
4920,52963,901-CM-T30,FPQ-12837,SCMS-204300,ASN-21707,Cameroon,PMO - US,Direct Drop,EXW,Air,2013-08-19,2013-08-23,2013-11-07,2013-11-07,2013-11-08,ARV,Adult,Aurobindo Pharma Limited,"Lamivudine/Tenofovir Disoproxil Fumarate 300/300mg, tablets, 30 Tabs",Lamivudine/Tenofovir Disoproxil Fumarate,Generic,300/300mg,Tablet - FDC,30,32426,150780.9,4.65,0.16,"Aurobindo Unit VII, IN",True,3234.0,26980.59,186.52
4921,52973,116-ZA-T30,FPQ-14942,SCMS-259077,ASN-33477,South Africa,PMO - US,Direct Drop,DDP,Truck,2014-09-11,2014-10-09,2015-07-24,2015-07-24,2015-07-24,ARV,Adult,PHARMACY DIRECT,"Zidovudine 300mg, tablets, 60 Tabs",Zidovudine,Generic,300mg,Tablet,60,7,126.22,18.03,0.3,"Aurobindo Unit III, India",False,668.5,0.0,0.13
4922,52999,104-CI-T30,FPQ-5022,SCMS-64530,ASN-6101,Côte d'Ivoire,PMO - US,Direct Drop,EXW,Air,2010-02-02,2010-02-03,2010-03-05,2010-03-05,2010-03-05,ARV,Adult,Aurobindo Pharma Limited,"Abacavir/Lamivudine 600/300mg, scored tablets, 30 Tabs",Abacavir/Lamivudine,Generic,600/300mg,Tablet - FDC,30,1461,29950.5,20.5,0.68,"Aurobindo Unit III, India",True,154780.0,1664.12,64.57
4923,53002,107-RW-T30,FPQ-9910,SCMS-147040,ASN-15275,Rwanda,PMO - US,Direct Drop,EXW,Air,2012-05-16,2012-06-01,2012-06-29,2012-06-29,2012-06-29,ARV,Adult,Aurobindo Pharma Limited,"Didanosine 400mg, delayed-release capsules, 30 Caps",Didanosine,Generic,400mg,Delayed-release capsules,30,1467,29340.0,20.0,0.67,"Aurobindo Unit III, India",True,114.0,4822.01,41.13
4924,53064,102-KE-T30,FPQ-6406,SCMS-88211,ASN-9550,Kenya,PMO - US,Direct Drop,EXW,Air,2010-09-27,2010-11-22,2011-02-10,2011-02-10,2011-02-10,HRDT,HIV test,"Orgenics, Ltd","HIV 1/2, Determine Complete HIV Kit, 100 Tests","HIV 1/2, Determine Complete HIV Kit",Determine,no_dosage,Test kit,100,1,89.0,89.0,0.89,Inverness Japan,True,1370.0,14515.01,0.19
4925,53106,106-HT-T30,FPQ-11443,SCMS-180940,ASN-19819,Haiti,PMO - US,Direct Drop,EXW,Ocean,2013-02-07,2013-03-22,2013-09-02,2013-09-02,2013-09-02,ARV,Pediatric,Aurobindo Pharma Limited,"Abacavir/Lamivudine 60/30mg, tablets, 60 Tabs",Abacavir/Lamivudine,Generic,60/30mg,Tablet - FDC,60,1393,6407.8,4.6,0.08,"Aurobindo Unit III, India",False,668.5,7785.125,7.93
4926,53108,107-RW-T30,FPQ-13651,SCMS-227730,ASN-24931,Rwanda,PMO - US,Direct Drop,EXW,Air,2014-02-05,2014-02-28,2014-04-04,2014-04-04,2014-04-22,ARV,Pediatric,MICRO LABS LIMITED,"Efavirenz 50mg, capsule, 30 Caps",Efavirenz,Generic,50mg,Capsule,30,924,1755.6,1.9,0.06,"Micro labs, Verna, Goa, India",True,45.0,1411.52,1.8
4927,53226,109-TZ-T30,FPQ-6936,SCMS-100633,ASN-10902,Tanzania,PMO - US,Direct Drop,EXW,Air,2010-12-27,2011-05-02,2011-06-27,2011-06-27,2011-06-27,HRDT,HIV test,"Standard Diagnostics, Inc.","HIV 1/2, Bioline 3.0 Kit, Lancets, Capillary pipets, Alcohol swabs included, 25 Tests","HIV 1/2, Bioline 3.0 Kit, Lancets, Capillary pipets, Alcohol swabs included",Bioline,no_dosage,Test kit,25,10000,200000.0,20.0,0.8,"Standard Diagnostics, Korea",True,3334.0,23489.63,330.0
4928,53233,116-ZA-T30,FPQ-5535,SCMS-71370,ASN-7373,South Africa,PMO - US,Direct Drop,DDP,Truck,2010-04-19,2010-04-21,2010-05-31,2010-05-31,2010-05-31,ARV,Pediatric,S. BUYS WHOLESALER,"Didanosine 100mg [Videx],chewable tablets, 60 Tabs",Didanosine,Videx,100mg,Chewable/dispersible tablet,60,10,164.62,16.46,0.27,"BMS Meymac, France",False,38.0,0.0,0.35
4929,53234,104-CI-T30,FPQ-11294,SCMS-173131,ASN-19636,Côte d'Ivoire,PMO - US,Direct Drop,EXW,Air,2012-12-14,2013-01-15,2013-06-04,2013-06-04,2013-06-04,HRDT,HIV test,"Orgenics, Ltd","HIV 1/2, Determine Complete HIV Kit, 100 Tests","HIV 1/2, Determine Complete HIV Kit",Determine,no_dosage,Test kit,100,2945,235600.0,80.0,0.8,"Alere Medical Co., Ltd.",True,1280.0,125.42,291.44
4930,53254,116-ZA-T30,FPQ-12522,SCMS-199289,ASN-28033,South Africa,PMO - US,Direct Drop,DDP,Truck,2013-07-11,2014-08-29,2014-08-29,2014-08-29,2014-08-29,ARV,Pediatric,S. BUYS WHOLESALER,"Abacavir 20mg/ml, oral solution w/syringe, Bottle, 240 ml",Abacavir,Generic,20mg/ml,Oral solution,240,135,3650.16,27.04,0.11,"Aurobindo Unit III, India",False,168.0,0.0,4.52
4931,53272,133-NG-T30,FPQ-12812,SCMS-210330,ASN-23441,Nigeria,PMO - US,Direct Drop,EXW,Air,2013-08-13,2013-10-15,2014-01-24,2014-01-24,2014-02-05,HRDT,HIV test,"Trinity Biotech, Plc","HIV 1/2, Uni-Gold HIV Kit, 20 Tests","HIV 1/2, Uni-Gold HIV Kit",Uni-Gold,no_dosage,Test kit,20,31842,1018944.0,32.0,1.6,"Trinity Biotech, Plc",True,9312.0,77833.24,1260.43
4932,53281,109-TZ-T30,FPQ-7909,SCMS-115000,ASN-11742,Tanzania,PMO - US,Direct Drop,EXW,Air,2011-06-24,2011-07-14,2011-10-05,2011-10-05,2011-10-05,HRDT,HIV test,"Trinity Biotech, Plc","HIV 1/2, Uni-Gold HIV Kit, 20 Tests","HIV 1/2, Uni-Gold HIV Kit",Uni-Gold,no_dosage,Test kit,20,450,14400.0,32.0,1.6,"Trinity Biotech, Plc",True,149.0,2242.31,23.76
4933,53292,102-KE-T30,FPQ-6406,SCMS-88211,ASN-9548,Kenya,PMO - US,Direct Drop,EXW,Air,2010-09-27,2010-11-22,2011-02-10,2011-02-10,2011-02-10,HRDT,HIV test,"Orgenics, Ltd","HIV 1/2, Determine Complete HIV Kit, 100 Tests","HIV 1/2, Determine Complete HIV Kit",Determine,no_dosage,Test kit,100,2849,253561.0,89.0,0.89,Inverness Japan,True,783.0,9162.21,546.68
4934,53327,102-ML-T30,FPQ-13391,SCMS-221930,ASN-24507,Mali,PMO - US,Direct Drop,EXW,Air,2013-12-16,2014-01-22,2014-03-19,2014-03-19,2014-03-24,HRDT,HIV test,"Orgenics, Ltd","HIV 1/2, Determine Complete HIV Kit, 100 Tests","HIV 1/2, Determine Complete HIV Kit",Determine,no_dosage,Test kit,100,431,34480.0,80.0,0.8,"Alere Medical Co., Ltd.",True,186.0,5346.38,35.45
4935,53338,161-ZA-T30,FPQ-6262,SCMS-83830,ASN-8795,South Africa,PMO - US,Direct Drop,DDP,Ocean,2010-08-31,2010-09-24,2010-12-08,2010-12-08,2010-12-08,ARV,Adult,Aurobindo Pharma Limited,"Zidovudine 300mg, tablets, 60 Tabs",Zidovudine,Generic,300mg,Tablet,60,77143,565458.19,7.33,0.12,"Aurobindo Unit III, India",True,3894.0,3161.68,1219.13
4936,53349,102-GY-T30,FPQ-9180,SCMS-139650,ASN-15044,Guyana,PMO - US,Direct Drop,EXW,Air,2012-01-17,2012-04-09,2012-06-18,2012-06-18,2012-06-18,HRDT,HIV test,"Orgenics, Ltd","HIV 1/2, Determine Complete HIV Kit, 100 Tests","HIV 1/2, Determine Complete HIV Kit",Determine,no_dosage,Test kit,100,300,30000.0,100.0,1.0,"Alere Medical Co., Ltd.",True,137.0,3825.21,42.06
4937,53371,110-ZM-T30,FPQ-8315,SCMS-120582,ASN-15743,Zambia,PMO - US,Direct Drop,EXW,Air,2011-08-31,2011-09-19,2012-08-16,2012-08-16,2012-08-16,HRDT,HIV test,"Trinity Biotech, Plc","HIV 1/2, Uni-Gold HIV Kit, 20 Tests","HIV 1/2, Uni-Gold HIV Kit",Uni-Gold,no_dosage,Test kit,20,7280,232960.0,32.0,1.6,"Trinity Biotech, Plc",True,2391.0,25818.23,384.38
4938,53421,116-ZA-T30,FPQ-5535,SCMS-71370,ASN-7374,South Africa,PMO - US,Direct Drop,DDP,Truck,2010-04-19,2010-04-21,2010-06-04,2010-06-04,2010-06-04,ARV,Adult,S. BUYS WHOLESALER,"Stavudine 20mg [Zerit], capsules, 60 Caps",Stavudine,Zerit,20mg,Capsule,60,200,1213.75,6.07,0.1,"BMS Meymac, France",True,22.0,0.0,2.62
4939,53532,900-TZ-T30,FPQ-10396,SCMS-157661,ASN-17082,Tanzania,PMO - US,Direct Drop,EXW,Air,2012-07-31,2012-10-04,2012-12-07,2012-12-07,2012-12-07,HRDT,HIV test,"Orgenics, Ltd","HIV 1/2, Determine Complete HIV Kit, 100 Tests","HIV 1/2, Determine Complete HIV Kit",Determine,no_dosage,Test kit,100,2744,219520.0,80.0,0.8,"Alere Medical Co., Ltd.",True,1303.0,22223.95,307.77
4940,53556,109-TZ-T30,FPQ-12868,SCMS-205680,ASN-22152,Tanzania,PMO - US,Direct Drop,EXW,Air,2013-08-23,2013-09-09,2013-11-21,2013-11-21,2013-11-21,ARV,Adult,Aurobindo Pharma Limited,"Abacavir 300mg, tablets, 60 Tabs",Abacavir,Generic,300mg,Tablet,60,19000,216600.0,11.4,0.19,"Aurobindo Unit III, India",True,1909.0,9612.49,267.93
4941,53560,133-NG-T30,FPQ-12456,SCMS-196561,ASN-22346,Nigeria,PMO - US,Direct Drop,EXW,Air,2013-06-10,2013-07-10,2013-11-07,2013-11-08,2013-11-17,HRDT,HIV test,"Orgenics, Ltd","HIV 1/2, Determine Complete HIV Kit, 100 Tests","HIV 1/2, Determine Complete HIV Kit",Determine,no_dosage,Test kit,100,3038,270382.0,89.0,0.89,"Alere Medical Co., Ltd.",True,1234.0,21084.84,334.46
4942,53591,117-ET-T30,FPQ-9098,SCMS-133510,ASN-14558,Ethiopia,PMO - US,Direct Drop,EXW,Air,2012-01-10,2012-01-23,2012-04-25,2012-04-25,2012-04-25,HRDT,HIV test,"Trinity Biotech, Plc","HIV 1/2, Uni-Gold HIV Kit, 20 Tests","HIV 1/2, Uni-Gold HIV Kit",Uni-Gold,no_dosage,Test kit,20,165,5280.0,32.0,1.6,"Trinity Biotech, Plc",True,138.0,794.72,7.4
4943,53616,106-HT-T30,FPQ-11443,SCMS-180940,ASN-19819,Haiti,PMO - US,Direct Drop,EXW,Ocean,2013-02-07,2013-03-22,2013-09-02,2013-09-02,2013-09-02,ARV,Pediatric,Aurobindo Pharma Limited,"Lamivudine 10mg/ml, oral solution w/syringe, Bottle, 240 ml",Lamivudine,Generic,10mg/ml,Oral solution,240,1932,2762.76,1.43,0.01,"Aurobindo Unit III, India",False,668.5,7785.125,3.42
4944,53618,161-ZA-T30,FPQ-7175,SCMS-103480,ASN-12823,South Africa,PMO - US,Direct Drop,DDP,Ocean,2011-03-10,2011-03-24,2012-01-04,2012-01-04,2012-01-04,ARV,Adult,Aurobindo Pharma Limited,"Abacavir 300mg, tablets, 60 Tabs",Abacavir,Generic,300mg,Tablet,60,6155,91894.15,14.93,0.25,"Aurobindo Unit III, India",True,590.0,146.5,151.63
4945,53625,114-UG-T30,FPQ-8498,SCMS-126380,ASN-13697,Uganda,PMO - US,Direct Drop,CIP,Air,2011-10-18,2011-11-02,2012-02-14,2012-02-14,2012-02-14,ARV,Adult,MERCK SHARP & DOHME IDEA GMBH (FORMALLY MERCK SHARP & DOHME B.V.),"Raltegravir 400mg [Isentress], tablets, 60 Tabs",Raltegravir,Isentress,400mg,Tablet,60,231,21136.5,91.5,1.52,"MSD, Haarlem, NL",True,23.0,250.0,34.88
4946,53650,116-ZA-T30,FPQ-5630,SCMS-72760,ASN-7116,South Africa,PMO - US,Direct Drop,DDP,Truck,2010-04-30,2010-05-05,2010-05-14,2010-05-14,2010-05-14,ARV,Pediatric,S. BUYS WHOLESALER,"Abacavir 20mg/ml [Ziagen], oral solution, Bottle, 240 ml",Abacavir,Ziagen,20mg/ml,Oral solution,240,40,656.64,16.42,0.07,GSK Mississauga (Canada),True,56.5,0.0,1.42
4947,53659,110-ZM-T30,FPQ-11390,SCMS-173920,ASN-19076,Zambia,PMO - US,Direct Drop,EXW,Air,2013-01-08,2013-01-23,2013-06-05,2013-06-06,2013-06-06,HRDT,HIV test,"Orgenics, Ltd","HIV 1/2, Determine Complete HIV Kit, 100 Tests","HIV 1/2, Determine Complete HIV Kit",Determine,no_dosage,Test kit,100,2910,232800.0,80.0,0.8,"Alere Medical Co., Ltd.",True,2910.0,21684.99,287.97
4948,53665,104-CI-T30,FPQ-13629,SCMS-228900,ASN-25499,Côte d'Ivoire,PMO - US,Direct Drop,FCA,Air,2014-01-31,2014-03-03,2014-04-16,2014-04-16,2014-04-29,ARV,Pediatric,ABBVIE LOGISTICS (FORMERLY ABBOTT LOGISTICS BV),"Lopinavir/Ritonavir 80/20mg/ml [Kaletra], oral solution, cool, Bottle 5 x 60 ml",Lopinavir/Ritonavir,Kaletra,80/20mg/ml,Oral solution,300,600,18492.0,30.82,0.1,ABBVIE (Abbott) Logis. UK,True,554.0,5848.39,19.01
4949,53675,161-ZA-T30,FPQ-7175,SCMS-103810,ASN-12497,South Africa,PMO - US,Direct Drop,DDP,Ocean,2011-03-10,2011-03-28,2011-12-07,2011-12-07,2011-12-07,ARV,Pediatric,CIPLA LIMITED,"Lamivudine 10mg/ml, oral solution, Bottle, 240 ml",Lamivudine,Generic,10mg/ml,Oral solution,240,9960,20517.6,2.06,0.01,"Cipla, Goa, India",True,3670.0,9021.5,33.85
4950,53683,116-ZA-T30,FPQ-4359,SCMS-54980,ASN-5373,South Africa,PMO - US,Direct Drop,DDP,Truck,2009-10-08,2009-10-15,2009-10-19,2009-10-19,2009-10-19,ARV,Adult,S. BUYS WHOLESALER,"Didanosine EC 400mg [Videx EC], delayed-release capsules, Blister 3 x 10 Caps",Didanosine EC,Videx EC,400mg,Delayed-release capsules - blister,30,140,3996.98,28.55,0.95,"BMS Meymac, France",False,17.0,0.0,7.83
4951,53691,104-CI-T30,FPQ-13602,SCMS-228060,ASN-28330,Côte d'Ivoire,PMO - US,Direct Drop,EXW,Air,2014-01-22,2014-02-26,2014-10-07,2014-10-07,2014-10-09,HRDT,HIV test,"Orgenics, Ltd","HIV 1/2, Determine Complete HIV Kit, 100 Tests","HIV 1/2, Determine Complete HIV Kit",Determine,no_dosage,Test kit,100,1470,117600.0,80.0,0.8,"Alere Medical Co., Ltd.",True,595.0,7651.46,120.89
4952,53738,116-ZA-T30,FPQ-4770,SCMS-60170,ASN-5933,South Africa,PMO - US,Direct Drop,DDP,Truck,2009-12-17,2009-12-23,2009-12-29,2009-12-29,2009-12-29,ARV,Pediatric,S. BUYS WHOLESALER,"Zidovudine 10mg/ml [Retrovir], oral solution, Bottle, 200 ml",Zidovudine,Retrovir,10mg/ml,Oral solution,200,120,866.06,7.22,0.04,GSK Mississauga (Canada),False,22.0,0.0,1.87
4953,53759,108-VN-T30,FPQ-15087,SCMS-261440,ASN-30320,Vietnam,PMO - US,Direct Drop,EXW,Air,2014-10-24,2014-10-30,2015-03-10,2015-03-10,2015-03-10,ARV,Adult,HETERO LABS LIMITED,"Lamivudine 150mg, tablets, 60 Tabs",Lamivudine,Generic,150mg,Tablet,60,5600,10080.0,1.8,0.03,Hetero Unit III Hyderabad IN,True,606.0,1328.13,11.86
4954,53775,110-ZM-T30,FPQ-8315,SCMS-120570,ASN-13031,Zambia,PMO - US,Direct Drop,EXW,Air,2011-08-31,2011-09-22,2011-12-20,2011-12-20,2011-12-20,HRDT,HIV test,"Orgenics, Ltd","HIV 1/2, Determine Complete HIV Kit, 100 Tests","HIV 1/2, Determine Complete HIV Kit",Determine,no_dosage,Test kit,100,2884,230720.0,80.0,0.8,"Alere Medical Co., Ltd.",True,1374.0,25052.44,380.69
4955,53822,102-GY-T30,FPQ-5496,SCMS-71610,ASN-8225,Guyana,PMO - US,Direct Drop,EXW,Air,2010-04-15,2010-06-21,2010-10-06,2010-10-06,2010-10-06,HRDT,HIV test,"Trinity Biotech, Plc","HIV 1/2, Uni-Gold HIV Kit, 20 Tests","HIV 1/2, Uni-Gold HIV Kit",Uni-Gold,no_dosage,Test kit,20,1686,53952.0,32.0,1.6,"Trinity Biotech, Plc",True,564.0,5806.53,116.32
4956,53852,116-ZA-T30,FPQ-11828,SCMS-183950,ASN-19166,South Africa,South Africa Field Office,Direct Drop,DDP,Truck,2013-03-18,2012-10-16,2013-04-16,2013-04-16,2013-04-16,ARV,Pediatric,S. BUYS WHOLESALER,"Efavirenz 200mg, capsule, 90 Caps",Efavirenz,Generic,200mg,Capsule,90,545,13007.18,23.87,0.27,"Aurobindo Unit III, India",False,668.5,0.0,16.09
4957,53877,117-ET-T30,FPQ-7065,SCMS-98700,ASN-11275,Ethiopia,PMO - US,Direct Drop,EXW,Ocean,2011-01-26,2011-02-15,2011-09-21,2011-09-21,2011-09-21,ARV,Adult,Aurobindo Pharma Limited,"Lopinavir/Ritonavir 200/50mg, tablets, 120 Tabs",Lopinavir/Ritonavir,Generic,200/50mg,Tablet,120,13703,460420.8,33.6,0.28,"Aurobindo Unit III, India",True,3476.0,11729.82,759.69
4958,53878,101-CD-T30,FPQ-16001,SCMS-280210,ASN-31750,"Congo, DRC",PMO - US,Direct Drop,EXW,Air,2015-03-10,2015-03-16,2015-07-02,2015-07-02,2015-07-30,HRDT,HIV test,"Trinity Biotech, Plc","HIV 1/2, Uni-Gold HIV Kit, 20 Tests","HIV 1/2, Uni-Gold HIV Kit",Uni-Gold,no_dosage,Test kit,20,40,1280.0,32.0,1.6,"Trinity Biotech, Plc",False,14.0,2346.5699999999997,1.51
4959,53922,105-SS-T30,FPQ-15569,SCMS-272170,ASN-32108,South Sudan,PMO - US,Direct Drop,EXW,Air,2014-12-29,2015-02-20,2015-07-02,2015-07-07,2015-07-07,HRDT,HIV test - Ancillary,"Orgenics, Ltd","Chase Buffer, Determine, 100 Tests, 2.5ml x 1 Vial","Chase Buffer, Determine, 100 Tests, 2.5ml x 1 Vial",Determine,no_dosage,Test kit - Ancillary,1,15,75.0,5.0,5.0,"Alere Medical Co., Ltd.",True,5.0,2575.925,0.09
4960,53945,116-ZA-T30,FPQ-13214,SCMS-215410,ASN-23875,South Africa,PMO - US,Direct Drop,DDP,Truck,2013-11-14,2013-12-02,2014-01-13,2014-01-13,2014-01-13,ARV,Pediatric,S. BUYS WHOLESALER,"Abacavir 20mg/ml, oral solution w/syringe, Bottle, 240 ml",Abacavir,Generic,20mg/ml,Oral solution,240,446,10825.73,24.27,0.1,"Aurobindo Unit III, India",False,668.5,0.0,11.13
4961,53958,116-ZA-T30,FPQ-14942,SCMS-259071,ASN-29597,South Africa,PMO - US,Direct Drop,DDP,Truck,2014-09-11,2014-11-28,2014-11-28,2014-11-28,2014-11-28,ARV,Adult,PHARMACY DIRECT,"Emtricitabine/Tenofovir Disoproxil Fumarate 200/300mg, tablets, 30 Tabs",Emtricitabine/Tenofovir Disoproxil Fumarate,Generic,200/300mg,Tablet - FDC,30,11,240.14,21.83,0.73,"Aurobindo Unit III, India",False,17.0,0.0,0.25
4962,53971,800-LS-T30,FPQ-13954,SCMS-233580,ASN-25539,Lesotho,PMO - US,Direct Drop,EXW,Air,2014-03-24,2014-04-02,2014-05-07,2014-05-07,2014-05-09,HRDT,HIV test,"Trinity Biotech, Plc","HIV 1/2, Uni-Gold HIV Kit, 20 Tests","HIV 1/2, Uni-Gold HIV Kit",Uni-Gold,no_dosage,Test kit,20,2500,80000.0,32.0,1.6,"Trinity Biotech, Plc",True,851.0,587.63,82.24
4963,53981,116-ZA-T30,FPQ-11828,SCMS-183950,ASN-19166,South Africa,South Africa Field Office,Direct Drop,DDP,Truck,2013-03-18,2012-10-16,2013-04-16,2013-04-16,2013-04-16,ARV,Pediatric,S. BUYS WHOLESALER,"Abacavir 20mg/ml [Ziagen], oral solution, Bottle, 240 ml",Abacavir,Ziagen,20mg/ml,Oral solution,240,220,7811.75,35.51,0.15,GSK Mississauga (Canada),False,31.0,0.0,9.66
4964,53989,105-SS-T30,FPQ-12623,SCMS-200911,ASN-22749,South Sudan,PMO - US,Direct Drop,EXW,Air,2013-07-18,2013-08-05,2014-01-24,2014-01-24,2014-01-24,HRDT,HIV test,"Orgenics, Ltd","HIV 1/2, Determine Complete HIV Kit, 100 Tests","HIV 1/2, Determine Complete HIV Kit",Determine,no_dosage,Test kit,100,350,31150.0,89.0,0.89,"Alere Medical Co., Ltd.",False,174.5,2575.925,38.53
4965,53997,151-NG-T30,FPQ-9984,SCMS-150370,ASN-17272,Nigeria,PMO - US,Direct Drop,EXW,Air,2012-06-11,2012-06-26,2012-12-12,2012-12-12,2012-12-12,ARV,Adult,MYLAN LABORATORIES LTD (FORMERLY MATRIX LABORATORIES),"Atazanavir/Ritonavir 300/100mg, tablets, 30 Tabs",Atazanavir/Ritonavir,Generic,300/100mg,Tablet,30,37927,853357.5,22.5,0.75,Mylan (formerly Matrix) Nashik,True,5059.0,25732.17,1196.41
4966,54019,100-ZM-T30,FPQ-12546,SCMS-201860,ASN-21891,Zambia,PMO - US,Direct Drop,EXW,Ocean,2013-06-27,2013-08-19,2014-02-25,2014-02-25,2014-02-25,ARV,Adult,Aurobindo Pharma Limited,"Efavirenz/Emtricitabine/Tenofovir Disoproxil Fumarate 600/200/300mg, tablets, 30 Tabs",Efavirenz/Emtricitabine/Tenofovir Disoproxil Fumarate,Generic,600/200/300mg,Tablet - FDC,30,77654,916317.2,11.8,0.39,"Aurobindo Unit VII, IN",True,8725.0,54417.75,1133.48
4967,54035,106-HT-T30,FPQ-9621,SCMS-147150,ASN-16343,Haiti,PMO - US,Direct Drop,EXW,Air,2012-04-20,2012-08-03,2012-10-04,2012-10-04,2012-10-04,ARV,Adult,Aurobindo Pharma Limited,"Didanosine 400mg, delayed-release capsules, 30 Caps",Didanosine,Generic,400mg,Delayed-release capsules,30,48,960.0,20.0,0.67,"Aurobindo Unit III, India",True,4.0,970.79,1.35
4968,54045,108-VN-T30,FPQ-5094,SCMS-68700,ASN-7337,Vietnam,PMO - US,Direct Drop,FCA,Air,2010-03-15,2010-03-31,2010-08-02,2010-08-02,2010-08-02,ARV,Adult,ABBVIE LOGISTICS (FORMERLY ABBOTT LOGISTICS BV),"Ritonavir 100mg [Norvir], capsules, cool, 4 x 84 Caps",Ritonavir,Norvir,100mg,Capsule,336,20,6137.6,306.88,0.91,ABBVIE (Abbott) Logis. UK,True,57.0,5795.92,13.23
4969,54064,116-ZA-T30,FPQ-13035,SCMS-215370,ASN-24415,South Africa,PMO - US,Direct Drop,DDP,Truck,2013-10-08,2013-12-02,2014-02-06,2014-02-06,2014-02-06,ARV,Adult,S. BUYS WHOLESALER,"Abacavir 300mg, tablets, 60 Tabs",Abacavir,Generic,300mg,Tablet,60,94,6070.54,64.58,1.08,"Aurobindo Unit III, India",False,27.0,0.0,7.51
4970,54100,108-VN-T30,FPQ-15292,SCMS-268450,ASN-30674,Vietnam,PMO - US,Direct Drop,FCA,Air,2014-12-05,2014-12-18,2015-03-31,2015-03-31,2015-03-31,ARV,Adult,ABBVIE LOGISTICS (FORMERLY ABBOTT LOGISTICS BV),"Lopinavir/Ritonavir 200/50mg [Aluvia], tablets, 120 Tabs",Lopinavir/Ritonavir,Aluvia,200/50mg,Tablet,120,9000,547200.0,60.8,0.51,ABBVIE Ludwigshafen Germany,True,2235.0,5134.12,644.05
4971,54150,161-ZA-T30,FPQ-5303,SCMS-68860,ASN-6886,South Africa,PMO - US,Direct Drop,DDP,Air,2010-03-18,2010-03-19,2010-06-01,2010-06-04,2010-06-04,ARV,Adult,Aurobindo Pharma Limited,"Efavirenz 600mg, tablets, 30 Tabs",Efavirenz,Generic,600mg,Tablet,30,54000,252180.0,4.67,0.16,"Aurobindo Unit III, India",True,4568.0,6105.79,543.7
4972,54180,108-VN-T30,FPQ-4081,SCMS-51480,ASN-4802,Vietnam,PMO - US,Direct Drop,FCA,Air,2009-08-10,2009-08-12,2009-10-01,2009-10-01,2009-10-01,ARV,Adult,ABBVIE LOGISTICS (FORMERLY ABBOTT LOGISTICS BV),"Lopinavir/Ritonavir 200/50mg [Aluvia], tablets, 120 Tabs",Lopinavir/Ritonavir,Aluvia,200/50mg,Tablet,120,1400,115080.0,82.2,0.68,ABBVIE Ludwigshafen Germany,True,209.0,954.38,225.56
4973,54208,108-VN-T30,FPQ-9001,SCMS-131720,ASN-15177,Vietnam,PMO - US,Direct Drop,FCA,Air,2011-12-15,2012-01-13,2012-06-20,2012-06-20,2012-06-20,ARV,Pediatric,LAWRENCE LABORATORIES (SUBSIDIARY OF BRISTOL MYERS SQUIBB),"Didanosine 25mg [Videx], chewable tablets, 60 Tabs",Didanosine,Videx,25mg,Chewable/dispersible tablet,60,300,2100.0,7.0,0.12,Bristol-Myers Squibb Anagni IT,True,81.0,541.75,2.94
4974,54243,901-NA-T30,FPQ-14728,SCMS-252620,ASN-27961,Namibia,PMO - US,Direct Drop,EXW,Air,2014-07-30,2014-08-19,2014-09-29,2014-09-29,2014-09-30,ARV,Adult,MYLAN LABORATORIES LTD (FORMERLY MATRIX LABORATORIES),"Efavirenz/Emtricitabine/Tenofovir Disoproxil Fumarate 600/200/300mg, tablets, 30 Tabs",Efavirenz/Emtricitabine/Tenofovir Disoproxil Fumarate,Generic,600/200/300mg,Tablet - FDC,30,36000,378000.0,10.5,0.35,"Mylan,  H-12 & H-13, India",True,4171.0,20371.77,388.58
4975,54246,116-ZA-T30,FPQ-11828,SCMS-183950,ASN-19166,South Africa,South Africa Field Office,Direct Drop,DDP,Truck,2013-03-18,2012-10-16,2013-04-16,2013-04-16,2013-04-16,ARV,Adult,S. BUYS WHOLESALER,"Zidovudine 300mg, tablets, 60 Tabs",Zidovudine,Generic,300mg,Tablet,60,53,1337.93,25.24,0.42,"Aurobindo Unit III, India",False,368.0,0.0,1.66
4976,54248,161-ZA-T30,FPQ-6262,SCMS-91340,ASN-10011,South Africa,PMO - US,Direct Drop,DDP,Air,2010-08-31,2010-11-19,2011-02-09,2011-03-17,2011-03-17,ARV,Pediatric,ASPEN PHARMACARE,"Abacavir 20mg/ml [Ziagen], oral solution, Bottle, 240 ml",Abacavir,Ziagen,20mg/ml,Oral solution,240,12000,120240.0,10.02,0.04,GSK Mississauga (Canada),True,1005.0,12474.06,259.24
4977,54251,105-GY-T30,FPQ-10268,SCMS-154470,ASN-16561,Guyana,PMO - US,Direct Drop,EXW,Air,2012-07-16,2012-07-27,2012-10-19,2012-10-19,2012-10-19,ARV,Adult,Aurobindo Pharma Limited,"Lopinavir/Ritonavir 200/50mg, tablets, 120 Tabs",Lopinavir/Ritonavir,Generic,200/50mg,Tablet,120,954,22896.0,24.0,0.2,"Aurobindo Unit III, India",True,243.0,2492.47,32.1
4978,54265,109-TZ-T30,FPQ-6795,SCMS-103290,ASN-10811,Tanzania,PMO - US,Direct Drop,FCA,Air,2011-01-27,2011-04-14,2011-06-27,2011-06-27,2011-06-27,ARV,Adult,LAWRENCE LABORATORIES (SUBSIDIARY OF BRISTOL MYERS SQUIBB),"Didanosine EC 400mg [Videx EC], delayed-release capsules, Blister 3 x 10 Caps",Didanosine EC,Videx EC,400mg,Delayed-release capsules - blister,30,772,18273.24,23.67,0.79,Bristol-Myers Squibb Anagni IT,False,668.5,8925.0,30.15
4979,54271,106-HT-T30,FPQ-6485,SCMS-89560,ASN-9086,Haiti,PMO - US,Direct Drop,EXW,Air,2010-10-07,2010-11-01,2010-12-21,2010-12-21,2010-12-21,HRDT,HIV test,"Orgenics, Ltd","HIV 1/2, Determine HIV Kit, without Lancets, 100 Tests","HIV 1/2, Determine HIV Kit, without Lancets",Determine,no_dosage,Test kit,100,2500,244200.0,97.68,0.98,Inverness Japan,True,568.0,5631.87,526.5
4980,54280,104-CI-T30,FPQ-15618,SCMS-272190,ASN-31869,Côte d'Ivoire,PMO - US,Direct Drop,EXW,Air,2014-12-17,2015-03-13,2015-05-20,2015-05-20,2015-05-20,HRDT,HIV test,"Orgenics, Ltd","HIV 1/2, Determine Complete HIV Kit, 100 Tests","HIV 1/2, Determine Complete HIV Kit",Determine,no_dosage,Test kit,100,5750,460000.0,80.0,0.8,"Alere Medical Co., Ltd.",True,3374.0,24821.13,541.42
4981,54296,161-ZA-T30,FPQ-5648,SCMS-75750,ASN-9197,South Africa,PMO - US,Direct Drop,DDP,Ocean,2010-06-02,2010-06-17,2011-02-01,2011-02-01,2011-02-01,ARV,Adult,Aurobindo Pharma Limited,"Efavirenz 600mg, tablets, 30 Tabs",Efavirenz,Generic,600mg,Tablet,30,32083,144694.33,4.51,0.15,"Aurobindo Unit III, India",True,2808.0,630.5,311.96
4982,54304,111-MZ-T30,FPQ-10606,SCMS-162150,ASN-16937,Mozambique,PMO - US,Direct Drop,EXW,Air,2012-09-12,2012-10-10,2012-12-24,2012-12-24,2012-12-24,HRDT,HIV test,"Trinity Biotech, Plc","HIV 1/2, Uni-Gold HIV Kit, 20 Tests","HIV 1/2, Uni-Gold HIV Kit",Uni-Gold,no_dosage,Test kit,20,23,736.0,32.0,1.6,"Trinity Biotech, Plc",True,8.0,558.46,1.03
4983,54312,116-ZA-T30,FPQ-12522,SCMS-199283,ASN-27978,South Africa,PMO - US,Direct Drop,DDP,Truck,2013-07-11,2014-08-27,2014-08-27,2014-08-27,2014-08-27,ARV,Adult,S. BUYS WHOLESALER,"Emtricitabine/Tenofovir Disoproxil Fumarate 200/300mg, tablets, 30 Tabs",Emtricitabine/Tenofovir Disoproxil Fumarate,Generic,200/300mg,Tablet - FDC,30,14,472.13,33.72,1.12,"Aurobindo Unit III, India",False,38.5,0.0,0.58
4984,54348,109-TZ-T30,FPQ-10619,SCMS-161830,ASN-17463,Tanzania,PMO - US,Direct Drop,EXW,Air,2012-09-13,2012-10-04,2012-12-31,2012-12-31,2012-12-31,HRDT,HIV test,"Orgenics, Ltd","HIV 1/2, Determine Complete HIV Kit, 100 Tests","HIV 1/2, Determine Complete HIV Kit",Determine,no_dosage,Test kit,100,1568,125440.0,80.0,0.8,"Alere Medical Co., Ltd.",True,678.0,12950.74,175.87
4985,54385,116-ZA-T30,FPQ-14942,SCMS-259079,ASN-33851,South Africa,PMO - US,Direct Drop,DDP,Truck,2014-09-11,2014-10-09,2015-08-24,2015-08-24,2015-08-24,ARV,Pediatric,PHARMACY DIRECT,"Efavirenz 200mg, capsule, 90 Caps",Efavirenz,Generic,200mg,Capsule,90,47,857.74,18.25,0.2,"Aurobindo Unit III, India",False,668.5,0.0,0.88
4986,54440,161-ZA-T30,FPQ-5303,SCMS-68750,ASN-8175,South Africa,PMO - US,Direct Drop,DDP,Air,2010-03-18,2010-03-19,2010-10-13,2010-10-13,2010-10-13,ARV,Adult,CIPLA LIMITED,"Tenofovir Disoproxil Fumarate 300mg, tablets, 30 Tabs",Tenofovir Disoproxil Fumarate,Generic,300mg,Tablet,30,72558,567403.56,7.82,0.26,"Cipla, Goa, India",True,4942.0,3646.13,1223.32
4987,54461,107-RW-T30,FPQ-8365,SCMS-126490,ASN-14125,Rwanda,PMO - US,Direct Drop,EXW,Air,2011-10-26,2011-11-09,2012-03-30,2012-03-30,2012-03-30,ARV,Adult,Aurobindo Pharma Limited,"Didanosine 250mg, delayed-release capsules, 30 Caps",Didanosine,Generic,250mg,Delayed-release capsules,30,754,9802.0,13.0,0.43,"Aurobindo Unit III, India",False,668.5,5865.805,16.17
4988,54465,111-MZ-T30,FPQ-10880,SCMS-164000,ASN-18531,Mozambique,PMO - US,Direct Drop,EXW,Air,2012-10-18,2012-11-06,2013-03-20,2013-03-20,2013-03-20,HRDT,HIV test,"Orgenics, Ltd","HIV 1/2, Determine Complete HIV Kit, 100 Tests","HIV 1/2, Determine Complete HIV Kit",Determine,no_dosage,Test kit,100,2928,234240.0,80.0,0.8,"Alere Medical Co., Ltd.",True,1325.0,13303.36,289.75
4989,54471,151-NG-T30,FPQ-14780,SCMS-254170,ASN-32901,Nigeria,PMO - US,Direct Drop,EXW,Air,2014-08-13,2014-08-29,2015-08-05,2015-08-05,2015-08-10,ARV,Adult,EMCURE PHARMACEUTICALS LTD,"Atazanavir/Ritonavir 300/100mg, tablets, 30 Tabs",Atazanavir/Ritonavir,Generic,300/100mg,Tablet,30,11440,205920.0,18.0,0.6,"Emcure Plot No.P-2, I.T-B.T. Park, Phase II, MIDC, Hinjwadi, Pune, India",True,668.5,10144.765,211.69
4990,54487,111-MZ-T30,FPQ-13093,SCMS-211561,ASN-25197,Mozambique,PMO - US,Direct Drop,EXW,Air,2013-10-15,2013-11-13,2014-05-02,2014-05-30,2014-05-30,HRDT,HIV test,"Orgenics, Ltd","HIV 1/2, Determine Complete HIV Kit, 100 Tests","HIV 1/2, Determine Complete HIV Kit",Determine,no_dosage,Test kit,100,5102,408160.0,80.0,0.8,"Alere Medical Co., Ltd.",True,3543.0,13789.73,419.59
4991,54501,109-TZ-T30,FPQ-13675,SCMS-225870,ASN-25988,Tanzania,PMO - US,Direct Drop,EXW,Air,2014-02-03,2014-03-05,2014-07-15,2014-07-15,2014-08-12,HRDT,HIV test,"Orgenics, Ltd","HIV 1/2, Determine Complete HIV Kit, 100 Tests","HIV 1/2, Determine Complete HIV Kit",Determine,no_dosage,Test kit,100,350,28000.0,80.0,0.8,"Alere Medical Co., Ltd.",True,144.0,2631.39,28.78
4992,54513,116-ZA-T30,FPQ-4770,SCMS-60170,ASN-5934,South Africa,PMO - US,Direct Drop,DDP,Truck,2009-12-17,2009-12-23,2009-12-28,2009-12-28,2009-12-28,ARV,Adult,S. BUYS WHOLESALER,"Lamivudine 150mg [Epivir], tablets, 60 Tabs",Lamivudine,Epivir,150mg,Tablet,60,3200,19098.79,5.97,0.1,GSK Cape Town Factory (South Africa),False,430.0,0.0,41.18
4993,54529,116-ZA-T30,FPQ-15269,SCMS-267020,ASN-29764,South Africa,PMO - US,Direct Drop,DDP,Truck,2014-10-29,2014-12-10,2014-12-10,2014-12-10,2014-12-10,ARV,Pediatric,S. BUYS WHOLESALER,"Efavirenz 200mg, capsule, 90 Caps",Efavirenz,Generic,200mg,Capsule,90,77,1608.43,20.89,0.23,"Aurobindo Unit III, India",False,668.5,0.0,1.89
4994,54536,151-NG-T30,FPQ-4574,SCMS-59990,ASN-6679,Nigeria,PMO - US,Direct Drop,FCA,Air,2009-11-19,2009-12-22,2010-05-21,2010-05-21,2010-05-21,ARV,Adult,Hoffmann-La Roche ltd Basel,"Saquinavir 200mg [Invirase], capsules, 270 Caps",Saquinavir,Invirase,200mg,Capsule,270,11,1062.3,96.57,0.36,Roche Basel,True,6.0,2502.05,2.29
4995,54542,108-VN-T30,FPQ-13524,SCMS-226200,ASN-25786,Vietnam,PMO - US,Direct Drop,EXW,Air,2014-02-06,2014-03-10,2014-06-06,2014-06-06,2014-06-07,ARV,Adult,Aurobindo Pharma Limited,"Nevirapine 200mg, tablets, 60 Tabs",Nevirapine,Generic,200mg,Tablet,60,6600,14850.0,2.25,0.04,"Aurobindo Unit III, India",True,657.0,1192.25,15.27
4996,54545,161-ZA-T30,FPQ-5303,SCMS-68950,ASN-7077,South Africa,PMO - US,Direct Drop,DDP,Air,2010-03-18,2010-03-19,2010-06-09,2010-06-09,2010-06-09,ARV,Adult,Aurobindo Pharma Limited,"Nevirapine 200mg, tablets, 60 Tabs",Nevirapine,Generic,200mg,Tablet,60,38400,112128.0,2.92,0.05,"Aurobindo Unit III, India",True,4528.0,6369.79,241.75
4997,54562,102-KE-T30,FPQ-6116,SCMS-80830,ASN-7826,Kenya,PMO - US,Direct Drop,EXW,Air,2010-07-23,2010-08-04,2010-09-20,2010-09-20,2010-09-20,HRDT,HIV test,"Trinity Biotech, Plc","HIV 1/2, Uni-Gold HIV Kit, 20 Tests","HIV 1/2, Uni-Gold HIV Kit",Uni-Gold,no_dosage,Test kit,20,1515,48480.0,32.0,1.6,"Trinity Biotech, Plc",True,518.0,4851.0,104.52
4998,54579,116-ZA-T30,FPQ-11828,SCMS-183950,ASN-19166,South Africa,South Africa Field Office,Direct Drop,DDP,Truck,2013-03-18,2012-10-16,2013-04-16,2013-04-16,2013-04-16,ARV,Adult,S. BUYS WHOLESALER,"Lamivudine 150mg [Epivir], tablets, 60 Tabs",Lamivudine,Epivir,150mg,Tablet,60,1021,7656.67,7.5,0.12,GSK Ware (UK),False,1013.0,0.0,9.47
4999,54635,104-CI-T30,FPQ-8366,SCMS-124290,ASN-13788,Côte d'Ivoire,PMO - US,Direct Drop,EXW,Air,2011-09-05,2011-10-10,2012-03-09,2012-03-09,2012-03-09,ARV,Adult,MYLAN LABORATORIES LTD (FORMERLY MATRIX LABORATORIES),"Abacavir/Lamivudine/Zidovudine 300/150/300mg, tablets, 60 Tabs",Abacavir/Lamivudine/Zidovudine,Generic,300/150/300mg,Tablet - FDC,60,2080,58240.0,28.0,0.47,Mylan (formerly Matrix) Nashik,True,316.0,3095.28,96.1
5000,54661,102-MW-T30,FPQ-12745,SCMS-203140,ASN-22167,Malawi,PMO - US,Direct Drop,EXW,Air,2013-08-01,2013-09-04,2013-10-30,2013-10-30,2013-11-14,HRDT,HIV test,"Orgenics, Ltd","HIV 1/2, Determine Complete HIV Kit, 100 Tests","HIV 1/2, Determine Complete HIV Kit",Determine,no_dosage,Test kit,100,260,20800.0,80.0,0.8,"Alere Medical Co., Ltd.",True,109.0,2384.79,25.73
5001,54666,114-UG-T30,FPQ-12855,SCMS-203960,ASN-24026,Uganda,PMO - US,Direct Drop,CIP,Air,2013-08-19,2013-08-22,2014-01-22,2014-01-22,2014-02-21,ARV,Adult,MYLAN LABORATORIES LTD (FORMERLY MATRIX LABORATORIES),"Abacavir/Lamivudine 600/300mg, tablets, 30 Tabs",Abacavir/Lamivudine,Generic,600/300mg,Tablet - FDC,30,8215,110820.35,13.49,0.45,Mylan (formerly Matrix) Nashik,True,805.0,1003.18,137.08
5002,54676,161-ZA-T30,FPQ-5303,SCMS-68950,ASN-7101,South Africa,PMO - US,Direct Drop,DDP,Air,2010-03-18,2010-03-19,2010-06-11,2010-06-11,2010-06-11,ARV,Adult,Aurobindo Pharma Limited,"Lamivudine 150mg, tablets, 60 Tabs",Lamivudine,Generic,150mg,Tablet,60,67120,169813.6,2.53,0.04,"Aurobindo Unit III, India",True,3230.0,4116.81,366.12
5003,54679,101-KE-T30,FPQ-10314,SCMS-153910,ASN-17658,Kenya,PMO - US,Direct Drop,CIP,Air,2012-07-12,2012-11-06,2013-02-28,2013-02-28,2013-02-28,HRDT,HIV test,"Orgenics, Ltd","HIV 1/2, Determine Complete HIV Kit, 100 Tests","HIV 1/2, Determine Complete HIV Kit",Determine,no_dosage,Test kit,100,7435,661715.0,89.0,0.89,"Alere Medical Co., Ltd.",True,1479.0,91.67,927.72
5004,54729,133-NG-T30,FPQ-12812,SCMS-210350,ASN-22886,Nigeria,PMO - US,Direct Drop,EXW,Air,2013-08-13,2013-11-01,2013-12-23,2013-12-10,2013-12-16,HRDT,HIV test,"Orgenics, Ltd","HIV 1/2, Determine Complete HIV Kit, 100 Tests","HIV 1/2, Determine Complete HIV Kit",Determine,no_dosage,Test kit,100,5983,532487.0,89.0,0.89,"Alere Medical Co., Ltd.",True,2425.0,39069.63,658.69
5005,54744,108-VN-T30,FPQ-12051,SCMS-188680,ASN-20555,Vietnam,PMO - US,Direct Drop,EXW,Air,2013-05-03,2013-05-17,2013-09-03,2013-09-03,2013-09-03,ARV,Adult,Aurobindo Pharma Limited,"Nevirapine 200mg, tablets, 60 Tabs",Nevirapine,Generic,200mg,Tablet,60,4000,9000.0,2.25,0.04,"Aurobindo Unit III, India",False,810.0,4400.805,11.13
5006,54753,116-ZA-T30,FPQ-11828,SCMS-183950,ASN-19166,South Africa,South Africa Field Office,Direct Drop,DDP,Truck,2013-03-18,2012-10-16,2013-04-16,2013-04-16,2013-04-16,ARV,Pediatric,S. BUYS WHOLESALER,"Efavirenz 50mg, capsule, 30 Caps",Efavirenz,Generic,50mg,Capsule,30,131,398.4,3.04,0.1,"Aurobindo Unit III, India",False,668.5,0.0,0.49
5007,54755,200-ZW-T30,FPQ-6488,SCMS-90710,ASN-12598,Zimbabwe,PMO - US,Direct Drop,FCA,Air,2010-10-26,2010-11-10,2011-11-21,2011-11-21,2011-11-21,ARV,Pediatric,ABBVIE LOGISTICS (FORMERLY ABBOTT LOGISTICS BV),"Lopinavir/Ritonavir 100/25mg [Aluvia], tablets, 60 Tabs",Lopinavir/Ritonavir,Generic,100/25mg,Tablet,60,5625,43368.75,7.71,0.13,ABBVIE Ludwigshafen Germany,True,665.0,7549.41,93.5
5008,54770,116-ZA-T30,FPQ-13214,SCMS-215410,ASN-23875,South Africa,PMO - US,Direct Drop,DDP,Truck,2013-11-14,2013-12-02,2014-01-13,2014-01-13,2014-01-13,ARV,Adult,S. BUYS WHOLESALER,"Lopinavir/Ritonavir 200/50mg [Aluvia], tablets, 120 Tabs",Lopinavir/Ritonavir,Aluvia,200/50mg,Tablet,120,133,3075.65,23.13,0.19,ABBVIE Ludwigshafen Germany,False,668.5,0.0,3.16
5009,54780,106-HT-T30,FPQ-4034,SCMS-51230,ASN-4995,Haiti,PMO - US,Direct Drop,EXW,Air,2009-07-29,2009-09-01,2009-10-07,2009-10-07,2009-10-07,HRDT,HIV test,Orasure Technologies Inc.,"HIV 1/2, OraQuick Advance HIV Rapid Antibody Kit, 100 Tests","HIV 1/2, OraQuick Advance HIV Rapid Antibody Kit",OraQuick,no_dosage,Test kit,100,200,70000.0,350.0,3.5,"Pacific Biotech, Thailand",True,480.0,9334.68,137.2
5010,54781,151-NG-T30,FPQ-16312,SCMS-287720,ASN-32933,Nigeria,PMO - US,Direct Drop,FCA,Air,2015-05-04,2015-05-07,2015-07-07,2015-07-07,2015-07-07,ARV,Pediatric,ABBVIE LOGISTICS (FORMERLY ABBOTT LOGISTICS BV),"Lopinavir/Ritonavir 100/25mg [Aluvia], tablets, 60 Tabs",Lopinavir/Ritonavir,Generic,100/25mg,Tablet,60,2890,17166.6,5.94,0.1,ABBVIE Ludwigshafen Germany,True,168.0,10144.765,20.21
5011,54792,107-RW-T30,FPQ-15065,SCMS-263330,ASN-30488,Rwanda,PMO - US,Direct Drop,EXW,Air,2014-10-15,2014-12-18,2015-02-18,2015-02-18,2015-02-19,HRDT,HIV test,"SHANGHAI KEHUA BIOENGINEERING CO.,LTD.  (KHB)","HIV 1/2, SKB Colloidal Gold, Diagnostic Kit, Antibody, 50 Tests","HIV 1/2, Colloidal Gold, Diagnostic Kit, Antibody",Colloidal Gold,no_dosage,Test kit,1,4099,100425.5,24.5,24.5,"KHB Test Kit Facility, Shanghai China",True,2733.0,36060.0,103.24
5012,54827,116-ZA-T30,FPQ-14942,SCMS-259075,ASN-32138,South Africa,PMO - US,Direct Drop,DDP,Truck,2014-09-11,2015-05-11,2015-05-12,2015-05-12,2015-05-12,ARV,Pediatric,PHARMACY DIRECT,"Efavirenz 50mg, capsule, 30 Caps",Efavirenz,Generic,50mg,Capsule,30,3,6.49,2.16,0.07,"Aurobindo Unit III, India",False,1.0,0.0,0.01
5013,54828,107-RW-T30,FPQ-9168,SCMS-137551,ASN-15765,Rwanda,PMO - US,Direct Drop,EXW,Air,2012-01-13,2012-05-31,2012-08-16,2012-08-16,2012-08-16,ARV,Adult,MYLAN LABORATORIES LTD (FORMERLY MATRIX LABORATORIES),"Lamivudine/Tenofovir Disoproxil Fumarate 300/300mg, tablets, 30 Tabs",Lamivudine/Tenofovir Disoproxil Fumarate,Generic,300/300mg,Tablet - FDC,30,131704,683543.76,5.19,0.17,Mylan (formerly Matrix) Nashik,True,10818.0,119695.66,958.33
5014,54829,108-VN-T30,FPQ-10287,SCMS-156160,ASN-16915,Vietnam,PMO - US,Direct Drop,EXW,Air,2012-07-25,2012-08-15,2012-11-15,2012-11-15,2012-11-15,ARV,Adult,CIPLA LIMITED,"Zidovudine 300mg, tablets, 60 Tabs",Zidovudine,Generic,300mg,Tablet,60,1475,9735.0,6.6,0.11,"Cipla, Goa, India",True,96.0,678.83,13.65
5015,54840,133-NG-T30,FPQ-10765,SCMS-162440,ASN-17524,Nigeria,PMO - US,Direct Drop,EXW,Air,2012-10-05,2012-10-16,2013-01-09,2013-01-08,2013-01-08,HRDT,HIV test,"Orgenics, Ltd","HIV 1/2, Determine Complete HIV Kit, 100 Tests","HIV 1/2, Determine Complete HIV Kit",Determine,no_dosage,Test kit,100,2744,244216.0,89.0,0.89,"Alere Medical Co., Ltd.",True,1186.0,24927.19,342.39
5016,54934,116-ZA-T30,FPQ-14942,SCMS-259079,ASN-33851,South Africa,PMO - US,Direct Drop,DDP,Truck,2014-09-11,2014-10-09,2015-08-24,2015-08-24,2015-08-24,ARV,Adult,PHARMACY DIRECT,"Didanosine 250mg, delayed-release capsules, 30 Caps",Didanosine,Generic,250mg,Delayed-release capsules,30,6,71.03,11.84,0.39,"Aurobindo Unit III, India",False,9.0,0.0,0.07
5017,54952,117-ET-T30,FPQ-5582,SCMS-72370,ASN-6930,Ethiopia,PMO - US,Direct Drop,EXW,Air,2010-04-28,2010-04-29,2010-05-21,2010-05-21,2010-05-21,ARV,Adult,Aurobindo Pharma Limited,"Didanosine 250mg, delayed-release capsules, 30 Caps",Didanosine,Generic,250mg,Delayed-release capsules,30,3000,39000.0,13.0,0.43,"Aurobindo Unit III, India",True,201.0,1120.57,84.08
5018,54955,116-ZA-T30,FPQ-5630,SCMS-72760,ASN-7111,South Africa,PMO - US,Direct Drop,DDP,Truck,2010-04-30,2010-05-05,2010-05-12,2010-05-12,2010-05-12,ARV,Pediatric,S. BUYS WHOLESALER,"Nevirapine 10mg/ml [Viramune], oral suspension, Bottle, 240 ml",Nevirapine,Viramune,10mg/ml,Oral suspension,240,20,310.55,15.53,0.06,Boehringer Ingelheim Roxane US,False,35.5,0.0,0.67
5019,54956,116-ZA-T30,FPQ-5535,SCMS-71370,ASN-7373,South Africa,PMO - US,Direct Drop,DDP,Truck,2010-04-19,2010-04-21,2010-05-31,2010-05-31,2010-05-31,ARV,Adult,S. BUYS WHOLESALER,"Nevirapine 200mg, tablets, 60 Tabs",Nevirapine,Generic,200mg,Tablet,60,450,10244.69,22.77,0.38,"Cipla, Goa, India",False,78.5,0.0,22.09
5020,54957,108-VN-T30,FPQ-13976,SCMS-235630,ASN-28049,Vietnam,PMO - US,Direct Drop,FCA,Air,2014-04-08,2014-04-30,2014-10-07,2014-10-07,2014-10-08,ARV,Adult,ABBVIE LOGISTICS (FORMERLY ABBOTT LOGISTICS BV),"Ritonavir 100mg [Norvir], film coated tablets, 30 Tabs",Ritonavir,Norvir,100mg,Tablet,30,100,2326.0,23.26,0.78,ABBVIE Ludwigshafen Germany,True,36.0,4400.805,2.39
5021,54960,116-ZA-T30,FPQ-12522,SCMS-199280,ASN-24433,South Africa,PMO - US,Direct Drop,DDP,Truck,2013-07-11,2013-08-13,2014-02-07,2014-02-07,2014-02-07,ARV,Adult,S. BUYS WHOLESALER,"Lamivudine/Nevirapine/Stavudine 150/200/30mg, tablets, 60 Tabs",Lamivudine/Nevirapine/Stavudine,Generic,150/200/30mg,Tablet - FDC,60,4,120.98,30.24,0.5,"Cipla, Goa, India",False,78.0,0.0,0.15
5022,54965,102-KE-T30,FPQ-6114,SCMS-80820,ASN-8590,Kenya,PMO - US,Direct Drop,EXW,Air,2010-07-23,2010-08-27,2010-11-12,2010-11-12,2010-11-12,HRDT,HIV test,"Orgenics, Ltd","HIV 1/2, Determine Complete HIV Kit, 100 Tests","HIV 1/2, Determine Complete HIV Kit",Determine,no_dosage,Test kit,100,1,89.0,89.0,0.89,Inverness Japan,True,1233.0,13753.58,0.19
5023,54973,104-CI-T30,FPQ-8327,SCMS-124790,ASN-13658,Côte d'Ivoire,PMO - US,Direct Drop,FCA,Ocean,2011-09-08,2011-11-18,2012-03-23,2012-03-23,2012-03-23,ARV,Adult,ABBVIE LOGISTICS (FORMERLY ABBOTT LOGISTICS BV),"Lopinavir/Ritonavir 200/50mg [Aluvia], tablets, 120 Tabs",Lopinavir/Ritonavir,Aluvia,200/50mg,Tablet,120,14420,444424.4,30.82,0.26,ABBVIE Ludwigshafen Germany,True,1467.0,40289.0,733.3
5024,54984,109-TZ-T30,FPQ-12588,SCMS-202300,ASN-22082,Tanzania,PMO - US,Direct Drop,FCA,Air,2013-07-15,2013-08-09,2013-11-21,2013-11-21,2013-11-21,ARV,Pediatric,ABBVIE LOGISTICS (FORMERLY ABBOTT LOGISTICS BV),"Lopinavir/Ritonavir 100/25mg [Aluvia], tablets, 60 Tabs",Lopinavir/Ritonavir,Generic,100/25mg,Tablet,60,2736,16251.84,5.94,0.1,ABBVIE Ludwigshafen Germany,True,328.0,3940.54,20.1
5025,54986,133-NG-T30,FPQ-7634,SCMS-108730,ASN-12331,Nigeria,PMO - US,Direct Drop,EXW,Air,2011-04-28,2011-05-18,2011-10-12,2011-10-12,2011-10-12,HRDT,HIV test,"CHEMBIO DIAGNOSTIC SYSTEMS, INC.","HIV 1/2, Stat-Pak HIV, Kit, 20 Tests","HIV 1/2, Stat-Pak HIV, Kit",Stat-Pak,no_dosage,Test kit,20,1301,37729.0,29.0,1.45,Chembio Diagnostics Sys. Inc.,True,376.0,2162.26,62.25
5026,55009,116-ZA-T30,FPQ-13973,SCMS-238550,ASN-30792,South Africa,PMO - US,Direct Drop,DDP,Truck,2014-04-30,2014-05-08,2015-02-19,2015-02-19,2015-02-19,ARV,Adult,PHARMACY DIRECT,"Lamivudine/Zidovudine 150/300mg, tablets, 60 Tabs",Lamivudine/Zidovudine,Generic,150/300mg,Tablet - FDC,60,3,93.57,31.19,0.52,"Aurobindo Unit III, India",False,1.0,0.0,0.1
5027,55017,109-TZ-T30,FPQ-12540,SCMS-198801,ASN-21502,Tanzania,PMO - US,Direct Drop,EXW,Ocean,2013-07-03,2013-08-27,2013-10-23,2013-10-23,2013-10-23,ARV,Adult,MYLAN LABORATORIES LTD (FORMERLY MATRIX LABORATORIES),"Efavirenz/Emtricitabine/Tenofovir Disoproxil Fumarate 600/200/300mg, tablets, 30 Tabs",Efavirenz/Emtricitabine/Tenofovir Disoproxil Fumarate,Generic,600/200/300mg,Tablet - FDC,30,163929,2047473.21,12.49,0.42,Mylan (formerly Matrix) Nashik,True,21675.0,20312.64,2532.72
5028,55018,114-UG-T30,FPQ-10788,SCMS-162740,ASN-17430,Uganda,PMO - US,Direct Drop,DAP,Air,2012-10-10,2012-10-25,2012-12-14,2012-12-14,2012-12-14,ARV,Adult,ASPEN PHARMACARE,"Darunavir 300mg [Prezista], tablets, 120 Tabs",Darunavir,Prezista,300mg,Tablet,120,312,20779.2,66.6,0.55,"Aspen-OSD, Port Elizabeth, SA",False,80.0,2485.92,25.7
5029,55030,104-CI-T30,FPQ-6183,SCMS-83691,ASN-8512,Côte d'Ivoire,PMO - US,Direct Drop,CIP,Air,2010-08-10,2010-09-10,2010-10-27,2010-10-27,2010-10-27,ARV,Adult,MERCK SHARP & DOHME IDEA GMBH (FORMALLY MERCK SHARP & DOHME B.V.),"Efavirenz/Emtricitabine/Tenofovir Disoproxil Fumarate 600/200/300mg [Atripla], tablets, 30 Tabs",Efavirenz/Emtricitabine/Tenofovir Disoproxil Fumarate,Atripla,600/200/300mg,Tablet - FDC,30,2000,100800.0,50.4,1.68,"MSD, Haarlem, NL",True,269.0,1315.14,217.32
5030,55049,900-UG-T30,FPQ-10089,SCMS-149400,ASN-15428,Uganda,PMO - US,Direct Drop,EXW,Air,2012-06-07,2012-06-12,2012-07-23,2012-07-18,2012-07-18,ARV,Adult,Aurobindo Pharma Limited,"Efavirenz 600mg, tablets, 30 Tabs",Efavirenz,Generic,600mg,Tablet,30,54383,184902.2,3.4,0.11,"Aurobindo Unit III, India",True,4668.0,20869.6,259.23
5031,55050,107-RW-T30,FPQ-6186,SCMS-83360,ASN-9434,Rwanda,PMO - US,Direct Drop,CIP,Air,2010-08-13,2010-09-27,2011-01-11,2011-01-11,2011-01-11,ARV,Adult,HETERO LABS LIMITED,"Efavirenz 600mg, tablets, 30 Tabs",Efavirenz,Generic,600mg,Tablet,30,2094,9067.02,4.33,0.14,Hetero Unit III Hyderabad IN,True,237.0,0.0,19.55
5032,55053,105-GY-T30,FPQ-12057,SCMS-189040,ASN-19842,Guyana,PMO - US,Direct Drop,EXW,Air,2013-04-15,2013-05-23,2013-07-01,2013-07-01,2013-07-01,ARV,Adult,Aurobindo Pharma Limited,"Stavudine 15mg, capsules, 60 Caps",Stavudine,Generic,15mg,Capsule,60,10,13.0,1.3,0.02,"Aurobindo Unit III, India",True,1.0,618.89,0.02
5033,55064,117-ET-T30,FPQ-15928,SCMS-280470,ASN-32557,Ethiopia,PMO - US,Direct Drop,EXW,Air,2015-03-10,2015-03-17,2015-06-24,2015-06-24,2015-06-29,HRDT,HIV test,"Trinity Biotech, Plc","HIV 1/2, Uni-Gold HIV Kit, 20 Tests","HIV 1/2, Uni-Gold HIV Kit",Uni-Gold,no_dosage,Test kit,20,170,5440.0,32.0,1.6,"Trinity Biotech, Plc",True,58.0,143.57,6.4
5034,55072,133-NG-T30,FPQ-12456,SCMS-196561,ASN-22348,Nigeria,PMO - US,Direct Drop,EXW,Air,2013-06-10,2013-07-10,2013-11-07,2013-11-07,2013-11-17,HRDT,HIV test,"Orgenics, Ltd","HIV 1/2, Determine Complete HIV Kit, 100 Tests","HIV 1/2, Determine Complete HIV Kit",Determine,no_dosage,Test kit,100,3053,271717.0,89.0,0.89,"Alere Medical Co., Ltd.",True,1240.0,20705.23,336.11
5035,55083,116-ZA-T30,FPQ-15269,SCMS-267020,ASN-29764,South Africa,PMO - US,Direct Drop,DDP,Truck,2014-10-29,2014-12-10,2014-12-10,2014-12-10,2014-12-10,ARV,Adult,S. BUYS WHOLESALER,"Didanosine 250mg, delayed-release capsules, 30 Caps",Didanosine,Generic,250mg,Delayed-release capsules,30,4,54.01,13.5,0.45,"Aurobindo Unit III, India",False,78.0,0.0,0.06
5036,55085,107-RW-T30,FPQ-8741,SCMS-129520,ASN-15268,Rwanda,PMO - US,Direct Drop,EXW,Ocean,2011-11-30,2012-03-09,2012-08-27,2012-08-27,2012-08-27,ARV,Pediatric,CIPLA LIMITED,"Lamivudine 10mg/ml, oral solution, Bottle, 240 ml",Lamivudine,Generic,10mg/ml,Oral solution,240,7840,13720.0,1.75,0.01,"Cipla, Goa, India",True,2995.0,20193.21,19.24
5037,55087,133-NG-T30,FPQ-15504,SCMS-270760,ASN-31768,Nigeria,PMO - US,Direct Drop,EXW,Air,2014-12-08,2015-01-26,2015-04-30,2015-04-30,2015-05-05,HRDT,HIV test,"CHEMBIO DIAGNOSTIC SYSTEMS, INC.","HIV 1/2, Stat-Pak HIV, Kit, 20 Tests","HIV 1/2, Stat-Pak HIV, Kit",Stat-Pak,no_dosage,Test kit,20,1620,51840.0,32.0,1.6,Chembio Diagnostics Sys. Inc.,True,394.0,10144.765,61.02
5038,55093,116-ZA-T30,FPQ-12522,SCMS-199289,ASN-28033,South Africa,PMO - US,Direct Drop,DDP,Truck,2013-07-11,2014-08-29,2014-08-29,2014-08-29,2014-08-29,ARV,Pediatric,S. BUYS WHOLESALER,"Efavirenz 50mg, capsule, 30 Caps",Efavirenz,Generic,50mg,Capsule,30,99,328.31,3.32,0.11,"Aurobindo Unit III, India",False,668.5,0.0,0.41
5039,55138,105-SS-T30,FPQ-15569,SCMS-272140,ASN-31129,South Sudan,PMO - US,Direct Drop,EXW,Air,2014-12-29,2015-02-20,2015-05-08,2015-05-08,2015-05-11,HRDT,HIV test,"Trinity Biotech, Plc","HIV 1/2, Uni-Gold HIV Kit, 20 Tests","HIV 1/2, Uni-Gold HIV Kit",Uni-Gold,no_dosage,Test kit,20,450,14400.0,32.0,1.6,"Trinity Biotech, Plc",False,159.5,2575.925,16.95
5040,55159,110-ZM-T30,FPQ-4141,SCMS-53261,ASN-5853,Zambia,PMO - US,Direct Drop,EXW,Air,2009-08-31,2009-09-11,2010-01-28,2010-01-28,2010-01-28,HRDT,HIV test,"Orgenics, Ltd","HIV 1/2, Determine Complete HIV Kit, 100 Tests","HIV 1/2, Determine Complete HIV Kit",Determine,no_dosage,Test kit,100,1820,131040.0,72.0,0.72,Inverness Japan,False,394.0,14019.38,256.84
5041,55160,116-ZA-T30,FPQ-3596,SCMS-50360,ASN-5451,South Africa,PMO - US,Direct Drop,DDP,Truck,2009-05-07,2009-09-22,2009-10-29,2009-10-29,2009-10-29,ARV,Adult,S. BUYS WHOLESALER,"Zidovudine 300mg, tablets, 60 Tabs",Zidovudine,Generic,300mg,Tablet,60,1600,41783.61,26.11,0.44,"Aurobindo Unit III, India",True,289.5,0.0,81.9
5042,55180,114-UG-T30,FPQ-5276,SCMS-68290,ASN-6736,Uganda,PMO - US,Direct Drop,FCA,Air,2010-03-12,2010-03-18,2010-05-04,2010-05-04,2010-05-04,ARV,Adult,ABBVIE LOGISTICS (FORMERLY ABBOTT LOGISTICS BV),"Lopinavir/Ritonavir 200/50mg [Aluvia], tablets, 120 Tabs",Lopinavir/Ritonavir,Aluvia,200/50mg,Tablet,120,100,3616.0,36.16,0.3,ABBVIE Ludwigshafen Germany,True,36.0,1084.27,7.8
5043,55188,109-TZ-T30,FPQ-8071,SCMS-116830,ASN-13082,Tanzania,PMO - US,Direct Drop,EXW,Air,2011-07-22,2011-07-28,2012-02-09,2012-02-09,2012-02-09,HRDT,HIV test,"Trinity Biotech, Plc","HIV 1/2, Uni-Gold HIV Kit, 20 Tests","HIV 1/2, Uni-Gold HIV Kit",Uni-Gold,no_dosage,Test kit,20,450,14400.0,32.0,1.6,"Trinity Biotech, Plc",True,148.0,1938.15,23.76
5044,55206,110-PK-T30,FPQ-9348,SCMS-143510,ASN-15070,Pakistan,PMO - US,Direct Drop,EXW,Air,2012-02-24,2012-04-19,2012-07-20,2012-07-20,2012-07-20,HRDT,HIV test,"Orgenics, Ltd","HIV 1/2, Determine Complete HIV Kit, 100 Tests","HIV 1/2, Determine Complete HIV Kit",Determine,no_dosage,Test kit,100,4484,358720.0,80.0,0.8,"Alere Medical Co., Ltd.",True,2134.0,32272.0,502.93
5045,55220,116-ZA-T30,FPQ-14942,SCMS-259075,ASN-32122,South Africa,PMO - US,Direct Drop,DDP,Truck,2014-09-11,2015-05-11,2015-05-12,2015-05-12,2015-05-12,ARV,Adult,PHARMACY DIRECT,"Nevirapine 200mg, tablets, 60 Tabs",Nevirapine,Generic,200mg,Tablet,60,20,256.48,12.82,0.21,"Aurobindo Unit III, India",False,35.5,0.0,0.26
5046,55225,161-ZA-T30,FPQ-5303,SCMS-68940,ASN-8249,South Africa,PMO - US,Direct Drop,DDP,Air,2010-03-18,2010-03-19,2010-09-07,2010-11-17,2010-11-17,ARV,Adult,Aurobindo Pharma Limited,"Efavirenz 600mg, tablets, 30 Tabs",Efavirenz,Generic,600mg,Tablet,30,31680,147945.6,4.67,0.16,"Aurobindo Unit III, India",True,2970.0,4263.08,318.97
5047,55238,108-VN-T30,FPQ-9001,SCMS-131690,ASN-14517,Vietnam,PMO - US,Direct Drop,EXW,Air,2011-12-15,2012-01-16,2012-05-16,2012-05-16,2012-05-16,ARV,Adult,MYLAN LABORATORIES LTD (FORMERLY MATRIX LABORATORIES),"Abacavir 300mg, tablets, 60 Tabs",Abacavir,Generic,300mg,Tablet,60,368,4784.0,13.0,0.22,Mylan (formerly Matrix) Nashik,False,668.5,4400.805,6.71
5048,55253,161-ZA-T30,FPQ-5303,SCMS-68981,ASN-8442,South Africa,PMO - US,Direct Drop,DDP,Air,2010-03-18,2010-03-19,2010-12-08,2010-12-08,2010-12-08,ARV,Adult,Aurobindo Pharma Limited,"Nevirapine 200mg, tablets, 60 Tabs",Nevirapine,Generic,200mg,Tablet,60,26400,77088.0,2.92,0.05,"Aurobindo Unit III, India",True,3113.0,5159.33,166.2
5049,55297,108-VN-T30,FPQ-5899,SCMS-77280,ASN-8060,Vietnam,PMO - US,Direct Drop,EXW,Air,2010-06-23,2010-06-30,2010-09-20,2010-09-20,2010-09-20,ARV,Adult,MYLAN LABORATORIES LTD (FORMERLY MATRIX LABORATORIES),"Abacavir 300mg, tablets, 60 Tabs",Abacavir,Generic,300mg,Tablet,60,100,1574.0,15.74,0.26,Mylan (formerly Matrix) Nashik,True,10.0,3896.68,3.39
5050,55304,108-VN-T30,FPQ-16194,SCMS-285490,ASN-33143,Vietnam,PMO - US,Direct Drop,EXW,Air,2015-04-14,2015-05-13,2015-09-07,2015-09-07,2015-09-07,ARV,Adult,HETERO LABS LIMITED,"Efavirenz/Lamivudine/Tenofovir Disoproxil Fumarate 600/300/300mg, tablets, 30 Tabs",Efavirenz/Lamivudine/Tenofovir Disoproxil Fumarate,Generic,600/300/300mg,Tablet - FDC,30,15284,145198.0,9.5,0.32,Hetero Unit III Hyderabad IN,False,668.5,4400.805,170.9
5051,55322,161-ZA-T30,FPQ-5303,SCMS-68940,ASN-8124,South Africa,PMO - US,Direct Drop,DDP,Air,2010-03-18,2010-03-19,2010-09-07,2010-10-27,2010-10-27,ARV,Adult,Aurobindo Pharma Limited,"Efavirenz 600mg, tablets, 30 Tabs",Efavirenz,Generic,600mg,Tablet,30,31680,147945.6,4.67,0.16,"Aurobindo Unit III, India",True,2970.0,4263.07,318.97
5052,55331,161-ZA-T30,FPQ-5303,SCMS-68860,ASN-6933,South Africa,PMO - US,Direct Drop,DDP,Air,2010-03-18,2010-03-19,2010-06-01,2010-06-08,2010-06-08,ARV,Adult,Aurobindo Pharma Limited,"Efavirenz 600mg, tablets, 30 Tabs",Efavirenz,Generic,600mg,Tablet,30,53916,251787.72,4.67,0.16,"Aurobindo Unit III, India",True,4561.0,6105.79,542.85
5053,55376,108-VN-T30,FPQ-6384,SCMS-87710,ASN-9710,Vietnam,PMO - US,Direct Drop,FCA,Air,2010-09-30,2010-10-14,2011-02-25,2011-02-25,2011-02-25,ARV,Adult,ABBVIE LOGISTICS (FORMERLY ABBOTT LOGISTICS BV),"Ritonavir 100mg [Norvir], capsules, cool, 4 x 84 Caps",Ritonavir,Norvir,100mg,Capsule,336,18,3717.18,206.51,0.61,ABBVIE (Abbott) Logis. UK,True,55.0,3785.84,8.01
5054,55401,109-TZ-T30,FPQ-12588,SCMS-202310,ASN-22266,Tanzania,PMO - US,Direct Drop,FCA,Air,2013-07-15,2013-08-09,2013-11-21,2013-11-21,2013-11-21,ARV,Pediatric,ABBVIE LOGISTICS (FORMERLY ABBOTT LOGISTICS BV),"Lopinavir/Ritonavir 80/20mg/ml [Kaletra], oral solution, cool, Bottle 5 x 60 ml",Lopinavir/Ritonavir,Kaletra,80/20mg/ml,Oral solution,300,264,8136.48,30.82,0.1,ABBVIE (Abbott) Logis. UK,True,257.0,2160.36,10.06
5055,55453,107-RW-T30,FPQ-15065,SCMS-263310,ASN-30276,Rwanda,PMO - US,Direct Drop,EXW,Air,2014-10-15,2014-12-16,2015-02-18,2015-02-18,2015-02-18,HRDT,HIV test,"Trinity Biotech, Plc","HIV 1/2, Uni-Gold HIV Kit, 20 Tests","HIV 1/2, Uni-Gold HIV Kit",Uni-Gold,no_dosage,Test kit,20,369,11808.0,32.0,1.6,"Trinity Biotech, Plc",True,115.0,1729.95,12.14
5056,55474,104-CI-T30,FPQ-3967,SCMS-52710,ASN-5582,Côte d'Ivoire,PMO - US,Direct Drop,CIP,Air,2009-08-21,2009-09-25,2009-12-18,2009-12-18,2009-12-18,ARV,Adult,MERCK SHARP & DOHME IDEA GMBH (FORMALLY MERCK SHARP & DOHME B.V.),"Efavirenz/Emtricitabine/Tenofovir Disoproxil Fumarate 600/200/300mg [Atripla], tablets, 30 Tabs",Efavirenz/Emtricitabine/Tenofovir Disoproxil Fumarate,Atripla,600/200/300mg,Tablet - FDC,30,5320,268128.0,50.4,1.68,"MSD, Haarlem, NL",True,464.0,30.0,525.53
5057,55504,117-ET-T30,FPQ-9096,SCMS-133350,ASN-15835,Ethiopia,PMO - US,Direct Drop,EXW,Air,2012-01-05,2012-01-23,2012-08-29,2012-08-29,2012-08-29,HRDT,HIV test,"Trinity Biotech, Plc","HIV 1/2, Uni-Gold HIV Kit, 20 Tests","HIV 1/2, Uni-Gold HIV Kit",Uni-Gold,no_dosage,Test kit,20,27,864.0,32.0,1.6,"Trinity Biotech, Plc",True,10.0,490.23,1.21
5058,55518,109-TZ-T30,FPQ-9211,SCMS-136920,ASN-14274,Tanzania,PMO - US,Direct Drop,EXW,Air,2012-01-25,2012-02-17,2012-05-08,2012-05-08,2012-05-08,HRDT,HIV test,"Orgenics, Ltd","HIV 1/2, Determine Complete HIV Kit, 100 Tests","HIV 1/2, Determine Complete HIV Kit",Determine,no_dosage,Test kit,100,2870,229600.0,80.0,0.8,"Alere Medical Co., Ltd.",True,1368.0,24308.25,321.9
5059,55520,117-ET-T30,FPQ-9096,SCMS-133390,ASN-13875,Ethiopia,PMO - US,Direct Drop,EXW,Air,2012-01-05,2012-01-23,2012-03-14,2012-03-14,2012-03-14,HRDT,HIV test,"SHANGHAI KEHUA BIOENGINEERING CO.,LTD.  (KHB)","HIV 1/2, SKB Colloidal Gold, Diagnostic Kit, Antibody, 50 Tests","HIV 1/2, Colloidal Gold, Diagnostic Kit, Antibody",Colloidal Gold,no_dosage,Test kit,1,175,4287.5,24.5,24.5,"KHB Test Kit Facility, Shanghai China",True,1.0,1437.62,6.01
5060,55522,161-ZA-T30,FPQ-6708,SCMS-93500,ASN-9847,South Africa,PMO - US,Direct Drop,DDP,Ocean,2010-11-26,2010-12-14,2011-04-04,2011-04-04,2011-04-04,ARV,Pediatric,Aurobindo Pharma Limited,"Nevirapine 10mg/ml, oral suspension w/syringe, Bottle, 240 ml",Nevirapine,Generic,10mg/ml,Oral suspension,240,27910,59169.2,2.12,0.01,"Aurobindo Unit III, India",True,10346.0,3961.7,97.63
5061,55568,116-ZA-T30,FPQ-13973,SCMS-238551,ASN-26882,South Africa,PMO - US,Direct Drop,DDP,Truck,2014-04-30,2014-06-25,2014-06-25,2014-06-25,2014-06-25,ARV,Adult,PHARMACY DIRECT,"Didanosine 400mg, delayed-release capsules, 30 Caps",Didanosine,Generic,400mg,Delayed-release capsules,30,8,157.41,19.68,0.66,"Aurobindo Unit III, India",False,48.0,0.0,0.16
5062,55643,108-VN-T30,FPQ-14516,SCMS-249040,ASN-29768,Vietnam,PMO - US,Direct Drop,EXW,Air,2014-07-09,2014-08-08,2015-02-05,2015-02-05,2015-02-05,ARV,Adult,MYLAN LABORATORIES LTD (FORMERLY MATRIX LABORATORIES),"Lamivudine/Zidovudine 150/300mg, tablets, 60 Tabs",Lamivudine/Zidovudine,Generic,150/300mg,Tablet - FDC,60,10000,64900.0,6.49,0.11,Mylan (formerly Matrix) Nashik,False,1097.5,4400.805,66.72
5063,55679,900-TZ-T30,FPQ-10396,SCMS-157661,ASN-17083,Tanzania,PMO - US,Direct Drop,EXW,Air,2012-07-31,2012-10-04,2012-12-07,2012-11-30,2012-11-30,HRDT,HIV test,"Orgenics, Ltd","HIV 1/2, Determine Complete HIV Kit, 100 Tests","HIV 1/2, Determine Complete HIV Kit",Determine,no_dosage,Test kit,100,2744,219520.0,80.0,0.8,"Alere Medical Co., Ltd.",True,1303.0,22158.58,307.77
5064,55706,106-HT-T30,FPQ-9635,SCMS-148420,ASN-15616,Haiti,PMO - US,Direct Drop,EXW,Air,2012-05-14,2012-06-28,2012-08-07,2012-08-07,2012-08-07,ARV,Adult,STRIDES ARCOLAB LIMITED,"Lamivudine/Stavudine 150/30mg, tablets, 60 Tabs",Lamivudine/Stavudine,Generic,150/30mg,Tablet - FDC,60,384,1121.28,2.92,0.05,"Strides, Bangalore, India.",True,20.0,950.05,1.57
5065,55712,108-VN-T30,FPQ-16194,SCMS-285500,ASN-33266,Vietnam,PMO - US,Direct Drop,EXW,Air,2015-04-14,2015-05-13,2015-09-03,2015-09-03,2015-09-03,ARV,Adult,HETERO LABS LIMITED,"Efavirenz/Lamivudine/Tenofovir Disoproxil Fumarate 600/300/300mg, tablets, 30 Tabs",Efavirenz/Lamivudine/Tenofovir Disoproxil Fumarate,Generic,600/300/300mg,Tablet - FDC,30,15552,147744.0,9.5,0.32,Hetero Unit III Hyderabad IN,False,668.5,4400.805,173.89
5066,55715,111-MZ-T30,FPQ-12686,SCMS-205500,ASN-22375,Mozambique,PMO - US,Direct Drop,EXW,Air,2013-07-31,2013-09-11,2013-11-04,2013-11-04,2013-11-18,HRDT,HIV test,"Orgenics, Ltd","HIV 1/2, Determine Complete HIV Kit, 100 Tests","HIV 1/2, Determine Complete HIV Kit",Determine,no_dosage,Test kit,100,645,51600.0,80.0,0.8,"Alere Medical Co., Ltd.",True,267.0,3453.53,63.83
5067,55716,116-ZA-T30,FPQ-14942,SCMS-259074,ASN-31070,South Africa,PMO - US,Direct Drop,DDP,Truck,2014-09-11,2015-03-09,2015-03-09,2015-03-09,2015-03-09,ARV,Adult,PHARMACY DIRECT,"Didanosine 400mg, delayed-release capsules, 30 Caps",Didanosine,Generic,400mg,Delayed-release capsules,30,6,85.31,14.22,0.47,"Aurobindo Unit III, India",False,9.0,0.0,0.09
5068,55730,111-MZ-T30,FPQ-14235,SCMS-247370,ASN-30197,Mozambique,PMO - US,Direct Drop,CIP,Air,2014-05-21,2014-07-25,2015-01-20,2015-01-20,2015-01-20,ARV,Adult,MERCK SHARP & DOHME IDEA GMBH (FORMALLY MERCK SHARP & DOHME B.V.),"Raltegravir 400mg [Isentress], tablets, 60 Tabs",Raltegravir,Isentress,400mg,Tablet,60,40,2220.0,55.5,0.92,"MSD, Haarlem, NL",True,56.5,0.0,2.28
5069,55737,109-TZ-T30,FPQ-5900,SCMS-76980,ASN-7443,Tanzania,PMO - US,Direct Drop,EXW,Air,2010-06-21,2010-06-24,2010-08-07,2010-08-07,2010-08-07,ARV,Adult,Aurobindo Pharma Limited,"Nevirapine 200mg, tablets, 60 Tabs",Nevirapine,Generic,200mg,Tablet,60,28755,74763.0,2.6,0.04,"Aurobindo Unit III, India",True,3392.0,20294.85,161.19
5070,55764,119-NA-T30,FPQ-4857,SCMS-62730,ASN-6358,Namibia,PMO - US,Direct Drop,EXW,Air,2010-01-07,2010-01-08,2010-04-29,2010-04-29,2010-04-29,HRDT,HIV test,"Trinity Biotech, Plc","HIV 1/2, Uni-Gold HIV Kit, 20 Tests","HIV 1/2, Uni-Gold HIV Kit",Uni-Gold,no_dosage,Test kit,20,2000,64000.0,32.0,1.6,"Trinity Biotech, Plc",True,687.0,17918.72,137.98
5071,55765,116-ZA-T30,FPQ-12523,SCMS-199315,ASN-27212,South Africa,PMO - US,Direct Drop,DDP,Truck,2013-07-12,2014-07-11,2014-07-11,2014-07-11,2014-07-11,ARV,Pediatric,S. BUYS WHOLESALER,"Atazanavir 150mg [Reyataz], capsules, 60 Caps",Atazanavir,Reyataz,150mg,Capsule,60,1,25.69,25.69,0.43,"BMS Evansville, US",True,63.0,0.0,0.03
5072,55783,107-RW-T30,FPQ-3859,SCMS-48910,ASN-5880,Rwanda,PMO - US,Direct Drop,CIP,Air,2009-06-30,2009-07-17,2010-01-27,2010-01-27,2010-01-27,ARV,Adult,Aurobindo Pharma Limited,"Abacavir 300mg, tablets, 60 Tabs",Abacavir,Generic,300mg,Tablet,60,9270,179189.1,19.33,0.32,"Aurobindo Unit III, India",True,1010.0,16847.52,351.21
5073,55814,102-SD-T30,FPQ-8261,SCMS-120441,ASN-12834,Sudan,PMO - US,Direct Drop,EXW,Air,2011-08-29,2011-09-14,2012-01-06,2012-01-06,2012-01-06,HRDT,HIV test,"Orgenics, Ltd","HIV 1/2, Determine Complete HIV Kit, 100 Tests","HIV 1/2, Determine Complete HIV Kit",Determine,no_dosage,Test kit,100,129,11481.0,89.0,0.89,"Alere Medical Co., Ltd.",True,60.0,1133.17,18.94
5074,55862,106-HT-T30,FPQ-9635,SCMS-164450,ASN-17492,Haiti,PMO - US,Direct Drop,EXW,Air,2012-05-14,2012-11-05,2013-01-04,2013-01-04,2013-01-04,ARV,Pediatric,Aurobindo Pharma Limited,"Abacavir/Lamivudine 60/30mg, tablets, 60 Tabs",Abacavir/Lamivudine,Generic,60/30mg,Tablet - FDC,60,2516,11573.6,4.6,0.08,"Aurobindo Unit III, India",True,118.0,1442.83,16.23
5075,55890,116-ZA-T30,FPQ-11828,SCMS-183950,ASN-19166,South Africa,South Africa Field Office,Direct Drop,DDP,Truck,2013-03-18,2012-10-16,2013-04-16,2013-04-16,2013-04-16,ARV,Adult,S. BUYS WHOLESALER,"Lamivudine/Zidovudine 150/300mg, tablets, 60 Tabs",Lamivudine/Zidovudine,Generic,150/300mg,Tablet - FDC,60,1152,34884.66,30.28,0.5,"Cipla, Goa, India",False,81.5,0.0,43.15
5076,55894,151-NG-T30,FPQ-14780,SCMS-254171,ASN-32962,Nigeria,PMO - US,Direct Drop,EXW,Air,2014-08-13,2014-08-29,2015-07-23,2015-07-23,2015-07-28,ARV,Adult,EMCURE PHARMACEUTICALS LTD,"Atazanavir/Ritonavir 300/100mg, tablets, 30 Tabs",Atazanavir/Ritonavir,Generic,300/100mg,Tablet,30,9070,163260.0,18.0,0.6,"Emcure Plot No.P-2, I.T-B.T. Park, Phase II, MIDC, Hinjwadi, Pune, India",True,668.5,10144.765,167.83
5077,55904,109-TZ-T30,FPQ-10619,SCMS-161830,ASN-17467,Tanzania,PMO - US,Direct Drop,EXW,Air,2012-09-13,2012-10-04,2012-12-31,2012-12-31,2012-12-31,HRDT,HIV test,"Orgenics, Ltd","HIV 1/2, Determine Complete HIV Kit, 100 Tests","HIV 1/2, Determine Complete HIV Kit",Determine,no_dosage,Test kit,100,2352,188160.0,80.0,0.8,"Alere Medical Co., Ltd.",True,1016.0,19026.72,263.8
5078,55914,133-NG-T30,FPQ-12456,SCMS-196560,ASN-21219,Nigeria,PMO - US,Direct Drop,EXW,Air,2013-06-10,2013-07-10,2013-09-18,2013-09-24,2013-09-24,HRDT,HIV test,"Orgenics, Ltd","HIV 1/2, Determine Complete HIV Kit, 100 Tests","HIV 1/2, Determine Complete HIV Kit",Determine,no_dosage,Test kit,100,3072,273408.0,89.0,0.89,"Alere Medical Co., Ltd.",True,1248.0,13383.47,338.21
5079,55922,116-ZA-T30,FPQ-13973,SCMS-238555,ASN-29257,South Africa,PMO - US,Direct Drop,DDP,Truck,2014-04-30,2014-11-04,2014-11-05,2014-11-05,2014-11-05,ARV,Pediatric,PHARMACY DIRECT,"Lamivudine 10mg/ml, oral solution, Bottle, 240 ml",Lamivudine,Generic,10mg/ml,Oral solution,240,20,143.05,7.15,0.03,"Aurobindo Unit III, India",False,35.5,0.0,0.15
5080,56005,106-HT-T30,FPQ-13797,SCMS-233970,ASN-27794,Haiti,PMO - US,Direct Drop,EXW,Air,2014-03-20,2014-04-30,2014-10-14,2014-10-14,2014-10-20,ARV,Pediatric,CIPLA LIMITED,"Lamivudine/Zidovudine 30/60mg, dispersible tablets, 60 Tabs",Lamivudine/Zidovudine,Generic,30/60mg,Chewable/dispersible tablet - FDC,60,3184,6336.16,1.99,0.03,"Cipla, Goa, India",True,250.0,2794.21,6.51
5081,56016,105-SS-T30,FPQ-15569,SCMS-272160,ASN-31321,South Sudan,PMO - US,Direct Drop,EXW,Air,2014-12-29,2015-02-20,2015-06-03,2015-06-03,2015-06-05,HRDT,HIV test - Ancillary,"Orgenics, Ltd","Capillary Tubes, for Determine, EDTA, 50uL,100 Pcs","HIV, Capillary Tubes, for Determine, EDTA, 50uL,100 Pcs",Determine,no_dosage,Test kit - Ancillary,100,45,360.0,8.0,0.08,"Alere Medical Co., Ltd.",False,29.0,2575.925,0.42
5082,56022,116-ZA-T30,FPQ-13973,SCMS-238554,ASN-28627,South Africa,PMO - US,Direct Drop,DDP,Truck,2014-04-30,2014-10-03,2014-10-03,2014-10-03,2014-10-03,ARV,Adult,PHARMACY DIRECT,"Zidovudine 300mg, tablets, 60 Tabs",Zidovudine,Generic,300mg,Tablet,60,5,124.77,24.95,0.42,"Aurobindo Unit III, India",False,842.0,0.0,0.13
5083,56029,107-RW-T30,FPQ-13874,SCMS-232310,ASN-25924,Rwanda,PMO - US,Direct Drop,EXW,Air,2014-03-12,2014-04-03,2014-04-28,2014-06-16,2014-06-17,HRDT,HIV test,"SHANGHAI KEHUA BIOENGINEERING CO.,LTD.  (KHB)","HIV 1/2, SKB Colloidal Gold, Diagnostic Kit, Antibody, 50 Tests","HIV 1/2, Colloidal Gold, Diagnostic Kit, Antibody",Colloidal Gold,no_dosage,Test kit,1,4230,103635.0,24.5,24.5,"KHB Test Kit Facility, Shanghai China",True,2820.0,37130.88,106.54
5084,56057,133-NG-T30,FPQ-16329,SCMS-289130,ASN-32957,Nigeria,PMO - US,Direct Drop,EXW,Air,2015-05-07,2015-05-26,2015-07-14,2015-07-14,2015-07-14,HRDT,HIV test,"Orgenics, Ltd","HIV 1/2, Determine Complete HIV Kit, 100 Tests","HIV 1/2, Determine Complete HIV Kit",Determine,no_dosage,Test kit,100,6388,568532.0,89.0,0.89,"Alere Medical Co., Ltd.",True,2590.0,0.0,669.16
5085,56084,110-ZM-T30,FPQ-12252,SCMS-189240,ASN-20477,Zambia,PMO - US,Direct Drop,EXW,Air,2013-05-02,2013-05-22,2013-08-05,2013-07-31,2013-07-31,HRDT,HIV test,"Orgenics, Ltd","HIV 1/2, Determine Complete HIV Kit, 100 Tests","HIV 1/2, Determine Complete HIV Kit",Determine,no_dosage,Test kit,100,2929,234320.0,80.0,0.8,"Alere Medical Co., Ltd.",True,1214.0,18875.83,289.85
5086,56106,109-TZ-T30,FPQ-9211,SCMS-136930,ASN-14646,Tanzania,PMO - US,Direct Drop,EXW,Air,2012-01-25,2012-02-17,2012-05-25,2012-05-25,2012-05-25,HRDT,HIV test,"Orgenics, Ltd","HIV 1/2, Determine Complete HIV Kit, 100 Tests","HIV 1/2, Determine Complete HIV Kit",Determine,no_dosage,Test kit,100,2737,218960.0,80.0,0.8,"Alere Medical Co., Ltd.",True,1300.0,23269.06,306.98
5087,56107,108-VN-T30,FPQ-13976,SCMS-236110,ASN-28248,Vietnam,PMO - US,Direct Drop,EXW,Air,2014-04-08,2014-04-30,2014-11-03,2014-11-03,2014-11-03,ARV,Adult,MYLAN LABORATORIES LTD (FORMERLY MATRIX LABORATORIES),"Lamivudine/Zidovudine 150/300mg, tablets, 60 Tabs",Lamivudine/Zidovudine,Generic,150/300mg,Tablet - FDC,60,16185,105040.65,6.49,0.11,Mylan (formerly Matrix) Nashik,False,668.5,4400.805,107.98
5088,56118,116-ZA-T30,FPQ-4359,SCMS-54981,ASN-5475,South Africa,PMO - US,Direct Drop,DDP,Truck,2009-10-08,2009-10-15,2009-10-27,2009-10-27,2009-10-27,ARV,Adult,S. BUYS WHOLESALER,"Stavudine 30mg, capsules, 60 Caps",Stavudine,Generic,30mg,Capsule,60,4500,20364.96,4.53,0.08,"Aurobindo Unit III, India",True,380.0,0.0,39.92
5089,56125,901-CM-T30,FPQ-12837,SCMS-204290,ASN-23425,Cameroon,PMO - US,Direct Drop,EXW,Air,2013-08-19,2013-08-23,2014-01-08,2014-01-08,2014-01-10,ARV,Adult,Aurobindo Pharma Limited,"Efavirenz/Lamivudine/Tenofovir Disoproxil Fumarate 600/300/300mg, tablets, 30 Tabs",Efavirenz/Lamivudine/Tenofovir Disoproxil Fumarate,Generic,600/300/300mg,Tablet - FDC,30,37732,420711.8,11.15,0.37,"Aurobindo Unit VII, IN",True,4962.0,63818.03,520.42
5090,56165,104-CI-T30,FPQ-4698,SCMS-62980,ASN-6559,Côte d'Ivoire,PMO - US,Direct Drop,CIP,Air,2009-12-28,2010-02-12,2010-04-27,2010-04-27,2010-04-27,ARV,Adult,MERCK SHARP & DOHME IDEA GMBH (FORMALLY MERCK SHARP & DOHME B.V.),"Indinavir 400mg [Crixivan], capsules, 180 Caps",Indinavir,Crixivan,400mg,Capsule,180,2000,100000.0,50.0,0.28,"MSD, Haarlem, NL",True,518.0,1434.5,215.6
5091,56167,116-ZA-T30,FPQ-5535,SCMS-71370,ASN-7373,South Africa,PMO - US,Direct Drop,DDP,Truck,2010-04-19,2010-04-21,2010-05-31,2010-05-31,2010-05-31,ARV,Adult,S. BUYS WHOLESALER,"Abacavir 300mg [Ziagen], tablets, Blister 6 x 10 Tabs",Abacavir,Ziagen,300mg,Tablet - blister,60,100,3988.5,39.88,0.66,GSK Ware (UK),False,36.0,0.0,8.6
5092,56194,113-ZW-T30,FPQ-13939,SCMS-234730,ASN-26146,Zimbabwe,PMO - US,Direct Drop,EXW,Air Charter,2014-04-01,2014-05-12,2014-06-14,2014-06-14,2014-06-16,ARV,Adult,CIPLA LIMITED,"Lamivudine/Tenofovir Disoproxil Fumarate 300/300mg, tablets, 30 Tabs",Lamivudine/Tenofovir Disoproxil Fumarate,Generic,300/300mg,Tablet - FDC,30,25811,118472.49,4.59,0.15,"Cipla, Kurkumbh, India",True,2829.0,24936.5,121.79
5093,56234,102-KE-T30,FPQ-9119,SCMS-132950,ASN-13560,Kenya,PMO - US,Direct Drop,EXW,Air,2012-01-03,2012-01-06,2012-02-16,2012-02-16,2012-02-16,HRDT,HIV test,"Trinity Biotech, Plc","HIV 1/2, Uni-Gold HIV Kit, 20 Tests","HIV 1/2, Uni-Gold HIV Kit",Uni-Gold,no_dosage,Test kit,20,18000,576000.0,32.0,1.6,"Trinity Biotech, Plc",True,5876.0,40091.65,807.55
5094,56301,101-CD-T30,FPQ-14584,SCMS-249220,ASN-27933,"Congo, DRC",PMO - US,Direct Drop,EXW,Air,2014-07-16,2014-07-18,2014-11-10,2014-11-10,2014-11-13,ARV,Pediatric,Aurobindo Pharma Limited,"Nevirapine 50mg, dispersible tablets (tablets for oral suspension), 30 Tabs",Nevirapine,Generic,50mg,Chewable/dispersible tablet,30,440,550.0,1.25,0.04,"Aurobindo Unit III, India",False,27.0,2346.5699999999997,0.57
5095,56310,116-ZA-T30,FPQ-13214,SCMS-215410,ASN-23875,South Africa,PMO - US,Direct Drop,DDP,Truck,2013-11-14,2013-12-02,2014-01-13,2014-01-13,2014-01-13,ARV,Pediatric,S. BUYS WHOLESALER,"Lamivudine 10mg/ml, oral solution w/syringe, Bottle, 240 ml",Lamivudine,Generic,10mg/ml,Oral solution,240,4,26.78,6.7,0.03,"Aurobindo Unit III, India",False,78.0,0.0,0.03
5096,56320,161-ZA-T30,FPQ-5303,SCMS-69000,ASN-7021,South Africa,PMO - US,Direct Drop,DDP,Air,2010-03-18,2010-03-19,2010-06-08,2010-06-08,2010-06-08,ARV,Adult,Aurobindo Pharma Limited,"Zidovudine 300mg, tablets, 60 Tabs",Zidovudine,Generic,300mg,Tablet,60,26540,197192.2,7.43,0.12,"Aurobindo Unit III, India",True,1431.0,4885.21,425.15
5097,56331,106-HT-T30,FPQ-9635,SCMS-148440,ASN-15571,Haiti,PMO - US,Direct Drop,EXW,Ocean,2012-05-14,2012-06-28,2012-10-22,2012-10-22,2012-10-22,ARV,Adult,MYLAN LABORATORIES LTD (FORMERLY MATRIX LABORATORIES),"Lopinavir/Ritonavir 200/50mg, tablets, 120 Tabs",Lopinavir/Ritonavir,Generic,200/50mg,Tablet,120,2160,54000.0,25.0,0.21,Mylan (formerly Matrix) Nashik,False,1122.0,7785.125,75.71
5098,56332,104-CI-T30,FPQ-13622,SCMS-228860,ASN-25486,Côte d'Ivoire,PMO - US,Direct Drop,EXW,Air,2014-01-23,2014-03-03,2014-04-29,2014-04-29,2014-05-02,ARV,Adult,Aurobindo Pharma Limited,"Didanosine 250mg, delayed-release capsules, 30 Caps",Didanosine,Generic,250mg,Delayed-release capsules,30,1200,9096.0,7.58,0.25,"Aurobindo Unit III, India",True,96.0,1510.05,9.35
5099,56335,111-MZ-T30,FPQ-13134,SCMS-215590,ASN-24044,Mozambique,PMO - US,Direct Drop,EXW,Air,2013-11-12,2013-11-26,2014-03-02,2014-03-02,2014-05-07,ARV,Adult,Aurobindo Pharma Limited,"Didanosine 400mg, delayed-release capsules, 30 Caps",Didanosine,Generic,400mg,Delayed-release capsules,30,800,16000.0,20.0,0.67,"Aurobindo Unit III, India",True,62.0,1045.5,16.45
5100,56367,105-SS-T30,FPQ-14470,SCMS-245250,ASN-27328,South Sudan,PMO - US,Direct Drop,EXW,Air,2014-06-17,2014-06-30,2014-10-03,2014-10-03,2014-11-12,HRDT,HIV test - Ancillary,"Orgenics, Ltd","Chase Buffer, Determine, 100 Tests, 2.5ml x 1 Vial","Chase Buffer, Determine, 100 Tests, 2.5ml x 1 Vial",Determine,no_dosage,Test kit - Ancillary,1,160,800.0,5.0,5.0,"Alere Medical Co., Ltd.",False,104.0,2575.925,0.82
5101,56395,116-ZA-T30,FPQ-14942,SCMS-259072,ASN-30377,South Africa,PMO - US,Direct Drop,DDP,Truck,2014-09-11,2015-01-26,2015-01-26,2015-01-26,2015-01-26,ARV,Adult,PHARMACY DIRECT,"Emtricitabine/Tenofovir Disoproxil Fumarate 200/300mg, tablets, 30 Tabs",Emtricitabine/Tenofovir Disoproxil Fumarate,Generic,200/300mg,Tablet - FDC,30,11,240.14,21.83,0.73,"Aurobindo Unit III, India",False,17.0,0.0,0.25
5102,56416,900-UG-T30,FPQ-10089,SCMS-149400,ASN-15427,Uganda,PMO - US,Direct Drop,EXW,Air,2012-06-07,2012-06-12,2012-07-23,2012-07-23,2012-07-23,ARV,Adult,Aurobindo Pharma Limited,"Efavirenz 600mg, tablets, 30 Tabs",Efavirenz,Generic,600mg,Tablet,30,20617,70097.8,3.4,0.11,"Aurobindo Unit III, India",True,1770.0,7651.56,98.28
5103,56464,116-ZA-T30,FPQ-14942,SCMS-295800,ASN-33865,South Africa,PMO - US,Direct Drop,DDP,Truck,2014-09-11,2015-08-24,2015-08-24,2015-08-24,2015-08-24,ARV,Adult,PHARMACY DIRECT,"Didanosine 400mg, delayed-release capsules, 30 Caps",Didanosine,Generic,400mg,Delayed-release capsules,30,8,122.18,15.27,0.51,"Aurobindo Unit III, India",False,48.0,0.0,0.13
5104,56465,116-ZA-T30,FPQ-14942,SCMS-259076,ASN-32524,South Africa,PMO - US,Direct Drop,DDP,Truck,2014-09-11,2015-06-02,2015-06-02,2015-06-02,2015-06-02,ARV,Adult,PHARMACY DIRECT,"Efavirenz 600mg, tablets, 30 Tabs",Efavirenz,Generic,600mg,Tablet,30,38,428.22,11.27,0.38,"Aurobindo Unit III, India",False,668.5,0.0,0.44
5105,56468,800-CM-T30,FPQ-12570,SCMS-200901,ASN-25986,Cameroon,PMO - US,Direct Drop,EXW,Air,2013-07-10,2013-08-06,2014-06-10,2014-06-10,2014-06-10,HRDT,HIV test,"Orgenics, Ltd","HIV 1/2, Determine Complete HIV Kit, 100 Tests","HIV 1/2, Determine Complete HIV Kit",Determine,no_dosage,Test kit,100,5000,400000.0,80.0,0.8,"Alere Medical Co., Ltd.",True,2020.0,29918.58,494.8
5106,56487,110-ZM-T30,FPQ-6263,SCMS-87290,ASN-9001,Zambia,PMO - US,Direct Drop,EXW,Air,2010-09-08,2010-10-07,2010-12-17,2010-12-21,2010-12-21,HRDT,HIV test,"Orgenics, Ltd","HIV 1/2, Determine Complete HIV Kit, 100 Tests","HIV 1/2, Determine Complete HIV Kit",Determine,no_dosage,Test kit,100,2814,225120.0,80.0,0.8,Inverness Japan,True,1363.0,22746.62,485.36
5107,56495,133-NG-T30,FPQ-7553,SCMS-108700,ASN-12000,Nigeria,PMO - US,Direct Drop,EXW,Air,2011-04-28,2011-05-18,2011-09-12,2011-09-12,2011-09-12,HRDT,HIV test,"Trinity Biotech, Plc","HIV 1/2, Uni-Gold HIV Kit, 20 Tests","HIV 1/2, Uni-Gold HIV Kit",Uni-Gold,no_dosage,Test kit,20,5791,185312.0,32.0,1.6,"Trinity Biotech, Plc",True,1918.0,24147.39,305.76
5108,56496,105-GY-T30,FPQ-11562,SCMS-180010,ASN-18895,Guyana,PMO - US,Direct Drop,EXW,Air,2013-02-07,2013-03-06,2013-04-18,2013-04-18,2013-04-18,ARV,Pediatric,MICRO LABS LIMITED,"Efavirenz 50mg, capsule, 30 Caps",Efavirenz,Generic,50mg,Capsule,30,65,130.0,2.0,0.07,"Micro labs, Verna, Goa, India",True,4.0,783.21,0.16
5109,56505,161-ZA-T30,FPQ-7175,SCMS-104060,ASN-11256,South Africa,PMO - US,Direct Drop,DDP,Ocean,2011-03-10,2011-03-28,2011-12-06,2011-12-06,2011-12-06,ARV,Adult,CIPLA LIMITED,"Nevirapine 200mg, tablets, 60 Tabs",Nevirapine,Generic,200mg,Tablet,60,129183,351377.76,2.72,0.05,"Cipla, Goa, India",True,668.5,0.0,579.77
5110,56520,102-SD-T30,FPQ-7321,SCMS-107760,ASN-10899,Sudan,PMO - US,Direct Drop,EXW,Air,2011-03-29,2011-05-02,2011-06-24,2011-06-24,2011-06-24,HRDT,HIV test,"Standard Diagnostics, Inc.","HIV 1/2, Bioline 3.0 Kit, Lancets, Capillary pipets, Alcohol swabs included, 25 Tests","HIV 1/2, Bioline 3.0 Kit, Lancets, Capillary pipets, Alcohol swabs included",Bioline,no_dosage,Test kit,25,30,600.0,20.0,0.8,"Standard Diagnostics, Korea",True,430.0,4500.71,0.99
5111,56524,111-MZ-T30,FPQ-7270,SCMS-103130,ASN-11344,Mozambique,PMO - US,Direct Drop,EXW,Ocean,2011-03-04,2011-03-30,2011-11-22,2011-11-22,2011-11-22,HRDT,HIV test,"Trinity Biotech, Plc","HIV 1/2, Uni-Gold HIV Kit, 20 Tests","HIV 1/2, Uni-Gold HIV Kit",Uni-Gold,no_dosage,Test kit,20,13300,425600.0,32.0,1.6,"Trinity Biotech, Plc",True,4472.0,23408.33,702.24
5112,56550,109-TZ-T30,FPQ-3782,SCMS-47741,ASN-5095,Tanzania,PMO - US,Direct Drop,FCA,Air,2009-06-11,2009-06-23,2009-11-17,2009-11-17,2009-11-17,ARV,Adult,ABBVIE LOGISTICS (FORMERLY ABBOTT LOGISTICS BV),"Ritonavir 100mg [Norvir], capsules, cool, 4 x 84 Caps",Ritonavir,Norvir,100mg,Capsule,336,645,24742.2,38.36,0.11,ABBVIE (Abbott) Logis. UK,True,1210.0,7015.04,48.49
5113,56637,104-CI-T30,FPQ-11294,SCMS-173120,ASN-19921,Côte d'Ivoire,PMO - US,Direct Drop,EXW,Air,2012-12-14,2013-01-15,2013-06-24,2013-06-24,2013-06-24,HRDT,HIV test,"CHEMBIO DIAGNOSTIC SYSTEMS, INC.","HIV 1/2, Stat-Pak HIV, Kit, 20 Tests","HIV 1/2, Stat-Pak HIV, Kit",Stat-Pak,no_dosage,Test kit,20,2000,58000.0,29.0,1.45,Chembio Diagnostics Sys. Inc.,True,576.0,7168.62,71.75
5114,56668,108-VN-T30,FPQ-7898,SCMS-113680,ASN-12291,Vietnam,PMO - US,Direct Drop,EXW,Air,2011-06-27,2011-07-08,2011-10-24,2011-10-24,2011-10-24,ARV,Adult,HETERO LABS LIMITED,"Lamivudine/Zidovudine 150/300mg, tablets, 60 Tabs",Lamivudine/Zidovudine,Generic,150/300mg,Tablet - FDC,60,8245,67609.0,8.2,0.14,Hetero Unit III Hyderabad IN,True,759.0,7261.69,111.55
5115,56679,116-ZA-T30,FPQ-12522,SCMS-199287,ASN-27751,South Africa,PMO - US,Direct Drop,DDP,Truck,2013-07-11,2014-08-13,2014-08-13,2014-08-13,2014-08-13,ARV,Pediatric,S. BUYS WHOLESALER,"Lopinavir/Ritonavir 80/20mg/ml [Kaletra], oral solution, cool, Bottle 5 x 60 ml",Lopinavir/Ritonavir,Kaletra,80/20mg/ml,Oral solution,300,2,46.9,23.45,0.08,ABBVIE (Abbott) Logis. UK,True,1.0,0.0,0.06
5116,56716,108-VN-T30,FPQ-15692,SCMS-274390,ASN-32265,Vietnam,PMO - US,Direct Drop,EXW,Air,2015-01-28,2015-02-17,2015-07-10,2015-07-10,2015-07-10,ARV,Adult,HETERO LABS LIMITED,"Efavirenz/Lamivudine/Tenofovir Disoproxil Fumarate 600/300/300mg, tablets, 30 Tabs",Efavirenz/Lamivudine/Tenofovir Disoproxil Fumarate,Generic,600/300/300mg,Tablet - FDC,30,6816,68160.0,10.0,0.33,Hetero Unit III Hyderabad IN,True,2541.0,5489.55,80.22
5117,56734,161-ZA-T30,FPQ-7175,SCMS-103480,ASN-11804,South Africa,PMO - US,Direct Drop,DDP,Ocean,2011-03-10,2011-03-24,2012-01-04,2012-01-04,2012-01-04,ARV,Adult,Aurobindo Pharma Limited,"Abacavir 300mg, tablets, 60 Tabs",Abacavir,Generic,300mg,Tablet,60,23845,356005.85,14.93,0.25,"Aurobindo Unit III, India",True,2283.0,3649.67,587.41
5118,56748,114-UG-T30,FPQ-11153,SCMS-177120,ASN-18910,Uganda,PMO - US,Direct Drop,EXW,Air,2012-12-13,2013-02-07,2013-04-10,2013-04-10,2013-04-10,ARV,Pediatric,MICRO LABS LIMITED,"Efavirenz 50mg, capsule, 30 Caps",Efavirenz,Generic,50mg,Capsule,30,56,112.0,2.0,0.07,"Micro labs, Verna, Goa, India",False,168.0,2485.92,0.14
5119,56772,108-VN-T30,FPQ-9577,SCMS-145530,ASN-16123,Vietnam,PMO - US,Direct Drop,EXW,Air,2012-04-11,2012-06-12,2012-10-09,2012-10-09,2012-10-09,ARV,Adult,MYLAN LABORATORIES LTD (FORMERLY MATRIX LABORATORIES),"Tenofovir Disoproxil Fumarate 300mg, tablets, 30 Tabs",Tenofovir Disoproxil Fumarate,Generic,300mg,Tablet,30,41296,185419.04,4.49,0.15,Mylan (formerly Matrix) Nashik,False,668.5,4400.805,259.96
5120,56836,108-VN-T30,FPQ-15692,SCMS-274390,ASN-32265,Vietnam,PMO - US,Direct Drop,EXW,Air,2015-01-28,2015-02-17,2015-07-10,2015-07-10,2015-07-10,ARV,Adult,HETERO LABS LIMITED,"Nevirapine 200mg, tablets, 60 Tabs",Nevirapine,Generic,200mg,Tablet,60,6000,12960.0,2.16,0.04,Hetero Unit III Hyderabad IN,False,581.0,4400.805,15.25
5121,56837,106-HT-T30,FPQ-15038,SCMS-277520,ASN-30803,Haiti,PMO - US,Direct Drop,EXW,Air,2014-10-22,2015-02-19,2015-03-12,2015-03-12,2015-03-13,ARV,Adult,MYLAN LABORATORIES LTD (FORMERLY MATRIX LABORATORIES),"Atazanavir/Ritonavir 300/100mg, tablets, 30 Tabs",Atazanavir/Ritonavir,Generic,300/100mg,Tablet,30,2000,39000.0,19.5,0.65,Mylan (formerly Matrix) Nashik,True,280.0,3029.18,40.09
5122,56844,110-ZM-T30,FPQ-6263,SCMS-87290,ASN-8999,Zambia,PMO - US,Direct Drop,EXW,Air,2010-09-08,2010-10-07,2010-12-17,2010-12-16,2010-12-16,HRDT,HIV test,"Orgenics, Ltd","HIV 1/2, Determine Complete HIV Kit, 100 Tests","HIV 1/2, Determine Complete HIV Kit",Determine,no_dosage,Test kit,100,2041,163280.0,80.0,0.8,Inverness Japan,True,989.0,16654.29,352.03
5123,56861,106-HT-T30,FPQ-11065,SCMS-169340,ASN-18201,Haiti,PMO - US,Direct Drop,EXW,Air,2012-11-26,2012-12-12,2013-03-13,2013-03-13,2013-03-13,HRDT,HIV test,"SHANGHAI KEHUA BIOENGINEERING CO.,LTD.  (KHB)","HIV 1/2, SKB Colloidal Gold, Diagnostic Kit, Antibody, 50 Tests","HIV 1/2, Colloidal Gold, Diagnostic Kit, Antibody",Colloidal Gold,no_dosage,Test kit,1,250,6125.0,24.5,24.5,"KHB Test Kit Facility, Shanghai China",True,164.0,2204.84,7.58
5124,56864,106-HT-T30,FPQ-12590,SCMS-210511,ASN-24884,Haiti,PMO - US,Direct Drop,CIP,Air,2013-08-21,2014-02-05,2014-03-28,2014-03-28,2014-03-28,ARV,Adult,HETERO LABS LIMITED,"Lamivudine/Stavudine 150/30mg, tablets, 60 Tabs",Lamivudine/Stavudine,Generic,150/30mg,Tablet - FDC,60,288,717.12,2.49,0.04,Hetero Unit III Hyderabad IN,True,61.0,0.0,0.89
5125,56870,116-ZA-T30,FPQ-13973,SCMS-238550,ASN-30792,South Africa,PMO - US,Direct Drop,DDP,Truck,2014-04-30,2014-05-08,2015-02-19,2015-02-19,2015-02-19,ARV,Adult,PHARMACY DIRECT,"Nevirapine 200mg, tablets, 60 Tabs",Nevirapine,Generic,200mg,Tablet,60,3,53.24,17.75,0.3,"Aurobindo Unit III, India",False,1.0,0.0,0.05
5126,56880,133-NG-T30,FPQ-10765,SCMS-162440,ASN-17648,Nigeria,PMO - US,Direct Drop,EXW,Air,2012-10-05,2012-10-16,2013-01-09,2013-01-17,2013-01-17,HRDT,HIV test,"Orgenics, Ltd","HIV 1/2, Determine Complete HIV Kit, 100 Tests","HIV 1/2, Determine Complete HIV Kit",Determine,no_dosage,Test kit,100,2744,244216.0,89.0,0.89,"Alere Medical Co., Ltd.",True,1235.0,25577.2,342.39
5127,56898,102-SD-T30,FPQ-8261,SCMS-120451,ASN-13274,Sudan,PMO - US,Direct Drop,EXW,Air,2011-08-29,2011-09-14,2012-02-03,2012-02-03,2012-02-03,HRDT,HIV test,"Orgenics, Ltd","HIV 1/2, Determine Complete HIV Kit, 100 Tests","HIV 1/2, Determine Complete HIV Kit",Determine,no_dosage,Test kit,100,116,10324.0,89.0,0.89,"Alere Medical Co., Ltd.",True,45.0,1961.65,17.03
5128,56899,109-TZ-T30,FPQ-12197,SCMS-189360,ASN-21235,Tanzania,PMO - US,Direct Drop,EXW,Air,2013-04-30,2013-05-29,2013-09-17,2013-09-16,2013-09-16,HRDT,HIV test,"Standard Diagnostics, Inc.","HIV 1/2, Determine Complete HIV Kit, 100 Tests","HIV 1/2, Determine Complete HIV Kit",Determine,no_dosage,Test kit,100,2330,0.0,0.0,0.0,"Alere Medical Co., Ltd.",True,965.0,16382.89,0.0
5129,56902,116-ZA-T30,FPQ-13973,SCMS-238553,ASN-28021,South Africa,PMO - US,Direct Drop,DDP,Truck,2014-04-30,2014-08-28,2014-08-28,2014-08-28,2014-08-28,ARV,Adult,PHARMACY DIRECT,"Didanosine 250mg, delayed-release capsules, 30 Caps",Didanosine,Generic,250mg,Delayed-release capsules,30,4,60.99,15.25,0.51,"Aurobindo Unit III, India",False,78.0,0.0,0.06
5130,56906,114-UG-T30,FPQ-12290,SCMS-192360,ASN-22588,Uganda,PMO - US,Direct Drop,EXW,Air,2013-05-17,2013-06-24,2013-11-21,2013-11-21,2013-11-22,ARV,Adult,MYLAN LABORATORIES LTD (FORMERLY MATRIX LABORATORIES),"Atazanavir 300mg, capsules, 30 Caps",Atazanavir,Generic,300mg,Capsule,30,7035,105525.0,15.0,0.5,Mylan (formerly Matrix) Nashik,True,440.0,2242.71,130.53
5131,56919,116-ZA-T30,FPQ-14942,SCMS-259076,ASN-32524,South Africa,PMO - US,Direct Drop,DDP,Truck,2014-09-11,2015-06-02,2015-06-02,2015-06-02,2015-06-02,ARV,Adult,PHARMACY DIRECT,"Lamivudine/Zidovudine 150/300mg, tablets, 60 Tabs",Lamivudine/Zidovudine,Generic,150/300mg,Tablet - FDC,60,14,300.08,21.43,0.36,"Aurobindo Unit III, India",False,38.5,0.0,0.31
5132,56927,133-NG-T30,FPQ-4891,SCMS-64780,ASN-6979,Nigeria,PMO - US,Direct Drop,EXW,Air,2010-01-15,2010-02-05,2010-05-05,2010-06-16,2010-06-16,HRDT,HIV test,"Orgenics, Ltd","HIV 1/2, Determine Complete HIV Kit, 100 Tests","HIV 1/2, Determine Complete HIV Kit",Determine,no_dosage,Test kit,100,2100,168000.0,80.0,0.8,Inverness Japan,True,1002.0,0.0,362.21
5133,56932,103-CM-T30,FPQ-12711,SCMS-203110,ASN-22043,Cameroon,PMO - US,Direct Drop,EXW,Air,2013-08-09,2013-09-04,2013-10-10,2013-10-10,2013-10-21,HRDT,HIV test,HUMAN GMBH,"HIV 1/2, HEXAGON Rapid HIV Kit, 100 Tests","HIV 1/2, HEXAGON Rapid HIV Kit",Hexagon,no_dosage,Test kit,100,30,3347.4,111.58,1.12,Human Diagnostic,True,46.0,1003.18,4.14
5134,56940,114-UG-T30,FPQ-12477,SCMS-198530,ASN-22141,Uganda,PMO - US,Direct Drop,EXW,Air,2013-07-08,2013-07-31,2013-10-30,2013-10-30,2013-10-30,ARV,Adult,CIPLA LIMITED,"Lamivudine/Tenofovir Disoproxil Fumarate 300/300mg, tablets, 30 Tabs",Lamivudine/Tenofovir Disoproxil Fumarate,Generic,300/300mg,Tablet - FDC,30,16716,76893.6,4.6,0.15,"Cipla, Kurkumbh, India",True,1874.0,7487.81,95.12
5135,56950,161-ZA-T30,FPQ-5648,SCMS-75650,ASN-9846,South Africa,PMO - US,Direct Drop,DDP,Ocean,2010-06-02,2010-06-17,2011-03-17,2011-03-17,2011-03-17,ARV,Pediatric,Aurobindo Pharma Limited,"Lamivudine 10mg/ml, oral solution w/syringe, Bottle, 240 ml",Lamivudine,Generic,10mg/ml,Oral solution,240,33476,70969.12,2.12,0.01,"Aurobindo Unit III, India",True,668.5,0.0,153.01
5136,56957,108-VN-T30,FPQ-13034,SCMS-210120,ASN-24394,Vietnam,PMO - US,Direct Drop,EXW,Air,2013-10-04,2013-10-10,2014-04-23,2014-04-23,2014-04-23,ARV,Adult,HETERO LABS LIMITED,"Abacavir 300mg, tablets, 60 Tabs",Abacavir,Generic,300mg,Tablet,60,564,6457.8,11.45,0.19,Hetero Unit III Hyderabad IN,False,2078.0,4400.805,7.99
5137,56962,111-MZ-T30,FPQ-8527,SCMS-130150,ASN-13534,Mozambique,PMO - US,Direct Drop,EXW,Ocean,2011-10-05,2011-11-29,2012-02-29,2012-02-29,2012-02-29,HRDT,HIV test,"Trinity Biotech, Plc","HIV 1/2, Uni-Gold HIV Kit, 20 Tests","HIV 1/2, Uni-Gold HIV Kit",Uni-Gold,no_dosage,Test kit,20,7400,236800.0,32.0,1.6,"Trinity Biotech, Plc",True,2471.0,33872.84,390.72
5138,56996,100-ZW-T30,FPQ-5018,SCMS-65350,ASN-6753,Zimbabwe,PMO - US,Direct Drop,EXW,Air,2010-02-02,2010-02-17,2010-05-20,2010-05-31,2010-05-31,HRDT,HIV test,"Orgenics, Ltd","HIV 1/2, Determine Complete HIV Kit, 100 Tests","HIV 1/2, Determine Complete HIV Kit",Determine,no_dosage,Test kit,100,2450,176400.0,72.0,0.72,Inverness Japan,True,1183.0,21170.3,380.32
5139,57016,104-CI-T30,FPQ-12806,SCMS-206570,ASN-24432,Côte d'Ivoire,PMO - US,Direct Drop,EXW,Air,2013-08-09,2013-09-17,2014-02-27,2014-02-27,2014-03-26,ARV,Pediatric,Aurobindo Pharma Limited,"Zidovudine 100mg, capsules, 100 Caps",Zidovudine,Generic,100mg,Capsule,100,400,1800.0,4.5,0.04,"Aurobindo Unit III, India",False,81.0,4063.81,2.23
5140,57055,133-NG-T30,FPQ-12812,SCMS-210351,ASN-23946,Nigeria,PMO - US,Direct Drop,EXW,Air,2013-08-13,2013-11-01,2014-02-18,2014-02-18,2014-03-19,HRDT,HIV test,"Orgenics, Ltd","HIV 1/2, Determine Complete HIV Kit, 100 Tests","HIV 1/2, Determine Complete HIV Kit",Determine,no_dosage,Test kit,100,10798,961022.0,89.0,0.89,"Alere Medical Co., Ltd.",True,4388.0,66059.65,1188.78
5141,57087,114-UG-T30,FPQ-14407,SCMS-244540,ASN-28239,Uganda,PMO - US,Direct Drop,EXW,Air,2014-06-11,2014-06-20,2014-10-28,2014-10-28,2014-10-29,ARV,Adult,MYLAN LABORATORIES LTD (FORMERLY MATRIX LABORATORIES),"Atazanavir/Ritonavir 300/100mg, tablets, 30 Tabs",Atazanavir/Ritonavir,Generic,300/100mg,Tablet,30,3115,62300.0,20.0,0.67,Mylan (formerly Matrix) Nashik,True,420.0,2335.73,64.04
5142,57117,161-ZA-T30,FPQ-7175,SCMS-103500,ASN-11199,South Africa,PMO - US,Direct Drop,DDP,Ocean,2011-03-10,2011-03-24,2011-09-02,2011-09-02,2011-09-02,ARV,Adult,Aurobindo Pharma Limited,"Lamivudine/Zidovudine 150/300mg, tablets, 60 Tabs",Lamivudine/Zidovudine,Generic,150/300mg,Tablet - FDC,60,25000,210500.0,8.42,0.14,"Aurobindo Unit III, India",True,2303.0,3790.0,347.32
5143,57173,104-CI-T30,FPQ-4484,SCMS-56480,ASN-5620,Côte d'Ivoire,PMO - US,Direct Drop,EXW,Air,2009-10-29,2009-11-03,2010-01-21,2010-01-21,2010-01-21,HRDT,HIV test,"Orgenics, Ltd","HIV 1/2, Determine HIV Kit, without Lancets, 100 Tests","HIV 1/2, Determine HIV Kit, without Lancets",Determine,no_dosage,Test kit,100,3500,245000.0,70.0,0.7,Inverness Japan,True,794.0,12499.27,528.22
5144,57218,108-VN-T30,FPQ-4265,SCMS-57130,ASN-6266,Vietnam,PMO - US,Direct Drop,EXW,Air,2009-10-20,2009-11-13,2010-03-19,2010-03-19,2010-03-19,ARV,Adult,Aurobindo Pharma Limited,"Lamivudine/Zidovudine 150/300mg, tablets, 60 Tabs",Lamivudine/Zidovudine,Generic,150/300mg,Tablet - FDC,60,15204,130906.44,8.61,0.14,"Aurobindo Unit III, India",False,668.5,4400.805,256.58
5145,57257,161-ZA-T30,FPQ-6262,SCMS-84250,ASN-9452,South Africa,PMO - US,Direct Drop,DDP,Ocean,2010-08-31,2010-09-21,2010-12-15,2011-02-11,2011-02-11,ARV,Adult,STRIDES ARCOLAB LIMITED,"Lamivudine 150mg, tablets, 60 Tabs",Lamivudine,Generic,150mg,Tablet,60,122743,303175.21,2.47,0.04,"Strides, Bangalore, India.",True,668.5,0.0,653.65
5146,57266,103-KE-T30,FPQ-9856,SCMS-149180,ASN-16494,Kenya,PMO - US,Direct Drop,EXW,Air,2012-05-24,2012-06-13,2012-10-15,2012-10-15,2012-10-15,HRDT,HIV test,"Trinity Biotech, Plc","HIV 1/2, Uni-Gold HIV Kit, 20 Tests","HIV 1/2, Uni-Gold HIV Kit",Uni-Gold,no_dosage,Test kit,20,15000,480000.0,32.0,1.6,"Trinity Biotech, Plc",True,4956.0,36219.03,672.96
5147,57308,116-ZA-T30,FPQ-11828,SCMS-183950,ASN-19166,South Africa,South Africa Field Office,Direct Drop,DDP,Truck,2013-03-18,2012-10-16,2013-04-16,2013-04-16,2013-04-16,ARV,Adult,S. BUYS WHOLESALER,"Didanosine 400mg, delayed-release capsules, 30 Caps",Didanosine,Generic,400mg,Delayed-release capsules,30,251,4996.06,19.9,0.66,"Aurobindo Unit III, India",False,668.5,0.0,6.18
5148,57339,161-ZA-T30,FPQ-7175,SCMS-103680,ASN-13226,South Africa,PMO - US,Direct Drop,DDP,Ocean,2011-03-10,2011-03-23,2011-12-01,2012-01-09,2012-01-09,ARV,Adult,EMCURE PHARMACEUTICALS LTD,"Efavirenz 600mg, tablets, 30 Tabs",Efavirenz,Generic,600mg,Tablet,30,105813,454995.9,4.3,0.14,"Emcure Plot No.P-2, I.T-B.T. Park, Phase II, MIDC, Hinjwadi, Pune, India",True,8351.0,7292.26,750.74
5149,57344,116-ZA-T30,FPQ-13973,SCMS-238555,ASN-29257,South Africa,PMO - US,Direct Drop,DDP,Truck,2014-04-30,2014-11-04,2014-11-05,2014-11-05,2014-11-05,ARV,Pediatric,PHARMACY DIRECT,"Abacavir 20mg/ml, oral solution, Bottle, 240 ml",Abacavir,Generic,20mg/ml,Oral solution,240,45,1102.97,24.51,0.1,"Aurobindo Unit III, India",False,13.0,0.0,1.13
5150,57346,103-CM-T30,FPQ-8396,SCMS-122270,ASN-12701,Cameroon,PMO - US,Direct Drop,EXW,Air,2011-09-13,2011-09-15,2011-11-18,2011-11-18,2011-11-18,HRDT,HIV test,HUMAN GMBH,"HIV 1/2, HEXAGON Rapid HIV Kit, 100 Tests","HIV 1/2, HEXAGON Rapid HIV Kit",Hexagon,no_dosage,Test kit,100,20,2231.6,111.58,1.12,Human Diagnostic,True,30.0,549.16,3.68
5151,57377,116-ZA-T30,FPQ-14942,SCMS-259079,ASN-33851,South Africa,PMO - US,Direct Drop,DDP,Truck,2014-09-11,2014-10-09,2015-08-24,2015-08-24,2015-08-24,ARV,Adult,PHARMACY DIRECT,"Nevirapine 200mg, tablets, 60 Tabs",Nevirapine,Generic,200mg,Tablet,60,24,329.7,13.74,0.23,"Aurobindo Unit III, India",False,14.5,0.0,0.34
5152,57379,108-VN-T30,FPQ-4266,SCMS-56540,ASN-7740,Vietnam,PMO - US,Direct Drop,EXW,Air,2009-10-20,2009-11-11,2010-08-23,2010-08-23,2010-08-23,ARV,Adult,Aurobindo Pharma Limited,"Lamivudine/Zidovudine 150/300mg, tablets, 60 Tabs",Lamivudine/Zidovudine,Generic,150/300mg,Tablet - FDC,60,22008,189488.88,8.61,0.14,"Aurobindo Unit III, India",True,2148.0,12793.94,371.4
5153,57392,900-UG-T30,FPQ-10089,SCMS-149411,ASN-15514,Uganda,PMO - US,Direct Drop,EXW,Air,2012-06-07,2012-06-12,2012-07-27,2012-07-27,2012-07-27,ARV,Adult,HETERO LABS LIMITED,"Nevirapine 200mg, tablets, 60 Tabs",Nevirapine,Generic,200mg,Tablet,60,40860,95612.4,2.34,0.04,Hetero Unit III Hyderabad IN,True,12945.0,48653.36,134.05
5154,57394,102-SZ-T30,FPQ-10537,SCMS-159090,ASN-16722,Swaziland,PMO - US,Direct Drop,EXW,Air,2012-08-23,2012-09-12,2012-10-19,2012-10-19,2012-10-19,HRDT,HIV test - Ancillary,"Orgenics, Ltd","Chase Buffer, Determine, 100 Tests, 2.5ml x 1 Vial","Chase Buffer, Determine, 100 Tests, 2.5ml x 1 Vial",Determine,no_dosage,Test kit - Ancillary,1,220,1430.0,6.5,6.5,"Alere Medical Co., Ltd.",True,97.0,3467.885,2.0
5155,57447,108-VN-T30,FPQ-13034,SCMS-210050,ASN-25327,Vietnam,PMO - US,Direct Drop,EXW,Air,2013-10-04,2013-10-07,2014-05-15,2014-05-15,2014-05-14,ARV,Adult,MYLAN LABORATORIES LTD (FORMERLY MATRIX LABORATORIES),"Lamivudine/Nevirapine/Zidovudine 150/200/300mg, tablets, 60 Tabs",Lamivudine/Nevirapine/Zidovudine,Generic,150/300/200mg,Tablet - FDC,60,4980,40338.0,8.1,0.13,Mylan (formerly Matrix) Nashik,True,695.0,1377.02,49.9
5156,57449,108-VN-T30,FPQ-14516,SCMS-249030,ASN-29588,Vietnam,PMO - US,Direct Drop,FCA,Air,2014-07-09,2014-08-11,2015-01-15,2015-01-15,2015-01-22,ARV,Adult,ABBVIE LOGISTICS (FORMERLY ABBOTT LOGISTICS BV),"Lopinavir/Ritonavir 200/50mg [Aluvia], tablets, 120 Tabs",Lopinavir/Ritonavir,Aluvia,200/50mg,Tablet,120,4400,267608.0,60.82,0.51,ABBVIE Ludwigshafen Germany,True,1073.0,1475.94,275.1
5157,57493,104-CI-T30,FPQ-5544,SCMS-71910,ASN-7323,Côte d'Ivoire,PMO - US,Direct Drop,CIP,Air,2010-04-19,2010-04-26,2010-07-06,2010-07-06,2010-07-06,ARV,Pediatric,BRISTOL-MYERS SQUIBB,"Didanosine 50mg [Videx], chewable tablets, 60 Tabs",Didanosine,Videx,50mg,Chewable/dispersible tablet,60,2000,19000.0,9.5,0.16,"BMS Meymac, France",True,391.0,830.05,40.96
5158,57513,102-AO-T30,FPQ-6434,SCMS-91620,ASN-9640,Angola,PMO - US,Direct Drop,EXW,Air,2010-10-28,2010-11-10,2011-04-14,2011-04-14,2011-04-14,HRDT,HIV test,"Trinity Biotech, Plc","HIV 1/2, Uni-Gold HIV Kit, 20 Tests","HIV 1/2, Uni-Gold HIV Kit",Uni-Gold,no_dosage,Test kit,20,500,16000.0,32.0,1.6,"Trinity Biotech, Plc",True,260.0,9597.9,34.5
5159,57537,116-ZA-T30,FPQ-12522,SCMS-199283,ASN-27978,South Africa,PMO - US,Direct Drop,DDP,Truck,2013-07-11,2014-08-27,2014-08-27,2014-08-27,2014-08-27,ARV,Adult,S. BUYS WHOLESALER,"Efavirenz 600mg, tablets, 30 Tabs",Efavirenz,Generic,600mg,Tablet,30,203,3395.39,16.73,0.56,Hetero Unit III Hyderabad IN,False,668.5,0.0,4.2
5160,57538,161-ZA-T30,FPQ-6262,SCMS-83810,ASN-10575,South Africa,PMO - US,Direct Drop,DDP,Ocean,2010-08-31,2010-09-24,2011-06-03,2011-06-03,2011-06-03,ARV,Pediatric,Aurobindo Pharma Limited,"Efavirenz 50mg, capsule, 30 Caps",Efavirenz,Generic,50mg,Capsule,30,55000,131450.0,2.39,0.08,"Aurobindo Unit III, India",True,3099.0,7321.43,283.41
5161,57852,116-ZA-T30,FPQ-12522,SCMS-199289,ASN-28033,South Africa,PMO - US,Direct Drop,DDP,Truck,2013-07-11,2014-08-29,2014-08-29,2014-08-29,2014-08-29,ARV,Adult,S. BUYS WHOLESALER,"Abacavir 300mg, tablets, 60 Tabs",Abacavir,Generic,300mg,Tablet,60,88,6697.54,76.11,1.27,"Aurobindo Unit III, India",False,52.5,0.0,8.28
5162,57540,101-CD-T30,FPQ-12093,SCMS-189070,ASN-20218,"Congo, DRC",PMO - US,Direct Drop,EXW,Air,2013-04-23,2013-05-17,2013-11-28,2013-11-28,2013-12-03,ARV,Pediatric,Aurobindo Pharma Limited,"Didanosine 200mg, delayed-release capsules, 30 Caps",Didanosine,Generic,200mg,Delayed-release capsules,30,75,825.0,11.0,0.37,"Aurobindo Unit III, India",False,19.0,2346.5699999999997,1.02
5163,57541,111-MZ-T30,FPQ-7054,SCMS-98430,ASN-12216,Mozambique,PMO - US,Direct Drop,FCA,Air,2011-01-21,2011-02-08,2011-11-02,2011-11-02,2011-11-02,ARV,Adult,Hoffmann-La Roche ltd Basel,"Saquinavir 200mg [Invirase], capsules, 270 Caps",Saquinavir,Invirase,200mg,Capsule,270,461,47723.35,103.52,0.38,Roche Basel,True,238.0,2556.61,78.74
5164,57582,108-VN-T30,FPQ-15692,SCMS-274350,ASN-32776,Vietnam,PMO - US,Direct Drop,EXW,Air,2015-01-28,2015-02-17,2015-07-27,2015-07-27,2015-07-27,ARV,Adult,MYLAN LABORATORIES LTD (FORMERLY MATRIX LABORATORIES),"Lamivudine/Nevirapine/Zidovudine 150/200/300mg, tablets, 60 Tabs",Lamivudine/Nevirapine/Zidovudine,Generic,150/300/200mg,Tablet - FDC,60,6437,52139.7,8.1,0.13,Mylan (formerly Matrix) Nashik,False,668.5,4400.805,61.37
5165,57590,114-UG-T30,FPQ-12477,SCMS-198541,ASN-22495,Uganda,PMO - US,Direct Drop,EXW,Air,2013-07-08,2013-09-10,2013-11-16,2013-11-16,2013-11-26,ARV,Adult,CIPLA LIMITED,"Lamivudine/Tenofovir Disoproxil Fumarate 300/300mg, tablets, 30 Tabs",Lamivudine/Tenofovir Disoproxil Fumarate,Generic,300/300mg,Tablet - FDC,30,40000,184000.0,4.6,0.15,"Cipla, Kurkumbh, India",True,4620.0,18550.93,227.61
5166,57596,900-SZ-T30,FPQ-8386,SCMS-122660,ASN-12494,Swaziland,PMO - US,Direct Drop,EXW,Ocean,2011-09-14,2011-09-22,2011-12-15,2011-12-15,2011-12-15,ARV,Adult,MYLAN LABORATORIES LTD (FORMERLY MATRIX LABORATORIES),"Efavirenz/Lamivudine/Tenofovir Disoproxil Fumarate 600/300/300mg, tablets, 30 Tabs",Efavirenz/Lamivudine/Tenofovir Disoproxil Fumarate,Generic,600/300/300mg,Tablet - FDC,30,97300,1371930.0,14.1,0.47,Mylan (formerly Matrix) Nashik,True,11433.0,12323.93,2263.68
5167,57637,107-RW-T30,FPQ-6417,SCMS-87200,ASN-8567,Rwanda,PMO - US,Direct Drop,EXW,Air,2010-09-20,2010-10-06,2010-12-23,2010-12-23,2010-12-23,HRDT,HIV test,"Standard Diagnostics, Inc.","HIV 1/2, Bioline 3.0 Kit, (no accessories), 30 Tests","HIV 1/2, Bioline 3.0 Kit (no accessories)",Bioline,no_dosage,Test kit,30,1700,40800.0,24.0,0.8,"Standard Diagnostics, Korea",True,570.0,9054.08,87.96
5168,57661,102-SD-T30,FPQ-7320,SCMS-107750,ASN-11112,Sudan,PMO - US,Direct Drop,EXW,Air,2011-03-29,2011-05-02,2011-07-01,2011-07-01,2011-07-01,HRDT,HIV test - Ancillary,"Orgenics, Ltd","Capillary Tubes, for Determine, EDTA, 50uL,100 Pcs","HIV, Capillary Tubes, for Determine, EDTA, 50uL,100 Pcs",Determine,no_dosage,Test kit - Ancillary,100,33,396.0,12.0,0.12,Inverness Japan,True,3.0,1209.56,0.65
5169,57701,103-SS-T30,FPQ-13172,SCMS-213420,ASN-23156,South Sudan,PMO - US,Direct Drop,EXW,Air,2013-10-28,2013-11-06,2014-02-27,2014-02-27,2014-03-04,HRDT,HIV test,"Orgenics, Ltd","HIV 1/2, Determine Complete HIV Kit, 100 Tests","HIV 1/2, Determine Complete HIV Kit",Determine,no_dosage,Test kit,100,694,61766.0,89.0,0.89,"Alere Medical Co., Ltd.",True,285.0,4350.03,63.5
5170,57727,144-BW-T30,FPQ-4167,SCMS-54020,ASN-6952,Botswana,PMO - US,Direct Drop,EXW,Air,2009-09-09,2009-09-29,2010-06-15,2010-06-15,2010-06-15,HRDT,HIV test,"Orgenics, Ltd","HIV 1/2, Determine HIV Kit, without Lancets, 100 Tests","HIV 1/2, Determine HIV Kit, without Lancets",Determine,no_dosage,Test kit,100,8,560.0,70.0,0.7,Inverness Japan,True,3.0,584.1,1.1
5171,57733,106-HT-T30,FPQ-11286,SCMS-176340,ASN-19535,Haiti,PMO - US,Direct Drop,EXW,Air,2013-01-16,2013-02-05,2013-06-10,2013-06-10,2013-06-10,ARV,Adult,HETERO LABS LIMITED,"Lamivudine/Stavudine 150/30mg, tablets, 60 Tabs",Lamivudine/Stavudine,Generic,150/30mg,Tablet - FDC,60,336,836.64,2.49,0.04,Hetero Unit III Hyderabad IN,True,37.0,1845.9,1.03
5172,57738,901-CM-T30,FPQ-12528,SCMS-196510,ASN-21499,Cameroon,PMO - US,Direct Drop,EXW,Air,2013-06-21,2013-06-28,2013-09-26,2013-09-26,2013-09-26,ARV,Adult,MYLAN LABORATORIES LTD (FORMERLY MATRIX LABORATORIES),"Efavirenz/Lamivudine/Tenofovir Disoproxil Fumarate 600/300/300mg, tablets, 30 Tabs",Efavirenz/Lamivudine/Tenofovir Disoproxil Fumarate,Generic,600/300/300mg,Tablet - FDC,30,44407,495138.05,11.15,0.37,Mylan (formerly Matrix) Nashik,True,5016.0,43408.7,612.49
5173,57747,106-HT-T30,FPQ-9635,SCMS-152710,ASN-16346,Haiti,PMO - US,Direct Drop,EXW,Air,2012-05-14,2012-07-12,2012-10-04,2012-10-04,2012-10-04,ARV,Pediatric,Aurobindo Pharma Limited,"Nevirapine 50mg, dispersible tablets (tablets for oral suspension), 30 Tabs",Nevirapine,Generic,50mg,Chewable/dispersible tablet,30,2891,3613.75,1.25,0.04,"Aurobindo Unit III, India",True,156.0,1887.58,5.07
5174,57754,116-ZA-T30,FPQ-13973,SCMS-238551,ASN-26882,South Africa,PMO - US,Direct Drop,DDP,Truck,2014-04-30,2014-06-25,2014-06-25,2014-06-25,2014-06-25,ARV,Adult,PHARMACY DIRECT,"Abacavir 300mg, tablets, 60 Tabs",Abacavir,Generic,300mg,Tablet,60,45,3104.58,68.99,1.15,"Aurobindo Unit III, India",False,13.0,0.0,3.19
5175,57779,106-HT-T30,FPQ-15038,SCMS-262840,ASN-31820,Haiti,PMO - US,Direct Drop,EXW,Ocean,2014-10-22,2014-12-24,2015-07-03,2015-07-03,2015-07-13,ARV,Adult,MYLAN LABORATORIES LTD (FORMERLY MATRIX LABORATORIES),"Lamivudine/Nevirapine/Zidovudine 150/200/300mg, tablets, 60 Tabs",Lamivudine/Nevirapine/Zidovudine,Generic,150/300/200mg,Tablet - FDC,60,60000,486000.0,8.1,0.13,Mylan (formerly Matrix) Nashik,False,6875.0,7785.125,499.61
5176,57780,111-MZ-T30,FPQ-3588,SCMS-45690,ASN-5257,Mozambique,PMO - US,Direct Drop,CIP,Air,2009-03-25,2009-05-13,2009-10-29,2009-10-29,2009-10-29,ARV,Adult,GLAXOSMITHKLINE EXPORT LIMITED,"Abacavir/Lamivudine/Zidovudine 300/150/300mg [Trizivir], tablets, 60 Tabs",Abacavir/Lamivudine/Zidovudine,Trizivir,300/150/300mg,Tablet - FDC,60,1676,90017.96,53.71,0.9,GSK Ware (UK),True,249.0,0.0,176.44
5177,57812,108-VN-T30,FPQ-15692,SCMS-274390,ASN-32270,Vietnam,PMO - US,Direct Drop,EXW,Air,2015-01-28,2015-02-17,2015-07-10,2015-07-10,2015-07-10,ARV,Adult,HETERO LABS LIMITED,"Efavirenz/Lamivudine/Tenofovir Disoproxil Fumarate 600/300/300mg, tablets, 30 Tabs",Efavirenz/Lamivudine/Tenofovir Disoproxil Fumarate,Generic,600/300/300mg,Tablet - FDC,30,1144,11440.0,10.0,0.33,Hetero Unit III Hyderabad IN,False,668.5,4400.805,13.46
5178,57819,108-VN-T30,FPQ-13524,SCMS-226260,ASN-26927,Vietnam,PMO - US,Direct Drop,EXW,Air,2014-02-06,2014-03-10,2014-08-13,2014-08-13,2014-08-25,ARV,Adult,HETERO LABS LIMITED,"Efavirenz 600mg, tablets, 30 Tabs",Efavirenz,Generic,600mg,Tablet,30,12700,44450.0,3.5,0.12,Hetero Unit III Hyderabad IN,False,1572.0,4400.805,45.69
5179,57826,108-VN-T30,FPQ-15692,SCMS-274370,ASN-32262,Vietnam,PMO - US,Direct Drop,EXW,Air,2015-01-28,2015-02-17,2015-07-13,2015-07-13,2015-07-14,ARV,Adult,HETERO LABS LIMITED,"Efavirenz 600mg, tablets, 30 Tabs",Efavirenz,Generic,600mg,Tablet,30,8000,28000.0,3.5,0.12,Hetero Unit III Hyderabad IN,False,1023.0,4400.805,32.96
5180,57849,109-TZ-T30,FPQ-4157,SCMS-52776,ASN-5591,Tanzania,PMO - US,Direct Drop,EXW,Air,2009-08-27,2009-09-11,2009-12-24,2009-12-24,2009-12-24,HRDT,HIV test,"Standard Diagnostics, Inc.","HIV 1/2, Bioline 3.0 Kit, (no accessories), 30 Tests","HIV 1/2, Bioline 3.0 Kit (no accessories)",Bioline,no_dosage,Test kit,30,4950,118800.0,24.0,0.8,"Standard Diagnostics, Korea",True,1650.0,11737.26,232.85
5181,57862,116-ZA-T30,FPQ-13973,SCMS-238555,ASN-29257,South Africa,PMO - US,Direct Drop,DDP,Truck,2014-04-30,2014-11-04,2014-11-05,2014-11-05,2014-11-05,ARV,Pediatric,PHARMACY DIRECT,"Efavirenz 200mg, capsule, 90 Caps",Efavirenz,Generic,200mg,Capsule,90,46,1085.01,23.59,0.26,"Aurobindo Unit III, India",False,3.0,0.0,1.12
5182,57866,114-UG-T30,FPQ-12290,SCMS-192210,ASN-22576,Uganda,PMO - US,Direct Drop,EXW,Air,2013-05-17,2013-06-24,2013-11-21,2013-11-21,2013-11-22,ARV,Adult,MYLAN LABORATORIES LTD (FORMERLY MATRIX LABORATORIES),"Atazanavir 300mg, capsules, 30 Caps",Atazanavir,Generic,300mg,Capsule,30,1946,29190.0,15.0,0.5,Mylan (formerly Matrix) Nashik,True,122.0,1249.78,36.11
5183,57876,116-ZA-T30,FPQ-3596,SCMS-50360,ASN-5451,South Africa,PMO - US,Direct Drop,DDP,Truck,2009-05-07,2009-09-22,2009-10-29,2009-10-29,2009-10-29,ARV,Adult,S. BUYS WHOLESALER,"Lamivudine 150mg, tablets, 60 Tabs",Lamivudine,Generic,150mg,Tablet,60,8146,79058.92,9.71,0.16,"Aurobindo Unit III, India",False,668.5,0.0,154.96
5184,57886,116-ZA-T30,FPQ-12522,SCMS-199280,ASN-24433,South Africa,PMO - US,Direct Drop,DDP,Truck,2013-07-11,2013-08-13,2014-02-07,2014-02-07,2014-02-07,ARV,Adult,S. BUYS WHOLESALER,"Abacavir 300mg, tablets, 60 Tabs",Abacavir,Generic,300mg,Tablet,60,72,5479.8,76.11,1.27,"Aurobindo Unit III, India",False,668.5,0.0,6.78
5185,57902,104-CI-T30,FPQ-3967,SCMS-52691,ASN-5781,Côte d'Ivoire,PMO - US,Direct Drop,CIP,Air,2009-08-21,2009-11-02,2010-01-15,2010-01-15,2010-01-15,ARV,Pediatric,BRISTOL-MYERS SQUIBB,"Didanosine 50mg [Videx], chewable tablets, 60 Tabs",Didanosine,Videx,50mg,Chewable/dispersible tablet,60,386,3667.0,9.5,0.16,"BMS Meymac, France",True,78.0,570.75,7.19
5186,57905,116-ZA-T30,FPQ-14942,SCMS-259076,ASN-32524,South Africa,PMO - US,Direct Drop,DDP,Truck,2014-09-11,2015-06-02,2015-06-02,2015-06-02,2015-06-02,ARV,Adult,PHARMACY DIRECT,"Didanosine 400mg, delayed-release capsules, 30 Caps",Didanosine,Generic,400mg,Delayed-release capsules,30,6,85.31,14.22,0.47,"Aurobindo Unit III, India",False,9.0,0.0,0.09
5187,57909,116-ZA-T30,FPQ-13973,SCMS-238550,ASN-30792,South Africa,PMO - US,Direct Drop,DDP,Truck,2014-04-30,2014-05-08,2015-02-19,2015-02-19,2015-02-19,ARV,Adult,PHARMACY DIRECT,"Efavirenz 600mg, tablets, 30 Tabs",Efavirenz,Generic,600mg,Tablet,30,3,46.79,15.6,0.52,"Aurobindo Unit III, India",False,1.0,0.0,0.05
5188,57928,110-ZM-T30,FPQ-4691,SCMS-60710,ASN-6291,Zambia,PMO - US,Direct Drop,EXW,Air,2009-12-16,2009-12-22,2010-03-18,2010-03-18,2010-03-18,HRDT,HIV test,"Orgenics, Ltd","HIV 1/2, Determine Complete HIV Kit, 100 Tests","HIV 1/2, Determine Complete HIV Kit",Determine,no_dosage,Test kit,100,2100,151200.0,72.0,0.72,Inverness Japan,True,1016.0,16061.5,325.99
5189,57959,104-CI-T30,FPQ-15618,SCMS-272200,ASN-32748,Côte d'Ivoire,PMO - US,Direct Drop,EXW,Air,2014-12-17,2015-03-13,2015-07-21,2015-07-21,2015-07-22,HRDT,HIV test,"Orgenics, Ltd","HIV 1/2, Determine Complete HIV Kit, 100 Tests","HIV 1/2, Determine Complete HIV Kit",Determine,no_dosage,Test kit,100,7000,560000.0,80.0,0.8,"Alere Medical Co., Ltd.",True,2836.0,0.0,659.12
5190,57977,106-HT-T30,FPQ-11442,SCMS-177180,ASN-18919,Haiti,PMO - US,Direct Drop,EXW,Ocean,2013-01-30,2013-03-11,2013-08-07,2013-08-07,2013-08-07,ARV,Pediatric,Aurobindo Pharma Limited,"Abacavir 20mg/ml, oral solution w/syringe, Bottle, 240 ml",Abacavir,Generic,20mg/ml,Oral solution,240,675,4610.25,6.83,0.03,"Aurobindo Unit III, India",False,668.5,7785.125,5.7
5191,57997,109-TZ-T30,FPQ-11881,SCMS-182820,ASN-19790,Tanzania,PMO - US,Direct Drop,EXW,Air,2013-03-14,2013-04-11,2013-06-25,2013-06-25,2013-06-25,HRDT,HIV test,"Orgenics, Ltd","HIV 1/2, Determine Complete HIV Kit, 100 Tests","HIV 1/2, Determine Complete HIV Kit",Determine,no_dosage,Test kit,100,610,48800.0,80.0,0.8,"Alere Medical Co., Ltd.",True,268.0,5187.9,60.37
5192,58025,100-DO-T30,FPQ-6128,SCMS-85620,ASN-8943,Dominican Republic,PMO - US,Direct Drop,DDU,Air,2010-09-14,2010-09-17,2010-11-30,2010-11-30,2010-11-30,ARV,Pediatric,IDIS LIMITED,"Atazanavir 150mg [Reyataz], capsules, 60 Caps",Atazanavir,Reyataz,150mg,Capsule,60,204,61512.12,301.53,5.03,"BMS Evansville, US",True,171.0,0.0,132.62
5193,58039,108-VN-T30,FPQ-9001,SCMS-131690,ASN-14517,Vietnam,PMO - US,Direct Drop,EXW,Air,2011-12-15,2012-01-16,2012-05-16,2012-05-16,2012-05-16,ARV,Pediatric,MYLAN LABORATORIES LTD (FORMERLY MATRIX LABORATORIES),"Lamivudine/Nevirapine/Zidovudine 30/50/60mg, dispersible tablets, 60 Tabs",Lamivudine/Nevirapine/Zidovudine,Generic,30/50/60mg,Chewable/dispersible tablet - FDC,60,1123,4660.45,4.15,0.07,Mylan (formerly Matrix) Nashik,False,668.5,4400.805,6.53
5194,58064,108-VN-T30,FPQ-7898,SCMS-113700,ASN-12727,Vietnam,PMO - US,Direct Drop,FCA,Air,2011-06-27,2011-07-08,2011-11-23,2011-11-23,2011-11-23,ARV,Adult,ABBVIE LOGISTICS (FORMERLY ABBOTT LOGISTICS BV),"Lopinavir/Ritonavir 200/50mg [Aluvia], tablets, 120 Tabs",Lopinavir/Ritonavir,Aluvia,200/50mg,Tablet,120,1435,117957.0,82.2,0.68,ABBVIE Ludwigshafen Germany,True,355.0,5101.21,194.63
5195,58111,161-ZA-T30,FPQ-6262,SCMS-83790,ASN-8904,South Africa,PMO - US,Direct Drop,DDP,Ocean,2010-08-31,2010-09-24,2011-01-06,2011-01-06,2011-01-06,ARV,Pediatric,Aurobindo Pharma Limited,"Nevirapine 10mg/ml, oral suspension w/syringe, Bottle, 240 ml",Nevirapine,Generic,10mg/ml,Oral suspension,240,10702,22688.24,2.12,0.01,"Aurobindo Unit III, India",True,3967.0,8169.7,48.92
5196,58134,133-NG-T30,FPQ-12456,SCMS-196561,ASN-22352,Nigeria,PMO - US,Direct Drop,EXW,Air,2013-06-10,2013-07-10,2013-11-07,2013-11-11,2013-11-17,HRDT,HIV test,"Orgenics, Ltd","HIV 1/2, Determine Complete HIV Kit, 100 Tests","HIV 1/2, Determine Complete HIV Kit",Determine,no_dosage,Test kit,100,3050,271450.0,89.0,0.89,"Alere Medical Co., Ltd.",True,1238.0,22872.42,335.78
5197,58173,116-ZA-T30,FPQ-14942,SCMS-259078,ASN-33470,South Africa,PMO - US,Direct Drop,DDP,Truck,2014-09-11,2014-10-09,2015-07-24,2015-07-24,2015-07-24,ARV,Adult,PHARMACY DIRECT,"Efavirenz 600mg, tablets, 30 Tabs",Efavirenz,Generic,600mg,Tablet,30,47,568.37,12.09,0.4,"Aurobindo Unit III, India",False,668.5,0.0,0.58
5198,58192,161-ZA-T30,FPQ-6262,SCMS-84230,ASN-9617,South Africa,PMO - US,Direct Drop,DDP,Ocean,2010-08-31,2010-09-21,2011-04-05,2011-04-05,2011-04-05,ARV,Adult,STRIDES ARCOLAB LIMITED,"Nevirapine 200mg, tablets, 60 Tabs",Nevirapine,Generic,200mg,Tablet,60,172428,494868.36,2.87,0.05,"Strides, Bangalore, India.",True,10859.0,17278.96,1066.94
5199,58197,133-NG-T30,FPQ-12456,SCMS-196561,ASN-22356,Nigeria,PMO - US,Direct Drop,EXW,Air,2013-06-10,2013-07-10,2013-11-07,2013-11-11,2013-11-17,HRDT,HIV test,"Orgenics, Ltd","HIV 1/2, Determine Complete HIV Kit, 100 Tests","HIV 1/2, Determine Complete HIV Kit",Determine,no_dosage,Test kit,100,2949,262461.0,89.0,0.89,"Alere Medical Co., Ltd.",True,1192.0,19458.84,324.66
5200,58202,108-VN-T30,FPQ-15040,SCMS-263630,ASN-31647,Vietnam,PMO - US,Direct Drop,EXW,Air,2014-10-30,2014-12-08,2015-06-01,2015-06-01,2015-06-01,ARV,Adult,MYLAN LABORATORIES LTD (FORMERLY MATRIX LABORATORIES),"Efavirenz/Lamivudine/Tenofovir Disoproxil Fumarate 600/300/300mg, tablets, 30 Tabs",Efavirenz/Lamivudine/Tenofovir Disoproxil Fumarate,Generic,600/300/300mg,Tablet - FDC,30,21384,217047.6,10.15,0.34,Mylan (formerly Matrix) Nashik,True,2406.0,4872.65,223.12
5201,58211,104-CI-T30,FPQ-4484,SCMS-56482,ASN-6027,Côte d'Ivoire,PMO - US,Direct Drop,EXW,Air,2009-10-29,2009-11-03,2010-02-19,2010-02-19,2010-02-19,HRDT,HIV test,"Orgenics, Ltd","HIV 1/2, Determine HIV Kit, without Lancets, 100 Tests","HIV 1/2, Determine HIV Kit, without Lancets",Determine,no_dosage,Test kit,100,3500,245000.0,70.0,0.7,Inverness Japan,True,794.0,12619.38,528.22
5202,58252,105-SS-T30,FPQ-9807,SCMS-147640,ASN-15985,South Sudan,PMO - US,Direct Drop,EXW,Air,2012-05-18,2012-06-20,2012-09-20,2012-09-20,2012-09-20,HRDT,HIV test - Ancillary,"Orgenics, Ltd","Capillary Tubes, for Determine, EDTA, 50uL,100 Pcs","HIV, Capillary Tubes, for Determine, EDTA, 50uL,100 Pcs",Determine,no_dosage,Test kit - Ancillary,100,326,2608.0,8.0,0.08,"Alere Medical Co., Ltd.",False,394.0,2575.925,3.66
5203,58264,108-VN-T30,FPQ-3896,SCMS-48290,ASN-4872,Vietnam,PMO - US,Direct Drop,EXW,Air,2009-06-25,2009-06-29,2009-09-30,2009-09-30,2009-09-30,ARV,Adult,MYLAN LABORATORIES LTD (FORMERLY MATRIX LABORATORIES),"Tenofovir Disoproxil Fumarate 300mg, tablets, 30 Tabs",Tenofovir Disoproxil Fumarate,Generic,300mg,Tablet,30,2520,20790.0,8.25,0.28,Mylan (formerly Matrix) Nashik,False,231.5,4400.805,40.75
5204,58277,104-CI-T30,FPQ-5208,SCMS-75370,ASN-7631,Côte d'Ivoire,PMO - US,Direct Drop,EXW,Air,2010-02-25,2010-06-07,2010-08-27,2010-08-27,2010-08-27,HRDT,HIV test,"Standard Diagnostics, Inc.","HIV 1/2, Bioline 3.0 Kit, (no accessories), 30 Tests","HIV 1/2, Bioline 3.0 Kit (no accessories)",Bioline,no_dosage,Test kit,30,1456,34944.0,24.0,0.8,"Standard Diagnostics, Korea",True,486.0,5074.33,75.34
5205,58305,109-TZ-T30,FPQ-10809,SCMS-162830,ASN-17278,Tanzania,PMO - US,Direct Drop,EXW,Air,2012-10-11,2012-10-18,2013-01-02,2013-01-02,2013-01-02,HRDT,HIV test,"Trinity Biotech, Plc","HIV 1/2, Uni-Gold HIV Kit, 20 Tests","HIV 1/2, Uni-Gold HIV Kit",Uni-Gold,no_dosage,Test kit,20,383,12256.0,32.0,1.6,"Trinity Biotech, Plc",True,125.0,1908.34,15.16
5206,58309,102-BI-T30,FPQ-13998,SCMS-234680,ASN-26424,Burundi,PMO - US,Direct Drop,EXW,Air,2014-04-01,2014-04-29,2014-06-26,2014-06-26,2014-06-26,HRDT,HIV test,"CHEMBIO DIAGNOSTIC SYSTEMS, INC.","HIV 1/2, Stat-Pak Dipstick Assay Kit, 30 Tests","HIV 1/2, Stat-Pak Dipstick Assay Kit",Stat-Pak,no_dosage,Test kit,30,539,14876.4,27.6,0.92,Chembio Diagnostics Sys. Inc.,True,58.0,871.28,15.29
5207,58311,104-CI-T30,FPQ-11263,SCMS-174550,ASN-18832,Côte d'Ivoire,PMO - US,Direct Drop,FCA,Air,2012-12-14,2013-01-24,2013-04-24,2013-04-24,2013-04-24,ARV,Pediatric,ABBVIE LOGISTICS (FORMERLY ABBOTT LOGISTICS BV),"Lopinavir/Ritonavir 80/20mg/ml [Kaletra], oral solution, cool, Bottle 5 x 60 ml",Lopinavir/Ritonavir,Kaletra,80/20mg/ml,Oral solution,300,520,16026.4,30.82,0.1,ABBVIE (Abbott) Logis. UK,True,242.0,5257.72,19.82
5208,58372,104-CI-T30,FPQ-12806,SCMS-206560,ASN-23448,Côte d'Ivoire,PMO - US,Direct Drop,EXW,Air,2013-08-09,2013-09-17,2014-01-03,2014-01-03,2014-01-06,ARV,Pediatric,Aurobindo Pharma Limited,"Nevirapine 50mg, dispersible tablets (tablets for oral suspension), 30 Tabs",Nevirapine,Generic,50mg,Chewable/dispersible tablet,30,7000,8750.0,1.25,0.04,"Aurobindo Unit III, India",True,482.0,5678.33,10.82
5209,58393,900-LR-T30,FPQ-7996,SCMS-115330,ASN-11632,Liberia,PMO - US,Direct Drop,EXW,Air,2011-07-12,2011-07-20,2011-08-15,2011-08-15,2011-08-15,HRDT,HIV test,"Standard Diagnostics, Inc.","HIV 1/2, Bioline 3.0 Kit, Lancets, Capillary pipets, Alcohol swabs included, 25 Tests","HIV 1/2, Bioline 3.0 Kit, Lancets, Capillary pipets, Alcohol swabs included",Bioline,no_dosage,Test kit,25,100,2000.0,20.0,0.8,"Standard Diagnostics, Korea",True,34.0,871.3,3.3
5210,58398,109-TZ-T30,FPQ-7909,SCMS-114980,ASN-12093,Tanzania,PMO - US,Direct Drop,EXW,Air,2011-06-24,2011-07-18,2011-09-29,2011-09-29,2011-09-29,HRDT,HIV test,"Standard Diagnostics, Inc.","HIV 1/2, Bioline 3.0 Kit, Lancets, Capillary pipets, Alcohol swabs included, 25 Tests","HIV 1/2, Bioline 3.0 Kit, Lancets, Capillary pipets, Alcohol swabs included",Bioline,no_dosage,Test kit,25,8000,160000.0,20.0,0.8,"Standard Diagnostics, Korea",True,2667.0,17773.94,264.0
5211,58425,116-ZA-T30,FPQ-3560,SCMS-49642,ASN-5244,South Africa,PMO - US,Direct Drop,DDP,Truck,2009-05-07,2009-07-21,2009-11-19,2009-11-19,2009-11-19,ARV,Pediatric,S. BUYS WHOLESALER,"Abacavir 20mg/ml [Ziagen], oral solution, Bottle, 240 ml",Abacavir,Ziagen,20mg/ml,Oral solution,240,1,19.97,19.97,0.08,GSK Mississauga (Canada),True,63.0,0.0,0.04
5212,58426,A02-SL-T50,FPQ-16015,SCMS-285360,ASN-31852,Sierra Leone,PMO - US,Direct Drop,EXW,Air,2015-04-03,2015-04-20,2015-05-11,2015-05-11,2015-05-13,HRDT,HIV test,"Orgenics, Ltd","HIV 1/2, Determine Complete HIV Kit, 100 Tests","HIV 1/2, Determine Complete HIV Kit",Determine,no_dosage,Test kit,100,4000,320000.0,80.0,0.8,"Alere Medical Co., Ltd.",True,1556.0,28703.53,376.64
5213,58440,116-ZA-T30,FPQ-13973,SCMS-238550,ASN-30792,South Africa,PMO - US,Direct Drop,DDP,Truck,2014-04-30,2014-05-08,2015-02-19,2015-02-19,2015-02-19,ARV,Pediatric,PHARMACY DIRECT,"Efavirenz 50mg, capsule, 30 Caps",Efavirenz,Generic,50mg,Capsule,30,3,8.99,3.0,0.1,"Aurobindo Unit III, India",False,1.0,0.0,0.01
5214,58450,116-ZA-T30,FPQ-14942,SCMS-259078,ASN-33472,South Africa,PMO - US,Direct Drop,DDP,Truck,2014-09-11,2014-10-09,2015-07-24,2015-07-24,2015-07-24,ARV,Adult,PHARMACY DIRECT,"Raltegravir 400mg [Isentress], tablets, 60 Tabs",Raltegravir,Isentress,400mg,Tablet,60,6,394.51,65.75,1.1,"MSD, Haarlem, NL",False,9.0,0.0,0.41
5215,58482,116-ZA-T30,FPQ-12522,SCMS-199289,ASN-28036,South Africa,PMO - US,Direct Drop,DDP,Truck,2013-07-11,2014-08-29,2014-08-29,2014-08-29,2014-08-29,ARV,Adult,S. BUYS WHOLESALER,"Lamivudine/Nevirapine/Stavudine 150/200/30mg, tablets, 60 Tabs",Lamivudine/Nevirapine/Stavudine,Generic,150/200/30mg,Tablet - FDC,60,7,211.71,30.24,0.5,"Cipla, Goa, India",False,668.5,0.0,0.26
5216,58484,901-CM-T30,FPQ-12837,SCMS-204290,ASN-23338,Cameroon,PMO - US,Direct Drop,EXW,Air,2013-08-19,2013-08-23,2014-01-08,2014-01-08,2014-01-10,ARV,Adult,Aurobindo Pharma Limited,"Efavirenz/Lamivudine/Tenofovir Disoproxil Fumarate 600/300/300mg, tablets, 30 Tabs",Efavirenz/Lamivudine/Tenofovir Disoproxil Fumarate,Generic,600/300/300mg,Tablet - FDC,30,37470,417790.5,11.15,0.37,"Aurobindo Unit VII, IN",True,4927.0,65875.32,516.81
5217,58485,116-ZA-T30,FPQ-4770,SCMS-60190,ASN-5907,South Africa,PMO - US,Direct Drop,DDP,Truck,2009-12-17,2009-12-23,2009-12-29,2009-12-29,2009-12-29,ARV,Adult,S. BUYS WHOLESALER,"Ritonavir 100mg [Norvir], capsules, cool, 84 Caps",Ritonavir,Norvir,100mg,Capsule,84,15,161.34,10.76,0.13,ABBVIE (Abbott) Logis. UK,True,5256.0,0.0,0.35
5218,58491,101-CD-T30,FPQ-15736,SCMS-275290,ASN-30748,"Congo, DRC",PMO - US,Direct Drop,EXW,Air,2015-01-26,2015-02-09,2015-04-03,2015-04-03,2015-04-15,ANTM,Malaria,AMSTELFARMA B.V.,"Sulfadoxine/Pyrimethamine 500/25mg, tablets, 1000 Tabs",Sulfadoxine/Pyrimethamine,Generic,500/25mg,Tablet - FDC,1000,580,19198.0,33.1,0.03,"Micro Labs, Hosur, India",True,500.0,3958.28,22.6
5219,58494,114-UG-T30,FPQ-10787,SCMS-163460,ASN-17750,Uganda,PMO - US,Direct Drop,EXW,Air,2012-10-10,2012-10-25,2013-01-21,2013-01-21,2013-01-21,ARV,Adult,MYLAN LABORATORIES LTD (FORMERLY MATRIX LABORATORIES),"Atazanavir/Ritonavir 300/100mg, tablets, 30 Tabs",Atazanavir/Ritonavir,Generic,300/100mg,Tablet,30,1455,32737.5,22.5,0.75,Mylan (formerly Matrix) Nashik,False,668.5,2485.92,40.5
5220,58504,116-ZA-T30,FPQ-14942,SCMS-259077,ASN-33477,South Africa,PMO - US,Direct Drop,DDP,Truck,2014-09-11,2014-10-09,2015-07-24,2015-07-24,2015-07-24,ARV,Adult,PHARMACY DIRECT,"Didanosine 400mg, delayed-release capsules, 30 Caps",Didanosine,Generic,400mg,Delayed-release capsules,30,5,71.09,14.22,0.47,"Aurobindo Unit III, India",False,842.0,0.0,0.07
5221,58508,108-VN-T30,FPQ-8428,SCMS-123530,ASN-14319,Vietnam,PMO - US,Direct Drop,EXW,Air,2011-09-21,2011-10-03,2012-04-24,2012-04-24,2012-04-24,ARV,Adult,MYLAN LABORATORIES LTD (FORMERLY MATRIX LABORATORIES),"Tenofovir Disoproxil Fumarate 300mg, tablets, 30 Tabs",Tenofovir Disoproxil Fumarate,Generic,300mg,Tablet,30,16354,89947.0,5.5,0.18,Mylan (formerly Matrix) Nashik,False,668.5,4400.805,148.41
5222,58555,108-VN-T30,FPQ-7898,SCMS-113610,ASN-13012,Vietnam,PMO - US,Direct Drop,EXW,Air,2011-06-27,2011-07-08,2011-12-20,2011-12-20,2011-12-20,ARV,Adult,STRIDES ARCOLAB LIMITED,"Lamivudine 150mg, tablets, 60 Tabs",Lamivudine,Generic,150mg,Tablet,60,16645,39115.75,2.35,0.04,"Strides, Bangalore, India.",True,742.0,5440.01,64.54
5223,58556,161-ZA-T30,FPQ-6262,SCMS-83730,ASN-9938,South Africa,PMO - US,Direct Drop,DDP,Ocean,2010-08-31,2010-09-24,2011-04-26,2011-04-26,2011-04-26,ARV,Adult,Aurobindo Pharma Limited,"Efavirenz 600mg, tablets, 30 Tabs",Efavirenz,Generic,600mg,Tablet,30,70942,321367.26,4.53,0.15,"Aurobindo Unit III, India",True,6090.0,11203.81,692.87
5224,58642,102-SD-T30,FPQ-8261,SCMS-120471,ASN-13348,Sudan,PMO - US,Direct Drop,EXW,Air,2011-08-29,2011-09-07,2012-02-07,2012-02-07,2012-02-07,HRDT,HIV test,"Trinity Biotech, Plc","HIV 1/2, Uni-Gold HIV Kit, 20 Tests","HIV 1/2, Uni-Gold HIV Kit",Uni-Gold,no_dosage,Test kit,20,58,1856.0,32.0,1.6,"Trinity Biotech, Plc",True,20.0,644.02,3.06
5225,58652,152-HT-T30,FPQ-6823,SCMS-98550,ASN-10063,Haiti,PMO - US,Direct Drop,EXW,Air,2010-12-14,2011-02-02,2011-04-06,2011-04-06,2011-04-06,HRDT,HIV test,"Orgenics, Ltd","HIV 1/2, Determine HIV Kit, without Lancets, 100 Tests","HIV 1/2, Determine HIV Kit, without Lancets",Determine,no_dosage,Test kit,100,33,3223.44,97.68,0.98,Inverness Japan,True,8.0,1011.6,5.32
5226,58677,101-CD-T30,FPQ-14100,SCMS-239410,ASN-26738,"Congo, DRC",PMO - US,Direct Drop,EXW,Air,2014-04-23,2014-05-20,2014-09-05,2014-09-05,2014-09-16,HRDT,HIV test,"Trinity Biotech, Plc","HIV 1/2, Uni-Gold HIV Kit, 20 Tests","HIV 1/2, Uni-Gold HIV Kit",Uni-Gold,no_dosage,Test kit,20,7,224.0,32.0,1.6,"Trinity Biotech, Plc",False,5.0,2346.5699999999997,0.23
5227,58713,116-ZA-T30,FPQ-14942,SCMS-259078,ASN-33472,South Africa,PMO - US,Direct Drop,DDP,Truck,2014-09-11,2014-10-09,2015-07-24,2015-07-24,2015-07-24,ARV,Adult,PHARMACY DIRECT,"Etravirine 100mg [Intelence], tablets, 120 Tabs",Etravirine,Intelence,100mg,Tablet,120,4,110.05,27.51,0.23,"Janssen-Cilag, Latina, IT",False,78.0,0.0,0.11
5228,58716,114-UG-T30,FPQ-9365,SCMS-142470,ASN-15272,Uganda,PMO - US,Direct Drop,DDP,Air,2012-03-15,2012-04-17,2012-06-21,2012-06-21,2012-06-21,ARV,Adult,ASPEN PHARMACARE,"Darunavir 300mg [Prezista], tablets, 120 Tabs",Darunavir,Prezista,300mg,Tablet,120,173,11521.8,66.6,0.55,"Aspen-OSD, Port Elizabeth, SA",True,35.0,251.52,16.15
5229,58731,116-ZA-T30,FPQ-12522,SCMS-199289,ASN-28034,South Africa,PMO - US,Direct Drop,DDP,Truck,2013-07-11,2014-08-29,2014-08-29,2014-08-29,2014-08-29,ARV,Pediatric,S. BUYS WHOLESALER,"Efavirenz 50mg, capsule, 30 Caps",Efavirenz,Generic,50mg,Capsule,30,94,311.73,3.32,0.11,"Aurobindo Unit III, India",False,27.0,0.0,0.39
5230,58744,108-VN-T30,FPQ-16194,SCMS-285490,ASN-33145,Vietnam,PMO - US,Direct Drop,EXW,Air,2015-04-14,2015-05-13,2015-09-07,2015-09-07,2015-09-07,ARV,Adult,HETERO LABS LIMITED,"Efavirenz/Lamivudine/Tenofovir Disoproxil Fumarate 600/300/300mg, tablets, 30 Tabs",Efavirenz/Lamivudine/Tenofovir Disoproxil Fumarate,Generic,600/300/300mg,Tablet - FDC,30,17760,168720.0,9.5,0.32,Hetero Unit III Hyderabad IN,True,2519.5,4400.805,198.58
5231,58754,105-SS-T30,FPQ-9807,SCMS-147641,ASN-16730,South Sudan,PMO - US,Direct Drop,EXW,Air,2012-05-18,2012-06-20,2012-11-30,2012-11-30,2012-11-30,HRDT,HIV test,"Orgenics, Ltd","HIV 1/2, Determine Complete HIV Kit, 100 Tests","HIV 1/2, Determine Complete HIV Kit",Determine,no_dosage,Test kit,100,395,35155.0,89.0,0.89,"Alere Medical Co., Ltd.",False,394.0,2575.925,49.29
5232,58761,116-ZA-T30,FPQ-13214,SCMS-215410,ASN-23875,South Africa,PMO - US,Direct Drop,DDP,Truck,2013-11-14,2013-12-02,2014-01-13,2014-01-13,2014-01-13,ARV,Pediatric,S. BUYS WHOLESALER,"Efavirenz 200mg, capsule, 90 Caps",Efavirenz,Generic,200mg,Capsule,90,190,4438.36,23.36,0.26,"Aurobindo Unit III, India",False,668.5,0.0,4.56
5233,58774,108-VN-T30,FPQ-6818,SCMS-97850,ASN-11024,Vietnam,PMO - US,Direct Drop,EXW,Air,2011-01-17,2011-02-15,2011-06-22,2011-06-22,2011-06-22,ARV,Adult,MYLAN LABORATORIES LTD (FORMERLY MATRIX LABORATORIES),"Nevirapine 200mg, tablets, 60 Tabs",Nevirapine,Generic,200mg,Tablet,60,13444,34954.4,2.6,0.04,Mylan (formerly Matrix) Nashik,False,668.5,4400.805,57.67
5234,58800,116-ZA-T30,FPQ-12522,SCMS-199289,ASN-28033,South Africa,PMO - US,Direct Drop,DDP,Truck,2013-07-11,2014-08-29,2014-08-29,2014-08-29,2014-08-29,ARV,Adult,S. BUYS WHOLESALER,"Didanosine 250mg, delayed-release capsules, 30 Caps",Didanosine,Generic,250mg,Delayed-release capsules,30,6,100.91,16.82,0.56,"Aurobindo Unit III, India",False,9.0,0.0,0.12
5235,58801,104-CI-T30,FPQ-6183,SCMS-83700,ASN-9987,Côte d'Ivoire,PMO - US,Direct Drop,EXW,Air,2010-08-10,2010-09-07,2011-04-22,2011-04-22,2011-04-22,ARV,Adult,MYLAN LABORATORIES LTD (FORMERLY MATRIX LABORATORIES),"Abacavir/Lamivudine/Zidovudine 300/150/300mg, tablets, 60 Tabs",Abacavir/Lamivudine/Zidovudine,Generic,300/150/300mg,Tablet - FDC,60,3136,94080.0,30.0,0.5,Mylan (formerly Matrix) Nashik,True,492.0,5150.82,202.84
5236,58806,116-ZA-T30,FPQ-4054,SCMS-51251,ASN-5340,South Africa,PMO - US,Direct Drop,DDP,Truck,2009-07-29,2009-08-07,2009-10-07,2009-10-07,2009-10-07,ARV,Adult,S. BUYS WHOLESALER,"Efavirenz 600mg, tablets, 30 Tabs",Efavirenz,Generic,600mg,Tablet,30,1440,27430.13,19.05,0.64,"Cipla, Goa, India",True,128.0,0.0,53.76
5237,58808,108-VN-T30,FPQ-9001,SCMS-131640,ASN-14546,Vietnam,PMO - US,Direct Drop,EXW,Air,2011-12-15,2012-01-18,2012-05-14,2012-05-14,2012-05-14,ARV,Pediatric,Aurobindo Pharma Limited,"Efavirenz 50mg, capsule, 30 Caps",Efavirenz,Generic,50mg,Capsule,30,435,974.4,2.24,0.07,"Aurobindo Unit III, India",True,25.0,1003.65,1.37
5238,58850,116-ZA-T30,FPQ-14942,SCMS-259079,ASN-33851,South Africa,PMO - US,Direct Drop,DDP,Truck,2014-09-11,2014-10-09,2015-08-24,2015-08-24,2015-08-24,ARV,Adult,PHARMACY DIRECT,"Lamivudine 150mg, tablets, 60 Tabs",Lamivudine,Generic,150mg,Tablet,60,123,867.36,7.05,0.12,"Aurobindo Unit III, India",False,668.5,0.0,0.89
5239,58852,116-ZA-T30,FPQ-5381,SCMS-69590,ASN-6724,South Africa,PMO - US,Direct Drop,DDP,Truck,2010-03-23,2010-03-25,2010-04-01,2010-04-01,2010-04-01,ARV,Adult,S. BUYS WHOLESALER,"Abacavir 300mg [Ziagen], tablets, Blister 6 x 10 Tabs",Abacavir,Ziagen,300mg,Tablet - blister,60,30,1237.01,41.23,0.69,GSK Ware (UK),False,55.0,0.0,2.67
5240,58918,116-ZA-T30,FPQ-4054,SCMS-51250,ASN-5056,South Africa,PMO - US,Direct Drop,DDP,Truck,2009-07-29,2009-08-07,2009-08-24,2009-08-24,2009-08-24,ARV,Adult,S. BUYS WHOLESALER,"Lamivudine 150mg [Epivir], tablets, 60 Tabs",Lamivudine,Epivir,150mg,Tablet,60,3000,19702.5,6.57,0.11,GSK Cape Town Factory (South Africa),False,342.0,0.0,38.62
5241,58947,113-ZW-T30,FPQ-13939,SCMS-240570,ASN-27585,Zimbabwe,PMO - US,Direct Drop,EXW,Air Charter,2014-04-01,2014-05-27,2014-09-17,2014-09-17,2014-09-19,ARV,Adult,HETERO LABS LIMITED,"Lamivudine/Tenofovir Disoproxil Fumarate 300/300mg, tablets, 30 Tabs",Lamivudine/Tenofovir Disoproxil Fumarate,Generic,300/300mg,Tablet - FDC,30,42032,194187.84,4.62,0.15,Hetero Unit III Hyderabad IN,True,4559.0,25272.8,199.63
5242,58958,109-TZ-T30,FPQ-10546,SCMS-159620,ASN-17229,Tanzania,PMO - US,Direct Drop,FCA,Air,2012-08-24,2012-09-12,2013-01-16,2013-01-16,2013-01-16,ARV,Pediatric,ABBVIE LOGISTICS (FORMERLY ABBOTT LOGISTICS BV),"Lopinavir/Ritonavir 80/20mg/ml [Kaletra], oral solution, cool, Bottle 5 x 60 ml",Lopinavir/Ritonavir,Kaletra,80/20mg/ml,Oral solution,300,68,2095.76,30.82,0.1,ABBVIE (Abbott) Logis. UK,True,116.0,1818.56,2.94
5243,59017,102-BW-T30,FPQ-6645,SCMS-92620,ASN-9373,Botswana,PMO - US,Direct Drop,EXW,Air,2010-11-11,2010-12-02,2011-02-04,2011-02-04,2011-02-04,HRDT,HIV test,Premier Medical Corporation Ltd.,"HIV 1/2/O, First Response HIV 1-2.0, v.3.0 Cards Kit, 30 Tests","HIV 1/2/O, First Response HIV 1-2.0, v.3.0 Cards Kit",First Response,no_dosage,Test kit,30,34,765.0,22.5,0.75,Premier Med. Corp Ltd. India,True,13.0,766.62,1.26
5244,59043,101-CD-T30,FPQ-14654,SCMS-253260,ASN-28279,"Congo, DRC",PMO - US,Direct Drop,EXW,Air,2014-08-11,2014-08-27,2014-11-04,2014-11-04,2014-11-20,HRDT,HIV test,"Trinity Biotech, Plc","HIV 1/2, Uni-Gold HIV Kit, 20 Tests","HIV 1/2, Uni-Gold HIV Kit",Uni-Gold,no_dosage,Test kit,20,15,480.0,32.0,1.6,"Trinity Biotech, Plc",False,5.0,2346.5699999999997,0.49
5245,59046,161-ZA-T30,FPQ-5648,SCMS-75830,ASN-9489,South Africa,PMO - US,Direct Drop,DDP,Ocean,2010-06-02,2010-06-17,2011-03-29,2011-03-29,2011-03-29,ARV,Pediatric,Aurobindo Pharma Limited,"Lamivudine 10mg/ml, oral solution w/syringe, Bottle, 240 ml",Lamivudine,Generic,10mg/ml,Oral solution,240,45000,95400.0,2.12,0.01,"Aurobindo Unit III, India",True,16260.0,17060.14,205.68
5246,59047,106-HT-T30,FPQ-14083,SCMS-240160,ASN-27525,Haiti,PMO - US,Direct Drop,EXW,Ocean,2014-05-11,2014-06-02,2014-10-30,2014-10-30,2014-11-12,ARV,Adult,HETERO LABS LIMITED,"Efavirenz/Lamivudine/Tenofovir Disoproxil Fumarate 600/300/300mg, tablets, 30 Tabs",Efavirenz/Lamivudine/Tenofovir Disoproxil Fumarate,Generic,600/300/300mg,Tablet - FDC,30,92500,971250.0,10.5,0.35,Hetero Unit III Hyderabad IN,False,7878.0,7785.125,998.44
5247,59074,116-ZA-T30,FPQ-13973,SCMS-238552,ASN-27606,South Africa,PMO - US,Direct Drop,DDP,Truck,2014-04-30,2014-08-05,2014-08-05,2014-08-05,2014-08-05,ARV,Adult,PHARMACY DIRECT,"Tenofovir Disoproxil Fumarate 300mg, tablets, 30 Tabs",Tenofovir Disoproxil Fumarate,Generic,300mg,Tablet,30,73,1319.03,18.07,0.6,Mylan (formerly Matrix) Nashik,False,69.0,0.0,1.36
5248,59080,110-ZM-T30,FPQ-14151,SCMS-240080,ASN-26465,Zambia,PMO - US,Direct Drop,EXW,Air,2014-04-30,2014-05-21,2014-07-20,2014-07-20,2014-08-01,ARV,Adult,Aurobindo Pharma Limited,"Nevirapine 200mg, tablets, 60 Tabs",Nevirapine,Generic,200mg,Tablet,60,39132,88047.0,2.25,0.04,"Aurobindo Unit III, India",True,3978.0,20519.07,90.51
5249,59151,161-ZA-T30,FPQ-6262,SCMS-84250,ASN-9051,South Africa,PMO - US,Direct Drop,DDP,Ocean,2010-08-31,2010-09-21,2010-12-15,2010-12-15,2010-12-15,ARV,Adult,STRIDES ARCOLAB LIMITED,"Lamivudine 150mg, tablets, 60 Tabs",Lamivudine,Generic,150mg,Tablet,60,131138,323910.86,2.47,0.04,"Strides, Bangalore, India.",True,6360.0,12225.76,698.35
5250,59153,108-VN-T30,FPQ-5317,SCMS-69230,ASN-7572,Vietnam,PMO - US,Direct Drop,FCA,Air,2010-03-22,2010-03-31,2010-07-31,2010-07-31,2010-07-31,ARV,Adult,ABBVIE LOGISTICS (FORMERLY ABBOTT LOGISTICS BV),"Lopinavir/Ritonavir 200/50mg [Aluvia], tablets, 120 Tabs",Lopinavir/Ritonavir,Aluvia,200/50mg,Tablet,120,3470,285234.0,82.2,0.68,ABBVIE Ludwigshafen Germany,True,862.0,5215.07,614.96
5251,59157,110-ZM-T30,FPQ-12933,SCMS-205880,ASN-22538,Zambia,PMO - US,Direct Drop,EXW,Air,2013-09-03,2013-09-11,2013-12-02,2013-12-02,2013-12-11,HRDT,HIV test,"Trinity Biotech, Plc","HIV 1/2, Uni-Gold HIV Kit, 20 Tests","HIV 1/2, Uni-Gold HIV Kit",Uni-Gold,no_dosage,Test kit,20,2900,92800.0,32.0,1.6,"Trinity Biotech, Plc",True,266.0,8308.74,114.79
5252,59189,108-VN-T30,FPQ-13034,SCMS-210100,ASN-25785,Vietnam,PMO - US,Direct Drop,EXW,Air,2013-10-04,2013-10-07,2014-06-07,2014-06-07,2014-06-07,ARV,Adult,EMCURE PHARMACEUTICALS LTD,"Nevirapine 200mg, tablets, 60 Tabs",Nevirapine,Generic,200mg,Tablet,60,7063,16244.9,2.3,0.04,"Emcure Plot No.P-2, I.T-B.T. Park, Phase II, MIDC, Hinjwadi, Pune, India",True,412.0,1769.68,20.09
5253,59244,106-HT-T30,FPQ-13797,SCMS-233940,ASN-26454,Haiti,PMO - US,Direct Drop,EXW,Air,2014-03-20,2014-04-29,2014-07-14,2014-07-14,2014-07-16,ARV,Pediatric,Aurobindo Pharma Limited,"Nevirapine 50mg, dispersible tablets (tablets for oral suspension), 30 Tabs",Nevirapine,Generic,50mg,Chewable/dispersible tablet,30,400,500.0,1.25,0.04,"Aurobindo Unit III, India",False,81.0,2946.7200000000003,0.51
5254,59258,133-NG-T30,FPQ-16329,SCMS-289130,ASN-32959,Nigeria,PMO - US,Direct Drop,EXW,Air,2015-05-07,2015-05-26,2015-07-14,2015-07-09,2015-07-09,HRDT,HIV test,"Orgenics, Ltd","HIV 1/2, Determine Complete HIV Kit, 100 Tests","HIV 1/2, Determine Complete HIV Kit",Determine,no_dosage,Test kit,100,6523,580547.0,89.0,0.89,"Alere Medical Co., Ltd.",True,6523.0,0.0,683.3
5255,59267,108-VN-T30,FPQ-11418,SCMS-176270,ASN-19859,Vietnam,PMO - US,Direct Drop,EXW,Air,2013-01-29,2013-02-06,2013-07-05,2013-07-05,2013-07-05,ARV,Adult,HETERO LABS LIMITED,"Lamivudine/Zidovudine 150/300mg, tablets, 60 Tabs",Lamivudine/Zidovudine,Generic,150/300mg,Tablet - FDC,60,33405,228824.25,6.85,0.11,Hetero Unit III Hyderabad IN,True,3751.0,10867.28,283.06
5256,59314,116-ZA-T30,FPQ-14942,SCMS-259073,ASN-30671,South Africa,PMO - US,Direct Drop,DDP,Truck,2014-09-11,2015-02-12,2015-02-12,2015-02-12,2015-02-12,ARV,Adult,PHARMACY DIRECT,"Didanosine 250mg, delayed-release capsules, 30 Caps",Didanosine,Generic,250mg,Delayed-release capsules,30,6,66.1,11.02,0.37,"Aurobindo Unit III, India",False,9.0,0.0,0.07
5257,59334,161-ZA-T30,FPQ-5303,SCMS-69030,ASN-8510,South Africa,PMO - US,Direct Drop,DDP,Air,2010-03-18,2010-03-19,2010-09-20,2010-12-15,2010-12-15,ARV,Adult,Aurobindo Pharma Limited,"Zidovudine 300mg, tablets, 60 Tabs",Zidovudine,Generic,300mg,Tablet,60,2098,15588.14,7.43,0.12,"Aurobindo Unit III, India",True,124.0,1697.89,33.61
5258,59404,111-MZ-T30,FPQ-12686,SCMS-205490,ASN-22189,Mozambique,PMO - US,Direct Drop,EXW,Air,2013-07-31,2013-09-11,2013-11-19,2013-11-19,2013-12-20,HRDT,HIV test,"Trinity Biotech, Plc","HIV 1/2, Uni-Gold HIV Kit, 20 Tests","HIV 1/2, Uni-Gold HIV Kit",Uni-Gold,no_dosage,Test kit,20,675,21600.0,32.0,1.6,"Trinity Biotech, Plc",True,202.0,2908.88,26.72
5259,59429,113-ZW-T30,FPQ-13670,SCMS-225850,ASN-25080,Zimbabwe,PMO - US,Direct Drop,EXW,Air,2014-02-03,2014-02-11,2014-04-04,2014-04-04,2014-04-08,HRDT,HIV test,"Orgenics, Ltd","HIV 1/2, Determine Complete HIV Kit, 100 Tests","HIV 1/2, Determine Complete HIV Kit",Determine,no_dosage,Test kit,100,8787,702960.0,80.0,0.8,"Alere Medical Co., Ltd.",True,3560.0,52462.81,722.64
5260,59442,107-RW-T30,FPQ-10223,SCMS-152840,ASN-15742,Rwanda,PMO - US,Direct Drop,EXW,Air,2012-07-05,2012-07-16,2012-08-06,2012-08-06,2012-08-06,ARV,Adult,Aurobindo Pharma Limited,"Lamivudine/Zidovudine 150/300mg, tablets, 60 Tabs",Lamivudine/Zidovudine,Generic,150/300mg,Tablet - FDC,60,35820,256113.0,7.15,0.12,"Aurobindo Unit III, India",True,3114.0,18779.99,359.07
5261,59448,108-VN-T30,FPQ-13524,SCMS-226220,ASN-26923,Vietnam,PMO - US,Direct Drop,EXW,Air,2014-02-06,2014-03-10,2014-07-29,2014-07-29,2014-08-06,ARV,Adult,HETERO LABS LIMITED,"Tenofovir Disoproxil Fumarate 300mg, tablets, 30 Tabs",Tenofovir Disoproxil Fumarate,Generic,300mg,Tablet,30,10700,37985.0,3.55,0.12,Hetero Unit III Hyderabad IN,False,668.5,4400.805,39.05
5262,59466,116-ZA-T30,FPQ-14942,SCMS-259078,ASN-33470,South Africa,PMO - US,Direct Drop,DDP,Truck,2014-09-11,2014-10-09,2015-07-24,2015-07-24,2015-07-24,ARV,Adult,PHARMACY DIRECT,"Abacavir 300mg, tablets, 60 Tabs",Abacavir,Generic,300mg,Tablet,60,35,1874.71,53.56,0.89,"Aurobindo Unit III, India",False,668.5,0.0,1.93
5263,59482,108-VN-T30,FPQ-15087,SCMS-261430,ASN-30166,Vietnam,PMO - US,Direct Drop,EXW,Air,2014-10-24,2014-10-30,2015-03-23,2015-03-23,2015-03-23,ARV,Adult,MYLAN LABORATORIES LTD (FORMERLY MATRIX LABORATORIES),"Lamivudine/Nevirapine/Zidovudine 150/200/300mg, tablets, 60 Tabs",Lamivudine/Nevirapine/Zidovudine,Generic,150/300/200mg,Tablet - FDC,60,3000,24300.0,8.1,0.13,Mylan (formerly Matrix) Nashik,True,422.0,1332.29,28.6
5264,59500,116-ZA-T30,FPQ-13973,SCMS-238552,ASN-27606,South Africa,PMO - US,Direct Drop,DDP,Truck,2014-04-30,2014-08-05,2014-08-05,2014-08-05,2014-08-05,ARV,Adult,PHARMACY DIRECT,"Zidovudine 300mg, tablets, 60 Tabs",Zidovudine,Generic,300mg,Tablet,60,1,24.95,24.95,0.42,"Aurobindo Unit III, India",False,63.0,0.0,0.03
5265,59502,104-BW-T30,FPQ-15568,SCMS-275710,ASN-31391,Botswana,PMO - US,Direct Drop,EXW,Air,2015-01-08,2015-02-06,2015-06-02,2015-06-04,2015-06-04,ARV,Adult,HETERO LABS LIMITED,"Efavirenz/Emtricitabine/Tenofovir Disoproxil Fumarate 600/200/300mg, tablets, 30 Tabs",Efavirenz/Emtricitabine/Tenofovir Disoproxil Fumarate,Generic,600/200/300mg,Tablet - FDC,30,39550,412506.5,10.43,0.35,"Hetero, Jadcherla, unit 5, IN",True,4840.0,23796.98,485.52
5266,59530,116-ZA-T30,FPQ-13214,SCMS-215410,ASN-23875,South Africa,PMO - US,Direct Drop,DDP,Truck,2013-11-14,2013-12-02,2014-01-13,2014-01-13,2014-01-13,ARV,Adult,S. BUYS WHOLESALER,"Didanosine 250mg, delayed-release capsules, 30 Caps",Didanosine,Generic,250mg,Delayed-release capsules,30,18,271.8,15.1,0.5,"Aurobindo Unit III, India",False,55.0,0.0,0.28
5267,59566,116-ZA-T30,FPQ-14942,SCMS-259079,ASN-33852,South Africa,PMO - US,Direct Drop,DDP,Truck,2014-09-11,2014-10-09,2015-08-24,2015-08-24,2015-08-24,ARV,Pediatric,PHARMACY DIRECT,"Efavirenz 50mg, capsule, 30 Caps",Efavirenz,Generic,50mg,Capsule,30,9,21.81,2.42,0.08,"Aurobindo Unit III, India",False,1.0,0.0,0.02
5268,59572,116-ZA-T30,FPQ-3596,SCMS-50370,ASN-5459,South Africa,PMO - US,Direct Drop,DDP,Truck,2009-05-07,2009-09-22,2009-10-29,2009-10-29,2009-10-29,ARV,Adult,S. BUYS WHOLESALER,"Nevirapine 200mg [Viramune], tablets, 60 Tabs",Nevirapine,Viramune,200mg,Tablet,60,2600,52801.37,20.31,0.34,"Boehringer Ing., Koropi, GR",True,235.5,0.0,103.49
5269,59624,116-ZA-T30,FPQ-12522,SCMS-199280,ASN-24433,South Africa,PMO - US,Direct Drop,DDP,Truck,2013-07-11,2013-08-13,2014-02-07,2014-02-07,2014-02-07,ARV,Adult,S. BUYS WHOLESALER,"Didanosine 250mg, delayed-release capsules, 30 Caps",Didanosine,Generic,250mg,Delayed-release capsules,30,5,84.1,16.82,0.56,"Aurobindo Unit III, India",False,842.0,0.0,0.1
5270,59633,106-HT-T30,FPQ-9894,SCMS-147600,ASN-15503,Haiti,PMO - US,Direct Drop,DDP,Truck,2012-05-22,2012-06-05,2012-06-28,2012-06-28,2012-06-28,HRDT,HIV test,REINBOLD EXPORT IMPORT,"HIV 1/2, Determine Complete HIV Kit, 100 Tests","HIV 1/2, Determine Complete HIV Kit",Determine,no_dosage,Test kit,100,1250,160937.5,128.75,1.29,"Alere Medical Co., Ltd.",True,394.0,0.0,225.63
5271,59673,108-VN-T30,FPQ-9577,SCMS-145520,ASN-15795,Vietnam,PMO - US,Direct Drop,EXW,Air,2012-04-11,2012-06-12,2012-08-22,2012-08-22,2012-08-22,ARV,Pediatric,Aurobindo Pharma Limited,"Efavirenz 200mg, capsule, 90 Caps",Efavirenz,Generic,200mg,Capsule,90,1000,7000.0,7.0,0.08,"Aurobindo Unit III, India",False,132.0,4400.805,9.81
5272,59698,116-ZA-T30,FPQ-13973,SCMS-238555,ASN-29257,South Africa,PMO - US,Direct Drop,DDP,Truck,2014-04-30,2014-11-04,2014-11-05,2014-11-05,2014-11-05,ARV,Adult,PHARMACY DIRECT,"Tenofovir Disoproxil Fumarate 300mg, tablets, 30 Tabs",Tenofovir Disoproxil Fumarate,Generic,300mg,Tablet,30,114,2179.73,19.12,0.64,Mylan (formerly Matrix) Nashik,False,5.0,0.0,2.24
5273,59704,161-ZA-T30,FPQ-6708,SCMS-93500,ASN-9932,South Africa,PMO - US,Direct Drop,DDP,Ocean,2010-11-26,2010-12-14,2011-04-04,2011-04-04,2011-04-04,ARV,Pediatric,Aurobindo Pharma Limited,"Nevirapine 10mg/ml, oral suspension w/syringe, Bottle, 240 ml",Nevirapine,Generic,10mg/ml,Oral suspension,240,5590,11850.8,2.12,0.01,"Aurobindo Unit III, India",True,2068.0,3961.69,19.55
5274,59715,101-CD-T30,FPQ-11103,SCMS-170640,ASN-18069,"Congo, DRC",PMO - US,Direct Drop,FCA,Air,2012-12-07,2013-01-03,2013-04-16,2013-04-16,2013-04-16,ARV,Pediatric,ABBVIE LOGISTICS (FORMERLY ABBOTT LOGISTICS BV),"Lopinavir/Ritonavir 80/20mg/ml [Kaletra], oral solution, cool, Bottle 5 x 60 ml",Lopinavir/Ritonavir,Kaletra,80/20mg/ml,Oral solution,300,60,1849.2,30.82,0.1,ABBVIE (Abbott) Logis. UK,True,113.0,1421.86,2.29
5275,59743,102-MW-T30,FPQ-9568,SCMS-144170,ASN-15308,Malawi,PMO - US,Direct Drop,EXW,Air,2012-04-11,2012-04-24,2012-07-13,2012-07-13,2012-07-13,HRDT,HIV test,"Trinity Biotech, Plc","HIV 1/2, Uni-Gold HIV Kit, 20 Tests","HIV 1/2, Uni-Gold HIV Kit",Uni-Gold,no_dosage,Test kit,20,246,7872.0,32.0,1.6,"Trinity Biotech, Plc",True,86.0,3133.86,11.04
5276,59750,111-MZ-T30,FPQ-11923,SCMS-187100,ASN-22575,Mozambique,PMO - US,Direct Drop,CIP,Air,2013-04-19,2013-04-25,2013-11-08,2013-11-08,2014-01-29,ARV,Adult,ASPEN PHARMACARE,"Darunavir 300mg [Prezista], tablets, 120 Tabs",Darunavir,Prezista,300mg,Tablet,120,90,5994.0,66.6,0.55,"Janssen-Cilag, Latina, IT",True,7.5,0.0,7.41
5277,59776,110-ZM-T30,FPQ-8315,SCMS-120570,ASN-13032,Zambia,PMO - US,Direct Drop,EXW,Air,2011-08-31,2011-09-22,2011-12-20,2011-12-16,2011-12-16,HRDT,HIV test,"Orgenics, Ltd","HIV 1/2, Determine Complete HIV Kit, 100 Tests","HIV 1/2, Determine Complete HIV Kit",Determine,no_dosage,Test kit,100,2870,229600.0,80.0,0.8,"Alere Medical Co., Ltd.",True,1368.0,25037.09,378.84
5278,59805,108-VN-T30,FPQ-6818,SCMS-98050,ASN-11023,Vietnam,PMO - US,Direct Drop,EXW,Air,2011-01-17,2011-02-15,2011-06-22,2011-06-22,2011-06-22,ARV,Adult,MYLAN LABORATORIES LTD (FORMERLY MATRIX LABORATORIES),"Zidovudine 300mg, tablets, 60 Tabs",Zidovudine,Generic,300mg,Tablet,60,4084,29609.0,7.25,0.12,Mylan (formerly Matrix) Nashik,False,668.5,4400.805,48.85
5279,59847,116-ZA-T30,FPQ-13973,SCMS-238554,ASN-28626,South Africa,PMO - US,Direct Drop,DDP,Truck,2014-04-30,2014-10-03,2014-10-03,2014-10-03,2014-10-03,ARV,Pediatric,PHARMACY DIRECT,"Atazanavir 150mg [Reyataz], capsules, 60 Caps",Atazanavir,Reyataz,150mg,Capsule,60,6,132.02,22.0,0.37,"BMS Evansville, US",False,9.0,0.0,0.14
5280,59849,113-ZW-T30,FPQ-10041,SCMS-150030,ASN-15987,Zimbabwe,PMO - US,Direct Drop,EXW,Air,2012-06-13,2012-07-02,2012-09-18,2012-09-18,2012-09-18,HRDT,HIV test,"Orgenics, Ltd","HIV 1/2, Determine Complete HIV Kit, 100 Tests","HIV 1/2, Determine Complete HIV Kit",Determine,no_dosage,Test kit,100,5060,404800.0,80.0,0.8,"Alere Medical Co., Ltd.",False,2486.0,12894.85,567.53
5281,59867,104-CI-T30,FPQ-3967,SCMS-52610,ASN-5651,Côte d'Ivoire,PMO - US,Direct Drop,CIP,Air,2009-08-21,2009-09-25,2010-01-06,2010-01-06,2010-01-06,ARV,Pediatric,MERCK SHARP & DOHME IDEA GMBH (FORMALLY MERCK SHARP & DOHME B.V.),"Efavirenz 30mg/ml [Stocrin/Sustiva], oral solution, Bottle, 180 ml",Efavirenz,Stocrin/Sustiva,30mg/ml,Oral solution,180,3355,56900.8,16.96,0.09,"MSD, Haarlem, NL",True,1006.0,2530.73,111.53
5282,59873,108-VN-T30,FPQ-7469,SCMS-106481,ASN-12360,Vietnam,PMO - US,Direct Drop,FCA,Air,2011-03-31,2011-04-21,2011-10-19,2011-10-19,2011-10-19,ARV,Adult,ABBVIE LOGISTICS (FORMERLY ABBOTT LOGISTICS BV),"Ritonavir 100mg [Norvir], film coated tablets, 30 Tabs",Ritonavir,Norvir,100mg,Tablet,30,560,13025.6,23.26,0.78,ABBVIE Ludwigshafen Germany,True,67.0,4476.29,21.49
5283,59894,116-ZA-T30,FPQ-14942,SCMS-259081,ASN-30228,South Africa,PMO - US,Direct Drop,DDP,Truck,2014-09-11,2015-01-14,2015-01-14,2015-01-14,2015-01-14,ARV,Pediatric,PHARMACY DIRECT,"Lopinavir/Ritonavir 80/20mg/ml [Kaletra], oral solution, cool, Bottle 5 x 60 ml",Lopinavir/Ritonavir,Kaletra,80/20mg/ml,Oral solution,300,4,63.78,15.94,0.05,ABBVIE (Abbott) Logis. UK,True,78.0,0.0,0.07
5284,59896,114-UG-T30,FPQ-12477,SCMS-198540,ASN-21767,Uganda,PMO - US,Direct Drop,EXW,Air,2013-07-08,2013-07-31,2013-10-03,2013-10-03,2013-11-06,ARV,Adult,CIPLA LIMITED,"Lamivudine/Zidovudine 150/300mg, tablets, 60 Tabs",Lamivudine/Zidovudine,Generic,150/300mg,Tablet - FDC,60,97380,641734.2,6.59,0.11,"Cipla, Goa, India",True,8722.0,32208.32,793.83
5285,59917,116-ZA-T30,FPQ-14942,SCMS-259075,ASN-32138,South Africa,PMO - US,Direct Drop,DDP,Truck,2014-09-11,2015-05-11,2015-05-12,2015-05-12,2015-05-12,ARV,Pediatric,PHARMACY DIRECT,"Abacavir 20mg/ml, oral solution, Bottle, 240 ml",Abacavir,Generic,20mg/ml,Oral solution,240,3,53.13,17.71,0.07,"Aurobindo Unit III, India",False,1.0,0.0,0.05
5286,59919,116-ZA-T30,FPQ-13214,SCMS-215410,ASN-23875,South Africa,PMO - US,Direct Drop,DDP,Truck,2013-11-14,2013-12-02,2014-01-13,2014-01-13,2014-01-13,ARV,Adult,S. BUYS WHOLESALER,"Stavudine 30mg, capsules, 60 Caps",Stavudine,Generic,30mg,Capsule,60,44,163.95,3.73,0.06,"Aurobindo Unit III, India",False,116.0,0.0,0.17
5287,59928,108-VN-T30,FPQ-12187,SCMS-188540,ASN-21694,Vietnam,PMO - US,Direct Drop,EXW,Air,2013-05-03,2013-05-10,2013-10-11,2013-10-11,2013-10-11,ARV,Adult,MYLAN LABORATORIES LTD (FORMERLY MATRIX LABORATORIES),"Efavirenz/Lamivudine/Tenofovir Disoproxil Fumarate 600/300/300mg, tablets, 30 Tabs",Efavirenz/Lamivudine/Tenofovir Disoproxil Fumarate,Generic,600/300/300mg,Tablet - FDC,30,14500,166605.0,11.49,0.38,Mylan (formerly Matrix) Nashik,True,1640.0,2503.07,206.09
5288,59970,101-ZA-T30,FPQ-12932,SCMS-206101,ASN-24548,South Africa,PMO - US,Direct Drop,DDP,Truck,2013-09-07,2013-11-28,2014-02-05,2014-02-05,2014-02-17,ARV,Adult,PHARMACY DIRECT,"Efavirenz/Emtricitabine/Tenofovir Disoproxil Fumarate 600/200/300mg, tablets, 30 Tabs",Efavirenz/Emtricitabine/Tenofovir Disoproxil Fumarate,Generic,600/200/300mg,Tablet - FDC,30,5409,206791.05,38.23,1.27,"Aurobindo Unit VII, IN",True,668.5,0.0,255.8
5289,59973,119-NA-T30,FPQ-4856,SCMS-62721,ASN-6953,Namibia,PMO - US,Direct Drop,EXW,Air,2010-01-07,2010-01-08,2010-06-15,2010-06-15,2010-06-15,HRDT,HIV test,"Orgenics, Ltd","HIV 1/2, Determine HIV Kit, without Lancets, 100 Tests","HIV 1/2, Determine HIV Kit, without Lancets",Determine,no_dosage,Test kit,100,170,11900.0,70.0,0.7,Inverness Japan,True,40.0,2883.51,25.66
5290,59991,110-ZM-T30,FPQ-9074,SCMS-134370,ASN-13884,Zambia,PMO - US,Direct Drop,EXW,Air,2011-12-22,2012-01-24,2012-03-14,2012-03-14,2012-03-14,ARV,Adult,Aurobindo Pharma Limited,"Emtricitabine/Tenofovir Disoproxil Fumarate 200/300mg, tablets, 30 Tabs",Emtricitabine/Tenofovir Disoproxil Fumarate,Generic,200/300mg,Tablet - FDC,30,100000,735000.0,7.35,0.24,"Aurobindo Unit III, India",True,9390.0,45118.64,1030.47
5291,59994,116-ZA-T30,FPQ-13214,SCMS-215410,ASN-23875,South Africa,PMO - US,Direct Drop,DDP,Truck,2013-11-14,2013-12-02,2014-01-13,2014-01-13,2014-01-13,ARV,Adult,S. BUYS WHOLESALER,"Abacavir 300mg, tablets, 60 Tabs",Abacavir,Generic,300mg,Tablet,60,268,18310.96,68.32,1.14,"Aurobindo Unit III, India",False,206.0,0.0,18.82
5292,60000,108-VN-T30,FPQ-7427,SCMS-105490,ASN-11857,Vietnam,PMO - US,Direct Drop,EXW,Air,2011-03-31,2011-04-14,2011-09-21,2011-09-21,2011-09-21,ARV,Adult,MYLAN LABORATORIES LTD (FORMERLY MATRIX LABORATORIES),"Lamivudine/Nevirapine/Zidovudine 150/200/300mg, tablets, 60 Tabs",Lamivudine/Nevirapine/Zidovudine,Generic,150/300/200mg,Tablet - FDC,60,25572,281036.28,10.99,0.18,Mylan (formerly Matrix) Nashik,True,3572.0,10657.33,463.71
5293,60004,161-ZA-T30,FPQ-6262,SCMS-84230,ASN-9456,South Africa,PMO - US,Direct Drop,DDP,Ocean,2010-08-31,2010-09-21,2011-02-14,2011-02-14,2011-02-14,ARV,Adult,STRIDES ARCOLAB LIMITED,"Lamivudine 150mg, tablets, 60 Tabs",Lamivudine,Generic,150mg,Tablet,60,189137,467168.39,2.47,0.04,"Strides, Bangalore, India.",True,9173.0,13677.67,1007.22
5294,60005,109-TZ-T30,FPQ-12540,SCMS-198780,ASN-20859,Tanzania,PMO - US,Direct Drop,EXW,Air,2013-07-03,2013-07-16,2013-09-24,2013-09-24,2013-09-24,ARV,Adult,Aurobindo Pharma Limited,"Lamivudine/Nevirapine/Zidovudine 150/200/300mg, tablets, 60 Tabs",Lamivudine/Nevirapine/Zidovudine,Generic,150/300/200mg,Tablet - FDC,60,33022,268468.86,8.13,0.14,"Aurobindo Unit III, India",True,4190.0,16066.92,332.1
5295,60023,106-HT-T30,FPQ-9066,SCMS-138620,ASN-14951,Haiti,PMO - US,Direct Drop,EXW,Air,2012-01-06,2012-02-24,2012-06-12,2012-06-12,2012-06-12,ARV,Pediatric,CIPLA LIMITED,"Abacavir 60mg, dispersible tablets, 60 Tabs",Abacavir,Generic,60mg,Chewable/dispersible tablet,60,864,5356.8,6.2,0.1,"Cipla, Patalganga, India",True,46.0,304.63,7.51
5296,60026,116-ZA-T30,FPQ-5381,SCMS-69590,ASN-6724,South Africa,PMO - US,Direct Drop,DDP,Truck,2010-03-23,2010-03-25,2010-04-01,2010-04-01,2010-04-01,ARV,Adult,S. BUYS WHOLESALER,"Zidovudine 300mg [Retrovir], tablets, 60 Tabs",Zidovudine,Retrovir,300mg,Tablet,60,200,3058.27,15.29,0.25,GSK Ware (UK),False,22.0,0.0,6.59
5297,60074,106-HT-T30,FPQ-15038,SCMS-262910,ASN-30184,Haiti,PMO - US,Direct Drop,EXW,Ocean,2014-10-22,2014-12-24,2015-03-13,2015-03-13,2015-03-18,ARV,Adult,Aurobindo Pharma Limited,"Efavirenz 600mg, tablets, 30 Tabs",Efavirenz,Generic,600mg,Tablet,30,53571,176784.3,3.3,0.11,"Aurobindo Unit VII, IN",True,4974.0,11109.18,181.73
5298,60084,113-ZW-T30,FPQ-13939,SCMS-234730,ASN-26148,Zimbabwe,PMO - US,Direct Drop,EXW,Air Charter,2014-04-01,2014-05-12,2014-06-14,2014-06-14,2014-06-16,ARV,Adult,CIPLA LIMITED,"Nevirapine 200mg, tablets, 60 Tabs",Nevirapine,Generic,200mg,Tablet,60,85000,188700.0,2.22,0.04,"Cipla, Goa, India",True,11125.0,84791.1,193.98
5299,60104,104-CI-T30,FPQ-3882,SCMS-51800,ASN-5652,Côte d'Ivoire,PMO - US,Direct Drop,CIP,Air,2009-07-24,2009-08-21,2010-01-06,2010-01-06,2010-01-06,ARV,Adult,GLAXOSMITHKLINE EXPORT LIMITED,"Abacavir/Lamivudine/Zidovudine 300/150/300mg [Trizivir], tablets, 60 Tabs",Abacavir/Lamivudine/Zidovudine,Trizivir,300/150/300mg,Tablet - FDC,60,4640,249214.4,53.71,0.9,GSK Ware (UK),True,685.0,1807.36,488.46
5300,60105,116-ZA-T30,FPQ-14942,SCMS-259075,ASN-32138,South Africa,PMO - US,Direct Drop,DDP,Truck,2014-09-11,2015-05-11,2015-05-12,2015-05-12,2015-05-12,ARV,Adult,PHARMACY DIRECT,"Emtricitabine/Tenofovir Disoproxil Fumarate 200/300mg, tablets, 30 Tabs",Emtricitabine/Tenofovir Disoproxil Fumarate,Generic,200/300mg,Tablet - FDC,30,3,65.49,21.83,0.73,"Aurobindo Unit III, India",False,1.0,0.0,0.07
5301,60109,103-ZW-T30,FPQ-13969,SCMS-239160,ASN-28293,Zimbabwe,PMO - US,Direct Drop,EXW,Air,2014-04-08,2014-05-15,2014-10-09,2014-10-09,2014-10-13,ARV,Pediatric,ABBVIE LOGISTICS (FORMERLY ABBOTT LOGISTICS BV),"Lopinavir/Ritonavir 80/20mg/ml [Kaletra], oral solution, cool, Bottle 5 x 60 ml",Lopinavir/Ritonavir,Kaletra,80/20mg/ml,Oral solution,300,3794,116931.08,30.82,0.1,ABBVIE (Abbott) Logis. UK,True,3287.0,26515.21,120.21
5302,60112,114-UG-T30,FPQ-13258,SCMS-216720,ASN-23721,Uganda,PMO - US,Direct Drop,EXW,Air,2013-11-18,2013-12-17,2014-02-22,2014-02-22,2014-03-24,ARV,Adult,Aurobindo Pharma Limited,"Nevirapine 200mg, tablets, 60 Tabs",Nevirapine,Generic,200mg,Tablet,60,18216,40986.0,2.25,0.04,"Aurobindo Unit III, India",True,1863.0,6757.18,42.13
5303,60160,106-HT-T30,FPQ-3948,SCMS-51130,ASN-4983,Haiti,PMO - US,Direct Drop,FCA,Air,2009-07-29,2009-08-19,2009-10-06,2009-10-06,2009-10-06,ARV,Pediatric,ABBVIE LOGISTICS (FORMERLY ABBOTT LOGISTICS BV),"Lopinavir/Ritonavir 100/25mg [Aluvia], tablets, 60 Tabs",Lopinavir/Ritonavir,Generic,100/25mg,Tablet,60,90,925.2,10.28,0.17,ABBVIE Ludwigshafen Germany,True,17.0,693.54,1.81
5304,60168,161-ZA-T30,FPQ-5303,SCMS-68740,ASN-7868,South Africa,PMO - US,Direct Drop,DDP,Air,2010-03-18,2010-03-19,2010-09-01,2010-09-03,2010-09-03,ARV,Adult,CIPLA LIMITED,"Tenofovir Disoproxil Fumarate 300mg, tablets, 30 Tabs",Tenofovir Disoproxil Fumarate,Generic,300mg,Tablet,30,64771,506509.22,7.82,0.26,"Cipla, Goa, India",True,4398.0,5298.03,1092.03
5305,60261,105-GY-T30,FPQ-6308,SCMS-85580,ASN-8349,Guyana,PMO - US,Direct Drop,EXW,Air,2010-09-13,2010-09-17,2010-10-13,2010-10-13,2010-10-13,ARV,Adult,Aurobindo Pharma Limited,"Lopinavir/Ritonavir 200/50mg, tablets, 120 Tabs",Lopinavir/Ritonavir,Generic,200/50mg,Tablet,120,400,14400.0,36.0,0.3,"Aurobindo Unit III, India",True,81.0,1924.4650000000001,31.05
5306,60273,106-HT-T30,FPQ-14895,SCMS-260950,ASN-29640,Haiti,PMO - US,Direct Drop,EXW,Air,2014-09-24,2014-11-15,2015-01-20,2015-01-20,2015-01-21,ARV,Pediatric,STRIDES ARCOLAB LIMITED,"Efavirenz 200mg, capsule, 90 Caps",Efavirenz,Generic,200mg,Capsule,90,2440,22692.0,9.3,0.1,"Strides, Bangalore, India.",True,163.0,1659.21,23.33
5307,60286,104-CI-T30,FPQ-12806,SCMS-206560,ASN-23448,Côte d'Ivoire,PMO - US,Direct Drop,EXW,Air,2013-08-09,2013-09-17,2014-01-03,2014-01-03,2014-01-06,ARV,Pediatric,Aurobindo Pharma Limited,"Zidovudine 100mg, capsules, 100 Caps",Zidovudine,Generic,100mg,Capsule,100,400,1800.0,4.5,0.04,"Aurobindo Unit III, India",False,81.0,4063.81,2.23
5308,60299,116-ZA-T30,FPQ-14942,SCMS-259074,ASN-31070,South Africa,PMO - US,Direct Drop,DDP,Truck,2014-09-11,2015-03-09,2015-03-09,2015-03-09,2015-03-09,ARV,Pediatric,PHARMACY DIRECT,"Efavirenz 50mg, capsule, 30 Caps",Efavirenz,Generic,50mg,Capsule,30,6,13.03,2.17,0.07,"Aurobindo Unit III, India",False,9.0,0.0,0.01
5309,60316,106-HT-T30,FPQ-13797,SCMS-233960,ASN-27423,Haiti,PMO - US,Direct Drop,EXW,Air,2014-03-20,2014-05-01,2014-09-12,2014-09-12,2014-09-17,ARV,Pediatric,CIPLA LIMITED,"Zidovudine 10mg/ml, oral solution, Bottle, 240 ml",Zidovudine,Generic,10mg/ml,Oral solution,240,864,1684.8,1.95,0.01,"Cipla, Goa, India",True,56.0,2946.7200000000003,1.73
5310,60321,101-CD-T30,FPQ-16001,SCMS-280210,ASN-31750,"Congo, DRC",PMO - US,Direct Drop,EXW,Air,2015-03-10,2015-03-16,2015-07-02,2015-07-02,2015-07-30,HRDT,HIV test,"Trinity Biotech, Plc","HIV 1/2, Uni-Gold HIV Kit, 20 Tests","HIV 1/2, Uni-Gold HIV Kit",Uni-Gold,no_dosage,Test kit,20,47,1504.0,32.0,1.6,"Trinity Biotech, Plc",False,15.0,2346.5699999999997,1.77
5311,60357,105-SS-T30,FPQ-12623,SCMS-200910,ASN-22040,South Sudan,PMO - US,Direct Drop,EXW,Air,2013-07-18,2013-08-05,2013-11-08,2013-11-08,2013-11-11,HRDT,HIV test - Ancillary,"Orgenics, Ltd","Chase Buffer, Determine, 100 Tests, 2.5ml x 1 Vial","Chase Buffer, Determine, 100 Tests, 2.5ml x 1 Vial",Determine,no_dosage,Test kit - Ancillary,1,210,1050.0,5.0,5.0,"Alere Medical Co., Ltd.",False,60.0,2575.925,1.3
5312,60359,102-BI-T30,FPQ-12580,SCMS-199581,ASN-22108,Burundi,PMO - US,Direct Drop,EXW,Air,2013-07-09,2013-07-31,2013-10-30,2013-10-30,2013-10-30,HRDT,HIV test,"CHEMBIO DIAGNOSTIC SYSTEMS, INC.","HIV 1/2, Stat-Pak Dipstick Assay Kit, 30 Tests","HIV 1/2, Stat-Pak Dipstick Assay Kit",Stat-Pak,no_dosage,Test kit,30,428,11812.8,27.6,0.92,Chembio Diagnostics Sys. Inc.,True,47.0,732.47,14.61
5313,60375,116-ZA-T30,FPQ-13035,SCMS-215370,ASN-24415,South Africa,PMO - US,Direct Drop,DDP,Truck,2013-10-08,2013-12-02,2014-02-06,2014-02-06,2014-02-06,ARV,Pediatric,S. BUYS WHOLESALER,"Efavirenz 50mg, capsule, 30 Caps",Efavirenz,Generic,50mg,Capsule,30,387,1089.02,2.81,0.09,"Aurobindo Unit III, India",False,668.5,0.0,1.35
5314,60391,161-ZA-T30,FPQ-6262,SCMS-83770,ASN-9939,South Africa,PMO - US,Direct Drop,DDP,Ocean,2010-08-31,2010-09-24,2011-04-26,2011-04-26,2011-04-26,ARV,Adult,Aurobindo Pharma Limited,"Efavirenz 600mg, tablets, 30 Tabs",Efavirenz,Generic,600mg,Tablet,30,25692,116384.76,4.53,0.15,"Aurobindo Unit III, India",True,668.5,0.0,250.93
5315,60401,109-TZ-T30,FPQ-7909,SCMS-114990,ASN-12094,Tanzania,PMO - US,Direct Drop,EXW,Air,2011-06-24,2011-07-18,2011-09-29,2011-09-29,2011-09-29,HRDT,HIV test,"Standard Diagnostics, Inc.","HIV 1/2, Bioline 3.0 Kit, Lancets, Capillary pipets, Alcohol swabs included, 25 Tests","HIV 1/2, Bioline 3.0 Kit, Lancets, Capillary pipets, Alcohol swabs included",Bioline,no_dosage,Test kit,25,10000,200000.0,20.0,0.8,"Standard Diagnostics, Korea",True,3349.0,22523.12,330.0
5316,60439,116-ZA-T30,FPQ-3596,SCMS-50370,ASN-5460,South Africa,PMO - US,Direct Drop,DDP,Truck,2009-05-07,2009-09-22,2009-10-29,2009-10-29,2009-10-29,ARV,Adult,S. BUYS WHOLESALER,"Zidovudine 300mg, tablets, 60 Tabs",Zidovudine,Generic,300mg,Tablet,60,770,20108.36,26.11,0.44,"Aurobindo Unit III, India",False,668.5,0.0,39.41
5317,60450,102-KE-T30,FPQ-4587,SCMS-58380,ASN-5878,Kenya,PMO - US,Direct Drop,EXW,Air,2009-11-18,2009-12-02,2010-02-16,2010-02-19,2010-02-19,HRDT,HIV test,"Orgenics, Ltd","HIV 1/2, Determine Complete HIV Kit, 100 Tests","HIV 1/2, Determine Complete HIV Kit",Determine,no_dosage,Test kit,100,1500,120000.0,80.0,0.8,Inverness Japan,True,1489.0,14532.09,258.72
5318,60489,117-ET-T30,FPQ-12272,SCMS-190780,ASN-20285,Ethiopia,PMO - US,Direct Drop,EXW,Air,2013-05-09,2013-05-21,2013-07-10,2013-07-10,2013-07-10,HRDT,HIV test,"CHEMBIO DIAGNOSTIC SYSTEMS, INC.","HIV 1/2, Stat-Pak HIV, Kit, 20 Tests","HIV 1/2, Stat-Pak HIV, Kit",Stat-Pak,no_dosage,Test kit,20,832,24128.0,29.0,1.45,Chembio Diagnostics Sys. Inc.,True,238.0,1945.45,29.85
5319,60502,161-ZA-T30,FPQ-6708,SCMS-93540,ASN-10556,South Africa,PMO - US,Direct Drop,DDP,Ocean,2010-11-26,2010-12-14,2011-05-31,2011-05-31,2011-05-31,ARV,Adult,Aurobindo Pharma Limited,"Tenofovir Disoproxil Fumarate 300mg, tablets, 30 Tabs",Tenofovir Disoproxil Fumarate,Generic,300mg,Tablet,30,79250,527012.5,6.65,0.22,"Aurobindo Unit III, India",True,7397.0,8809.08,869.57
5320,60545,104-BW-T30,FPQ-15568,SCMS-275710,ASN-31392,Botswana,PMO - US,Direct Drop,EXW,Air,2015-01-08,2015-02-06,2015-06-02,2015-06-02,2015-06-04,ARV,Adult,HETERO LABS LIMITED,"Efavirenz/Emtricitabine/Tenofovir Disoproxil Fumarate 600/200/300mg, tablets, 30 Tabs",Efavirenz/Emtricitabine/Tenofovir Disoproxil Fumarate,Generic,600/200/300mg,Tablet - FDC,30,32112,334928.16,10.43,0.35,"Hetero, Jadcherla, unit 5, IN",True,3989.0,19745.22,394.21
5321,60547,117-ET-T30,FPQ-9209,SCMS-134710,ASN-14556,Ethiopia,PMO - US,Direct Drop,EXW,Air,2012-01-18,2012-01-23,2012-04-26,2012-04-26,2012-04-26,HRDT,HIV test,"Trinity Biotech, Plc","HIV 1/2, Uni-Gold HIV Kit, 20 Tests","HIV 1/2, Uni-Gold HIV Kit",Uni-Gold,no_dosage,Test kit,20,24,768.0,32.0,1.6,"Trinity Biotech, Plc",True,8.0,315.44,1.08
5322,60573,116-ZA-T30,FPQ-12522,SCMS-199283,ASN-27980,South Africa,PMO - US,Direct Drop,DDP,Truck,2013-07-11,2014-08-27,2014-08-27,2014-08-27,2014-08-27,ARV,Pediatric,S. BUYS WHOLESALER,"Efavirenz 50mg, capsule, 30 Caps",Efavirenz,Generic,50mg,Capsule,30,16,53.06,3.32,0.11,"Aurobindo Unit III, India",False,168.5,0.0,0.07
5323,60626,108-VN-T30,FPQ-8428,SCMS-123520,ASN-13475,Vietnam,PMO - US,Direct Drop,EXW,Air,2011-09-21,2011-10-04,2012-03-01,2012-03-01,2012-03-01,ARV,Adult,Aurobindo Pharma Limited,"Nevirapine 200mg, tablets, 60 Tabs",Nevirapine,Generic,200mg,Tablet,60,5000,12500.0,2.5,0.04,"Aurobindo Unit III, India",False,452.0,4400.805,20.62
5324,60690,106-HT-T30,FPQ-15038,SCMS-270280,ASN-30068,Haiti,PMO - US,Direct Drop,EXW,Air,2014-10-22,2014-12-24,2015-02-16,2015-02-16,2015-02-16,ARV,Pediatric,Aurobindo Pharma Limited,"Nevirapine 50mg, dispersible tablets (tablets for oral suspension), 30 Tabs",Nevirapine,Generic,50mg,Chewable/dispersible tablet,30,6100,7625.0,1.25,0.04,"Aurobindo Unit III, India",True,353.0,4236.81,7.84
5325,60702,104-CI-T30,FPQ-15618,SCMS-272180,ASN-30880,Côte d'Ivoire,PMO - US,Direct Drop,EXW,Air,2014-12-17,2015-02-20,2015-04-09,2015-04-09,2015-04-10,HRDT,HIV test,"CHEMBIO DIAGNOSTIC SYSTEMS, INC.","HIV 1/2, Stat-Pak HIV, Kit, 20 Tests","HIV 1/2, Stat-Pak HIV, Kit",Stat-Pak,no_dosage,Test kit,20,2400,74400.0,31.0,1.55,Chembio Diagnostics Sys. Inc.,True,678.0,9253.44,87.57
5326,60778,109-TZ-T30,FPQ-12868,SCMS-205690,ASN-23213,Tanzania,PMO - US,Direct Drop,EXW,Air,2013-08-23,2013-09-09,2014-01-28,2014-01-28,2014-01-28,ARV,Adult,MYLAN LABORATORIES LTD (FORMERLY MATRIX LABORATORIES),"Abacavir 300mg, tablets, 60 Tabs",Abacavir,Generic,300mg,Tablet,60,20000,223800.0,11.19,0.19,Mylan (formerly Matrix) Nashik,True,2039.0,9182.45,276.84
5327,60779,161-ZA-T30,FPQ-6262,SCMS-83770,ASN-10127,South Africa,PMO - US,Direct Drop,DDP,Ocean,2010-08-31,2010-09-24,2011-04-26,2011-04-26,2011-04-26,ARV,Adult,Aurobindo Pharma Limited,"Lamivudine 150mg, tablets, 60 Tabs",Lamivudine,Generic,150mg,Tablet,60,84143,199418.91,2.37,0.04,"Aurobindo Unit III, India",False,668.5,7526.14,429.95
5328,60811,114-UG-T30,FPQ-5457,SCMS-75280,ASN-7478,Uganda,PMO - US,Direct Drop,FCA,Air,2010-05-07,2010-06-07,2010-07-19,2010-07-19,2010-07-19,ARV,Adult,ABBVIE LOGISTICS (FORMERLY ABBOTT LOGISTICS BV),"Ritonavir 100mg [Norvir], capsules, cool, 4 x 84 Caps",Ritonavir,Norvir,100mg,Capsule,336,15,575.4,38.36,0.11,ABBVIE (Abbott) Logis. UK,True,53.0,708.2,1.24
5329,60812,106-HT-T30,FPQ-3948,SCMS-51120,ASN-5487,Haiti,PMO - US,Direct Drop,CIP,Air,2009-07-29,2009-08-19,2009-11-30,2009-11-30,2009-11-30,ARV,Pediatric,MERCK SHARP & DOHME IDEA GMBH (FORMALLY MERCK SHARP & DOHME B.V.),"Efavirenz 30mg/ml [Stocrin/Sustiva], oral solution, Bottle, 180 ml",Efavirenz,Stocrin/Sustiva,30mg/ml,Oral solution,180,192,3256.32,16.96,0.09,"MSD, Haarlem, NL",True,54.0,290.0,6.38
5330,60816,116-ZA-T30,FPQ-14942,SCMS-259075,ASN-32138,South Africa,PMO - US,Direct Drop,DDP,Truck,2014-09-11,2015-05-11,2015-05-12,2015-05-12,2015-05-12,ARV,Adult,PHARMACY DIRECT,"Darunavir 600mg [Prezista], tablets, 60 Tabs",Darunavir,Prezista,600mg,Tablet,60,3,141.39,47.13,0.79,"Janssen-Cilag, Latina, IT",False,1.0,0.0,0.15
5331,60818,109-TZ-T30,FPQ-7680,SCMS-111650,ASN-13770,Tanzania,PMO - US,Direct Drop,FCA,Air,2011-06-06,2011-06-22,2012-03-09,2012-03-09,2012-03-09,ARV,Adult,ABBVIE LOGISTICS (FORMERLY ABBOTT LOGISTICS BV),"Ritonavir 100mg [Norvir], film coated tablets, 60 Tabs",Ritonavir,Norvir,100mg,Tablet,60,2145,14693.25,6.85,0.11,ABBVIE Ludwigshafen Germany,True,309.0,2383.65,24.24
5332,60840,161-ZA-T30,FPQ-6262,SCMS-84240,ASN-8846,South Africa,PMO - US,Direct Drop,DDP,Ocean,2010-08-31,2010-09-21,2010-12-13,2010-12-13,2010-12-13,ARV,Adult,STRIDES ARCOLAB LIMITED,"Nevirapine 200mg, tablets, 60 Tabs",Nevirapine,Generic,200mg,Tablet,60,237500,681625.0,2.87,0.05,"Strides, Bangalore, India.",True,15475.0,14682.98,1469.58
5333,60841,107-RW-T30,FPQ-8365,SCMS-126490,ASN-14125,Rwanda,PMO - US,Direct Drop,EXW,Air,2011-10-26,2011-11-09,2012-03-30,2012-03-30,2012-03-30,ARV,Adult,Aurobindo Pharma Limited,"Didanosine 250mg, delayed-release capsules, 30 Caps",Didanosine,Generic,250mg,Delayed-release capsules,30,784,10192.0,13.0,0.43,"Aurobindo Unit III, India",False,58.0,5865.805,16.82
5334,60866,116-ZA-T30,FPQ-14942,SCMS-295800,ASN-33864,South Africa,PMO - US,Direct Drop,DDP,Truck,2014-09-11,2015-08-24,2015-08-24,2015-08-24,2015-08-24,ARV,Adult,PHARMACY DIRECT,"Etravirine 100mg [Intelence], tablets, 120 Tabs",Etravirine,Intelence,100mg,Tablet,120,18,495.23,27.51,0.23,"Janssen-Cilag, Latina, IT",False,55.0,0.0,0.51
5335,60937,110-ZM-T30,FPQ-14827,SCMS-256500,ASN-31166,Zambia,PMO - US,Direct Drop,EXW,Air,2014-08-19,2014-09-19,2015-05-12,2015-05-06,2015-05-06,HRDT,HIV test,"Orgenics, Ltd","HIV 1/2, Determine Complete HIV Kit, 100 Tests","HIV 1/2, Determine Complete HIV Kit",Determine,no_dosage,Test kit,100,3182,254560.0,80.0,0.8,"Alere Medical Co., Ltd.",True,1290.0,14493.3,261.69
5336,60964,116-ZA-T30,FPQ-4770,SCMS-60171,ASN-5931,South Africa,PMO - US,Direct Drop,DDP,Truck,2009-12-17,2009-12-23,2010-01-12,2010-01-12,2010-01-12,ARV,Pediatric,S. BUYS WHOLESALER,"Nevirapine 10mg/ml [Viramune], oral suspension, Bottle, 240 ml",Nevirapine,Viramune,10mg/ml,Oral suspension,240,40,625.57,15.64,0.07,Boehringer Ingelheim Roxane US,True,56.5,0.0,1.35
5337,60966,901-LR-T30,FPQ-8135,SCMS-118700,ASN-12267,Liberia,PMO - US,Direct Drop,EXW,Air,2011-08-04,2011-08-18,2011-10-13,2011-10-13,2011-10-13,HRDT,HIV test,"Orgenics, Ltd","HIV 1/2, Determine Complete HIV Kit, 100 Tests","HIV 1/2, Determine Complete HIV Kit",Determine,no_dosage,Test kit,100,695,55600.0,80.0,0.8,"Alere Medical Co., Ltd.",True,332.0,8738.06,91.74
5338,60978,161-ZA-T30,FPQ-6708,SCMS-93530,ASN-9936,South Africa,PMO - US,Direct Drop,DDP,Ocean,2010-11-26,2010-12-14,2011-04-07,2011-04-07,2011-04-07,ARV,Adult,Aurobindo Pharma Limited,"Tenofovir Disoproxil Fumarate 300mg, tablets, 30 Tabs",Tenofovir Disoproxil Fumarate,Generic,300mg,Tablet,30,76615,509489.75,6.65,0.22,"Aurobindo Unit III, India",True,668.5,0.0,840.66
5339,60994,102-SD-T30,FPQ-8264,SCMS-121853,ASN-13539,Sudan,PMO - US,Direct Drop,EXW,Air,2011-09-07,2011-09-14,2012-02-20,2012-02-20,2012-02-20,HRDT,HIV test - Ancillary,"Orgenics, Ltd","Capillary Tubes, for Determine, EDTA, 50uL,100 Pcs","HIV, Capillary Tubes, for Determine, EDTA, 50uL,100 Pcs",Determine,no_dosage,Test kit - Ancillary,100,1,8.0,8.0,0.08,"Alere Medical Co., Ltd.",True,2.0,980.7,0.01
5340,61009,161-ZA-T30,FPQ-5303,SCMS-68951,ASN-7438,South Africa,PMO - US,Direct Drop,DDP,Air,2010-03-18,2010-03-19,2010-07-14,2010-08-24,2010-08-24,ARV,Pediatric,Aurobindo Pharma Limited,"Lamivudine 10mg/ml, oral solution w/syringe, Bottle, 240 ml",Lamivudine,Generic,10mg/ml,Oral solution,240,11640,34920.0,3.0,0.01,"Aurobindo Unit III, India",True,4440.0,3283.59,75.29
5341,61090,104-CI-T30,FPQ-4932,SCMS-63750,ASN-6169,Côte d'Ivoire,PMO - US,Direct Drop,FCA,Air,2009-12-08,2010-01-25,2010-03-05,2010-03-05,2010-03-05,ARV,Adult,ABBVIE LOGISTICS (FORMERLY ABBOTT LOGISTICS BV),"Lopinavir/Ritonavir 200/50mg [Aluvia], tablets, 120 Tabs",Lopinavir/Ritonavir,Aluvia,200/50mg,Tablet,120,3240,117158.4,36.16,0.3,ABBVIE Ludwigshafen Germany,True,800.0,5322.35,252.59
5342,61105,111-MZ-T30,FPQ-15221,SCMS-270130,ASN-31861,Mozambique,PMO - US,Direct Drop,CIP,Air,2014-10-28,2014-12-19,2015-05-06,2015-05-06,2015-07-16,ARV,Adult,JANSSEN SCIENCES IRELAND UC (FORMERLY JANSSEN R&D IRELAND),"Darunavir 600mg [Prezista], tablets, 60 Tabs",Darunavir,Prezista,600mg,Tablet,60,100,5400.0,54.0,0.9,"Janssen-Cilag, Latina, IT",True,36.0,0.0,6.36
5343,61111,114-UG-T30,FPQ-13600,SCMS-225770,ASN-26847,Uganda,PMO - US,Direct Drop,EXW,Air,2014-01-28,2014-02-04,2014-07-16,2014-07-16,2014-07-18,ARV,Adult,B&C GROUP S.A.,"Etravirine 100mg [Intelence], tablets, 120 Tabs",Etravirine,Intelence,100mg,Tablet,120,502,18072.0,36.0,0.3,"Janssen-Cilag, Latina, IT",True,119.0,923.18,18.58
5344,61186,116-ZA-T30,FPQ-14942,SCMS-259079,ASN-33852,South Africa,PMO - US,Direct Drop,DDP,Truck,2014-09-11,2014-10-09,2015-08-24,2015-08-24,2015-08-24,ARV,Adult,PHARMACY DIRECT,"Emtricitabine/Tenofovir Disoproxil Fumarate 200/300mg, tablets, 30 Tabs",Emtricitabine/Tenofovir Disoproxil Fumarate,Generic,200/300mg,Tablet - FDC,30,10,234.38,23.44,0.78,"Aurobindo Unit III, India",False,38.0,0.0,0.24
5345,61190,108-VN-T30,FPQ-7427,SCMS-105530,ASN-11955,Vietnam,PMO - US,Direct Drop,EXW,Air,2011-03-31,2011-04-14,2011-09-26,2011-09-26,2011-09-26,ARV,Adult,HETERO LABS LIMITED,"Lamivudine/Zidovudine 150/300mg, tablets, 60 Tabs",Lamivudine/Zidovudine,Generic,150/300mg,Tablet - FDC,60,10249,84041.8,8.2,0.14,Hetero Unit III Hyderabad IN,True,5495.0,23372.43,138.67
5346,61191,106-HT-T30,FPQ-9066,SCMS-138590,ASN-16098,Haiti,PMO - US,Direct Drop,EXW,Air,2012-01-06,2012-02-24,2012-09-05,2012-09-05,2012-09-05,ARV,Pediatric,CIPLA LIMITED,"Abacavir/Lamivudine 60/30mg, dispersible tablets, 60 Tabs",Abacavir/Lamivudine,Generic,60/30mg,Chewable/dispersible tablet - FDC,60,2460,17220.0,7.0,0.12,"Cipla, Patalganga, India",True,173.0,1312.75,24.14
5347,61271,114-UG-T30,FPQ-12777,SCMS-202560,ASN-22983,Uganda,PMO - US,Direct Drop,EXW,Air,2013-08-05,2013-08-09,2013-12-10,2013-12-12,2013-12-13,ARV,Pediatric,Aurobindo Pharma Limited,"Nevirapine 10mg/ml, oral suspension w/syringe, Bottle, 100 ml",Nevirapine,Generic,10mg/ml,Oral suspension,100,11036,14346.8,1.3,0.01,"Aurobindo Unit III, India",True,2385.0,10898.12,17.75
5348,61274,116-ZA-T30,FPQ-14942,SCMS-259075,ASN-32138,South Africa,PMO - US,Direct Drop,DDP,Truck,2014-09-11,2015-05-11,2015-05-12,2015-05-12,2015-05-12,ARV,Adult,PHARMACY DIRECT,"Zidovudine 300mg, tablets, 60 Tabs",Zidovudine,Generic,300mg,Tablet,60,3,54.1,18.03,0.3,"Aurobindo Unit III, India",False,1.0,0.0,0.06
5349,61281,107-RW-T30,FPQ-6341,SCMS-84980,ASN-9370,Rwanda,PMO - US,Direct Drop,EXW,Ocean,2010-09-03,2010-09-28,2011-03-01,2011-03-01,2011-03-01,ARV,Adult,HETERO LABS LIMITED,"Lamivudine/Tenofovir Disoproxil Fumarate 300/300mg, tablets, 30 Tabs",Lamivudine/Tenofovir Disoproxil Fumarate,Generic,300/300mg,Tablet - FDC,30,172800,1617408.0,9.36,0.31,Hetero Unit III Hyderabad IN,False,668.5,20193.21,3487.13
5350,61282,901-GH-T30,FPQ-14101,SCMS-245420,ASN-28715,Ghana,PMO - US,Direct Drop,EXW,Air,2014-04-30,2014-07-08,2014-11-21,2014-11-21,2014-11-26,ARV,Adult,MYLAN LABORATORIES LTD (FORMERLY MATRIX LABORATORIES),"Efavirenz/Lamivudine/Tenofovir Disoproxil Fumarate 600/300/300mg, tablets, 30 Tabs",Efavirenz/Lamivudine/Tenofovir Disoproxil Fumarate,Generic,600/300/300mg,Tablet - FDC,30,38433,412770.42,10.74,0.36,Mylan (formerly Matrix) Nashik,True,4656.0,31521.65,424.33
5351,61286,133-NG-T30,FPQ-12456,SCMS-196561,ASN-22354,Nigeria,PMO - US,Direct Drop,EXW,Air,2013-06-10,2013-07-10,2013-11-07,2013-11-13,2013-11-17,HRDT,HIV test,"Orgenics, Ltd","HIV 1/2, Determine Complete HIV Kit, 100 Tests","HIV 1/2, Determine Complete HIV Kit",Determine,no_dosage,Test kit,100,3076,273764.0,89.0,0.89,"Alere Medical Co., Ltd.",True,1249.0,21084.84,338.65
5352,61306,110-ZM-T30,FPQ-7439,SCMS-106730,ASN-11219,Zambia,PMO - US,Direct Drop,EXW,Air,2011-04-01,2011-04-20,2011-07-19,2011-07-19,2011-07-19,HRDT,HIV test,"Trinity Biotech, Plc","HIV 1/2, Uni-Gold HIV Kit, 20 Tests","HIV 1/2, Uni-Gold HIV Kit",Uni-Gold,no_dosage,Test kit,20,3500,112000.0,32.0,1.6,"Trinity Biotech, Plc",True,1224.0,15670.6,184.8
5353,61354,116-ZA-T30,FPQ-14942,SCMS-259078,ASN-33470,South Africa,PMO - US,Direct Drop,DDP,Truck,2014-09-11,2014-10-09,2015-07-24,2015-07-24,2015-07-24,ARV,Adult,PHARMACY DIRECT,"Tenofovir Disoproxil Fumarate 300mg, tablets, 30 Tabs",Tenofovir Disoproxil Fumarate,Generic,300mg,Tablet,30,38,564.39,14.85,0.5,Mylan (formerly Matrix) Nashik,False,668.5,0.0,0.58
5354,61364,103-ZW-T30,FPQ-9905,SCMS-148270,ASN-16267,Zimbabwe,PMO - US,Direct Drop,EXW,Ocean,2012-05-29,2012-07-17,2012-10-24,2012-10-24,2012-10-24,ARV,Pediatric,Aurobindo Pharma Limited,"Lopinavir/Ritonavir 100/25mg, tablets, 60 Tabs",Lopinavir/Ritonavir,Generic,100/25mg,Tablet,60,42500,341700.0,8.04,0.13,"Aurobindo Unit III, India",True,3868.0,16210.31,479.06
5355,61396,105-DO-T30,FPQ-7858,SCMS-117400,ASN-12551,Dominican Republic,PMO - US,Direct Drop,EXW,Air,2011-06-21,2011-08-04,2011-10-27,2011-10-27,2011-10-27,HRDT,HIV test,"Orgenics, Ltd","HIV 1/2, Determine Complete HIV Kit, 100 Tests","HIV 1/2, Determine Complete HIV Kit",Determine,no_dosage,Test kit,100,2828,260176.0,92.0,0.92,Inverness Japan,True,394.0,3026.24,429.29
5356,61403,104-CI-T30,FPQ-6037,SCMS-80610,ASN-8594,Côte d'Ivoire,PMO - US,Direct Drop,EXW,Air,2010-07-14,2010-07-30,2010-11-10,2010-11-10,2010-11-10,HRDT,HIV test,"Standard Diagnostics, Inc.","HIV 1/2, Bioline 3.0 Kit, (no accessories), 30 Tests","HIV 1/2, Bioline 3.0 Kit (no accessories)",Bioline,no_dosage,Test kit,30,1206,28944.0,24.0,0.8,"Standard Diagnostics, Korea",True,429.0,4540.55,62.4
5357,61416,161-ZA-T30,FPQ-5303,SCMS-68750,ASN-8387,South Africa,PMO - US,Direct Drop,DDP,Air,2010-03-18,2010-03-19,2010-10-13,2010-10-27,2010-10-27,ARV,Adult,CIPLA LIMITED,"Tenofovir Disoproxil Fumarate 300mg, tablets, 30 Tabs",Tenofovir Disoproxil Fumarate,Generic,300mg,Tablet,30,64738,506251.16,7.82,0.26,"Cipla, Goa, India",True,4457.0,3646.13,1091.48
5358,61417,116-ZA-T30,FPQ-14942,SCMS-259072,ASN-30377,South Africa,PMO - US,Direct Drop,DDP,Truck,2014-09-11,2015-01-26,2015-01-26,2015-01-26,2015-01-26,ARV,Adult,PHARMACY DIRECT,"Didanosine 250mg, delayed-release capsules, 30 Caps",Didanosine,Generic,250mg,Delayed-release capsules,30,6,66.1,11.02,0.37,"Aurobindo Unit III, India",False,9.0,0.0,0.07
5359,61418,114-UG-T30,FPQ-9365,SCMS-142260,ASN-14701,Uganda,PMO - US,Direct Drop,FCA,Air,2012-03-15,2012-04-04,2012-05-04,2012-05-04,2012-05-04,ARV,Adult,ABBVIE LOGISTICS (FORMERLY ABBOTT LOGISTICS BV),"Ritonavir 100mg [Norvir], film coated tablets, 60 Tabs",Ritonavir,Norvir,100mg,Tablet,60,625,4281.25,6.85,0.11,ABBVIE Ludwigshafen Germany,True,86.0,86.0,6.0
5360,61436,114-UG-T30,FPQ-16569,SCMS-295010,ASN-33776,Uganda,PMO - US,Direct Drop,EXW,Air,2015-07-06,2015-07-28,2015-08-28,2015-08-28,2015-08-31,ARV,Adult,STRIDES ARCOLAB LIMITED,"Efavirenz 600mg, tablets, 30 Tabs",Efavirenz,Generic,600mg,Tablet,30,61751,194515.65,3.15,0.1,"Strides, Bangalore, India.",True,668.5,2485.92,228.94
5361,61473,116-ZA-T30,FPQ-14942,SCMS-259077,ASN-33477,South Africa,PMO - US,Direct Drop,DDP,Truck,2014-09-11,2014-10-09,2015-07-24,2015-07-24,2015-07-24,ARV,Adult,PHARMACY DIRECT,"Lamivudine/Zidovudine 150/300mg, tablets, 60 Tabs",Lamivudine/Zidovudine,Generic,150/300mg,Tablet - FDC,60,13,293.03,22.54,0.38,"Aurobindo Unit III, India",False,668.5,0.0,0.3
5362,61493,105-DO-T30,FPQ-12359,SCMS-202330,ASN-22277,Dominican Republic,PMO - US,Direct Drop,EXW,Air,2013-06-04,2013-08-07,2013-10-29,2013-10-29,2013-11-01,HRDT,HIV test - Ancillary,"Standard Diagnostics, Inc.","Chase Buffer, Determine, 100 Tests, 2.5ml x 1 Vial","Chase Buffer, Determine, 100 Tests, 2.5ml x 1 Vial",Determine,no_dosage,Test kit - Ancillary,1,112,0.0,0.0,0.0,"Alere Medical Co., Ltd.",True,46.0,1428.23,0.0
5363,61501,161-ZA-T30,FPQ-6262,SCMS-83730,ASN-9482,South Africa,PMO - US,Direct Drop,DDP,Ocean,2010-08-31,2010-09-24,2010-12-29,2011-03-10,2011-03-10,ARV,Adult,Aurobindo Pharma Limited,"Tenofovir Disoproxil Fumarate 300mg, tablets, 30 Tabs",Tenofovir Disoproxil Fumarate,Generic,300mg,Tablet,30,146670,975355.5,6.65,0.22,"Aurobindo Unit III, India",True,13690.0,15213.22,2102.87
5364,61518,101-CD-T30,FPQ-14100,SCMS-239410,ASN-26738,"Congo, DRC",PMO - US,Direct Drop,EXW,Air,2014-04-23,2014-05-20,2014-09-05,2014-09-05,2014-09-16,HRDT,HIV test,"Trinity Biotech, Plc","HIV 1/2, Uni-Gold HIV Kit, 20 Tests","HIV 1/2, Uni-Gold HIV Kit",Uni-Gold,no_dosage,Test kit,20,65,2080.0,32.0,1.6,"Trinity Biotech, Plc",False,22.5,2346.5699999999997,2.14
5365,61520,107-RW-T30,FPQ-6185,SCMS-84380,ASN-12230,Rwanda,PMO - US,Direct Drop,CIP,Air,2010-09-03,2010-09-27,2011-09-27,2011-09-27,2011-09-27,ARV,Pediatric,Aurobindo Pharma Limited,"Lamivudine 10mg/ml, oral solution w/syringe, Bottle, 240 ml",Lamivudine,Generic,10mg/ml,Oral solution,240,2468,7231.24,2.93,0.01,"Aurobindo Unit III, India",True,907.0,650.81,15.59
5366,61521,106-HT-T30,FPQ-10785,SCMS-162800,ASN-17281,Haiti,PMO - US,Direct Drop,EXW,Air,2012-10-11,2012-10-16,2012-12-06,2012-12-06,2012-12-06,HRDT,HIV test,"Orgenics, Ltd","HIV 1/2, Determine Complete HIV Kit, 100 Tests","HIV 1/2, Determine Complete HIV Kit",Determine,no_dosage,Test kit,100,1500,150000.0,100.0,1.0,"Alere Medical Co., Ltd.",True,714.0,11293.85,185.55
5367,61546,117-ET-T30,FPQ-9954,SCMS-148511,ASN-16887,Ethiopia,PMO - US,Direct Drop,EXW,Air,2012-05-21,2012-08-10,2012-11-05,2012-11-05,2012-11-05,HRDT,HIV test,"SHANGHAI KEHUA BIOENGINEERING CO.,LTD.  (KHB)","HIV 1/2, SKB Colloidal Gold, Diagnostic Kit, Antibody, 50 Tests","HIV 1/2, Colloidal Gold, Diagnostic Kit, Antibody",Colloidal Gold,no_dosage,Test kit,1,22497,551176.5,24.5,24.5,"KHB Test Kit Facility, Shanghai China",True,13749.0,152368.7,772.75
5368,61550,106-HT-T30,FPQ-12590,SCMS-210540,ASN-24368,Haiti,PMO - US,Direct Drop,EXW,Air,2013-08-21,2013-10-25,2014-06-17,2014-06-17,2014-06-20,ARV,Adult,MYLAN LABORATORIES LTD (FORMERLY MATRIX LABORATORIES),"Lamivudine/Zidovudine 150/300mg, tablets, 60 Tabs",Lamivudine/Zidovudine,Generic,150/300mg,Tablet - FDC,60,24024,155915.76,6.49,0.11,Mylan (formerly Matrix) Nashik,True,2082.0,16574.55,192.87
5369,61563,108-VN-T30,FPQ-5899,SCMS-77600,ASN-7782,Vietnam,PMO - US,Direct Drop,FCA,Air,2010-06-23,2010-07-01,2010-09-13,2010-09-13,2010-09-13,ARV,Adult,ABBVIE LOGISTICS (FORMERLY ABBOTT LOGISTICS BV),"Ritonavir 100mg [Norvir], capsules, cool, 4 x 84 Caps",Ritonavir,Norvir,100mg,Capsule,336,56,17185.28,306.88,0.91,ABBVIE (Abbott) Logis. UK,True,168.0,4092.21,37.05
5370,61595,104-CI-T30,FPQ-12622,SCMS-201210,ASN-21763,Côte d'Ivoire,PMO - US,Direct Drop,EXW,Air,2013-07-16,2013-08-15,2013-10-07,2013-10-07,2013-10-07,HRDT,HIV test,"Standard Diagnostics, Inc.","HIV 1/2, Bioline 3.0 Kit, Lancets, Capillary pipets, Alcohol swabs included, 25 Tests","HIV 1/2, Bioline 3.0 Kit, Lancets, Capillary pipets, Alcohol swabs included",Bioline,no_dosage,Test kit,25,3800,77900.0,20.5,0.82,"Standard Diagnostics, Korea",True,1267.0,12711.93,96.36
5371,61612,106-HT-T30,FPQ-14895,SCMS-261010,ASN-32057,Haiti,PMO - US,Direct Drop,EXW,Air,2014-09-24,2014-11-14,2015-05-28,2015-05-28,2015-05-29,ARV,Adult,EMCURE PHARMACEUTICALS LTD,"Atazanavir/Ritonavir 300/100mg, tablets, 30 Tabs",Atazanavir/Ritonavir,Generic,300/100mg,Tablet,30,1000,18000.0,18.0,0.6,"Emcure Plot No.P-2, I.T-B.T. Park, Phase II, MIDC, Hinjwadi, Pune, India",True,132.0,1579.89,18.5
5372,61614,161-ZA-T30,FPQ-7175,SCMS-103440,ASN-11677,South Africa,PMO - US,Direct Drop,DDP,Ocean,2011-03-10,2011-03-24,2011-10-04,2011-10-11,2011-10-11,ARV,Adult,Aurobindo Pharma Limited,"Efavirenz 600mg, tablets, 30 Tabs",Efavirenz,Generic,600mg,Tablet,30,58489,263785.39,4.51,0.15,"Aurobindo Unit III, India",True,4972.0,14439.19,435.25
5373,61623,106-HT-T30,FPQ-12590,SCMS-210470,ASN-24369,Haiti,PMO - US,Direct Drop,EXW,Ocean,2013-08-21,2013-10-24,2014-05-09,2014-05-09,2014-05-12,ARV,Pediatric,Aurobindo Pharma Limited,"Nevirapine 50mg, dispersible tablets (tablets for oral suspension), 30 Tabs",Nevirapine,Generic,50mg,Chewable/dispersible tablet,30,2293,2866.25,1.25,0.04,"Aurobindo Unit III, India",True,122.0,2461.63,3.55
5374,61658,116-ZA-T30,FPQ-15269,SCMS-267020,ASN-29764,South Africa,PMO - US,Direct Drop,DDP,Truck,2014-10-29,2014-12-10,2014-12-10,2014-12-10,2014-12-10,ARV,Adult,S. BUYS WHOLESALER,"Emtricitabine/Tenofovir Disoproxil Fumarate 200/300mg, tablets, 30 Tabs",Emtricitabine/Tenofovir Disoproxil Fumarate,Generic,200/300mg,Tablet - FDC,30,2,53.51,26.76,0.89,"Aurobindo Unit III, India",False,1.0,0.0,0.06
5375,61659,161-ZA-T30,FPQ-6708,SCMS-93550,ASN-10569,South Africa,PMO - US,Direct Drop,DDP,Ocean,2010-11-26,2010-12-14,2011-06-13,2011-06-13,2011-06-13,ARV,Adult,Aurobindo Pharma Limited,"Tenofovir Disoproxil Fumarate 300mg, tablets, 30 Tabs",Tenofovir Disoproxil Fumarate,Generic,300mg,Tablet,30,52158,346850.7,6.65,0.22,"Aurobindo Unit III, India",True,4868.0,6121.41,572.3
5376,61664,102-KE-T30,FPQ-9100,SCMS-133470,ASN-13945,Kenya,PMO - US,Direct Drop,EXW,Air,2012-01-09,2012-02-01,2012-03-22,2012-03-22,2012-03-22,HRDT,HIV test,"Orgenics, Ltd","HIV 1/2, Determine Complete HIV Kit, 100 Tests","HIV 1/2, Determine Complete HIV Kit",Determine,no_dosage,Test kit,100,7982,710398.0,89.0,0.89,"Alere Medical Co., Ltd.",True,2278.0,31382.03,995.98
5377,61675,110-ZM-T30,FPQ-12252,SCMS-189240,ASN-20479,Zambia,PMO - US,Direct Drop,EXW,Air,2013-05-02,2013-05-22,2013-08-05,2013-08-09,2013-08-09,HRDT,HIV test,"Orgenics, Ltd","HIV 1/2, Determine Complete HIV Kit, 100 Tests","HIV 1/2, Determine Complete HIV Kit",Determine,no_dosage,Test kit,100,2127,170160.0,80.0,0.8,"Alere Medical Co., Ltd.",True,881.0,14019.38,210.49
5378,61676,102-SD-T30,FPQ-8261,SCMS-120461,ASN-12338,Sudan,PMO - US,Direct Drop,EXW,Air,2011-08-29,2011-09-07,2012-01-11,2012-01-11,2012-01-11,HRDT,HIV test,"Trinity Biotech, Plc","HIV 1/2, Uni-Gold HIV Kit, 20 Tests","HIV 1/2, Uni-Gold HIV Kit",Uni-Gold,no_dosage,Test kit,20,65,2080.0,32.0,1.6,"Trinity Biotech, Plc",True,21.0,593.72,3.43
5379,61694,116-ZA-T30,FPQ-13973,SCMS-238551,ASN-26882,South Africa,PMO - US,Direct Drop,DDP,Truck,2014-04-30,2014-06-25,2014-06-25,2014-06-25,2014-06-25,ARV,Pediatric,PHARMACY DIRECT,"Lamivudine 10mg/ml, oral solution, Bottle, 240 ml",Lamivudine,Generic,10mg/ml,Oral solution,240,6,42.91,7.15,0.03,"Aurobindo Unit III, India",False,9.0,0.0,0.04
5380,61696,108-VN-T30,FPQ-5317,SCMS-69530,ASN-7487,Vietnam,PMO - US,Direct Drop,EXW,Air,2010-03-22,2010-03-29,2010-08-03,2010-08-03,2010-08-03,ARV,Adult,STRIDES ARCOLAB LIMITED,"Nevirapine 200mg, tablets, 60 Tabs",Nevirapine,Generic,200mg,Tablet,60,10935,28431.0,2.6,0.04,"Strides, Bangalore, India.",False,668.5,4400.805,61.3
5381,61697,116-ZA-T30,FPQ-14942,SCMS-259076,ASN-32524,South Africa,PMO - US,Direct Drop,DDP,Truck,2014-09-11,2015-06-02,2015-06-02,2015-06-02,2015-06-02,ARV,Adult,PHARMACY DIRECT,"Zidovudine 300mg, tablets, 60 Tabs",Zidovudine,Generic,300mg,Tablet,60,7,126.22,18.03,0.3,"Aurobindo Unit III, India",False,668.5,0.0,0.13
5382,61715,107-RW-T30,FPQ-8741,SCMS-129500,ASN-15287,Rwanda,PMO - US,Direct Drop,EXW,Air,2011-11-30,2012-03-14,2012-06-29,2012-06-29,2012-06-29,ARV,Pediatric,CIPLA LIMITED,"Abacavir 20mg/ml, oral solution, Bottle, 240 ml",Abacavir,Generic,20mg/ml,Oral solution,240,4192,35632.0,8.5,0.04,"Cipla, Goa, India",True,1514.0,6072.8,49.96
5383,61720,109-TZ-T30,FPQ-13675,SCMS-225860,ASN-24983,Tanzania,PMO - US,Direct Drop,EXW,Air,2014-02-03,2014-03-05,2014-05-24,2014-05-24,2014-05-26,HRDT,HIV test,"Orgenics, Ltd","HIV 1/2, Determine Complete HIV Kit, 100 Tests","HIV 1/2, Determine Complete HIV Kit",Determine,no_dosage,Test kit,100,350,28000.0,80.0,0.8,"Alere Medical Co., Ltd.",True,143.0,2508.46,28.78
5384,61737,108-VN-T30,FPQ-14516,SCMS-249050,ASN-29376,Vietnam,PMO - US,Direct Drop,EXW,Air,2014-07-09,2014-08-11,2014-12-17,2014-12-17,2014-12-17,ARV,Adult,HETERO LABS LIMITED,"Efavirenz/Lamivudine/Tenofovir Disoproxil Fumarate 600/300/300mg, tablets, 30 Tabs",Efavirenz/Lamivudine/Tenofovir Disoproxil Fumarate,Generic,600/300/300mg,Tablet - FDC,30,11904,124992.0,10.5,0.35,Hetero Unit III Hyderabad IN,False,668.5,4400.805,128.49
5385,61749,111-MZ-T30,FPQ-5443,SCMS-70770,ASN-7201,Mozambique,PMO - US,Direct Drop,EXW,Air,2010-04-05,2010-04-21,2010-08-04,2010-08-04,2010-08-04,HRDT,HIV test,"Orgenics, Ltd","HIV 1/2, Determine HIV Kit, without Lancets, 100 Tests","HIV 1/2, Determine HIV Kit, without Lancets",Determine,no_dosage,Test kit,100,4131,320978.7,77.7,0.78,Inverness Japan,True,937.0,11566.55,692.03
5386,61754,110-ZM-T30,FPQ-8194,SCMS-118550,ASN-12428,Zambia,PMO - US,Direct Drop,EXW,Air,2011-08-09,2011-08-18,2011-10-26,2011-10-26,2011-10-26,HRDT,HIV test,"Orgenics, Ltd","HIV 1/2, Determine Complete HIV Kit, 100 Tests","HIV 1/2, Determine Complete HIV Kit",Determine,no_dosage,Test kit,100,3200,256000.0,80.0,0.8,"Alere Medical Co., Ltd.",True,1526.0,27952.72,422.4
5387,61779,111-MZ-T30,FPQ-13774,SCMS-229670,ASN-25566,Mozambique,PMO - US,Direct Drop,EXW,Air,2014-02-21,2014-02-28,2014-05-02,2014-05-02,2014-05-02,HRDT,HIV test - Ancillary,"Orgenics, Ltd","Chase Buffer, Determine, 100 Tests, 2.5ml x 1 Vial","Chase Buffer, Determine, 100 Tests, 2.5ml x 1 Vial",Determine,no_dosage,Test kit - Ancillary,1,229,1145.0,5.0,5.0,"Alere Medical Co., Ltd.",False,91.5,0.0,1.18
5388,61783,109-TZ-T30,FPQ-12540,SCMS-198801,ASN-21504,Tanzania,PMO - US,Direct Drop,EXW,Ocean,2013-07-03,2013-08-27,2013-10-23,2013-10-23,2013-10-23,ARV,Adult,MYLAN LABORATORIES LTD (FORMERLY MATRIX LABORATORIES),"Efavirenz/Emtricitabine/Tenofovir Disoproxil Fumarate 600/200/300mg, tablets, 30 Tabs",Efavirenz/Emtricitabine/Tenofovir Disoproxil Fumarate,Generic,600/200/300mg,Tablet - FDC,30,65763,821379.87,12.49,0.42,Mylan (formerly Matrix) Nashik,True,8182.0,7814.59,1016.05
5389,61811,116-ZA-T30,FPQ-12522,SCMS-199289,ASN-28037,South Africa,PMO - US,Direct Drop,DDP,Truck,2013-07-11,2014-08-29,2014-08-29,2014-08-29,2014-08-29,ARV,Adult,S. BUYS WHOLESALER,"Emtricitabine/Tenofovir Disoproxil Fumarate 200/300mg, tablets, 30 Tabs",Emtricitabine/Tenofovir Disoproxil Fumarate,Generic,200/300mg,Tablet - FDC,30,228,7598.95,33.33,1.11,"Aurobindo Unit III, India",False,40.5,0.0,9.4
5390,61852,105-GY-T30,FPQ-16480,SCMS-293570,ASN-33568,Guyana,PMO - US,Direct Drop,EXW,Air,2015-06-24,2015-07-17,2015-08-28,2015-08-28,2015-08-28,HRDT,HIV test,"Orgenics, Ltd","HIV 1/2, Determine Complete HIV Kit, 100 Tests","HIV 1/2, Determine Complete HIV Kit",Determine,no_dosage,Test kit,100,305,30500.0,100.0,1.0,"Alere Medical Co., Ltd.",True,34.0,1924.4650000000001,35.9
5391,61864,104-CI-T30,FPQ-5208,SCMS-75371,ASN-7630,Côte d'Ivoire,PMO - US,Direct Drop,EXW,Air,2010-02-25,2010-06-07,2010-08-17,2010-08-17,2010-08-17,HRDT,HIV test,"Standard Diagnostics, Inc.","HIV 1/2, Bioline 3.0 Kit, (no accessories), 30 Tests","HIV 1/2, Bioline 3.0 Kit (no accessories)",Bioline,no_dosage,Test kit,30,900,21600.0,24.0,0.8,"Standard Diagnostics, Korea",True,300.0,3489.46,46.57
5392,61871,105-DO-T30,FPQ-7858,SCMS-117370,ASN-11929,Dominican Republic,PMO - US,Direct Drop,EXW,Air,2011-06-21,2011-08-03,2011-09-12,2011-09-12,2011-09-12,HRDT,HIV test,"Standard Diagnostics, Inc.","HIV 1/2, Bioline 3.0 Kit, 100 Tests","HIV 1/2, Bioline 3.0 Kit",Bioline,no_dosage,Test kit,100,41,3075.0,75.0,0.75,"Standard Diagnostics, Korea",True,28.0,483.68,5.07
5393,61882,161-ZA-T30,FPQ-5303,SCMS-68950,ASN-7130,South Africa,PMO - US,Direct Drop,DDP,Air,2010-03-18,2010-03-19,2010-06-11,2010-06-11,2010-06-11,ARV,Adult,Aurobindo Pharma Limited,"Lamivudine 150mg, tablets, 60 Tabs",Lamivudine,Generic,150mg,Tablet,60,2,5.06,2.53,0.04,"Aurobindo Unit III, India",True,1.0,4116.81,0.01
5394,61896,102-ML-T30,FPQ-11783,SCMS-182800,ASN-19649,Mali,PMO - US,Direct Drop,EXW,Air,2013-03-15,2013-04-11,2013-06-11,2013-06-11,2013-06-11,HRDT,HIV test - Ancillary,"Orgenics, Ltd","HIV, Lancet, Safety, for HIV Test kits, 100 Pcs","HIV, Lancet, Safety, for HIV Test kits, 100 Pcs",Generic,no_dosage,Test kit - Ancillary,100,21,105.0,5.0,0.05,"Alere Medical Co., Ltd.",False,394.0,1333.4,0.13
5395,61913,105-SS-T30,FPQ-12623,SCMS-200920,ASN-21751,South Sudan,PMO - US,Direct Drop,EXW,Air,2013-07-18,2013-08-06,2013-10-18,2013-10-18,2013-10-18,HRDT,HIV test,"Trinity Biotech, Plc","HIV 1/2, Uni-Gold HIV Kit, 20 Tests","HIV 1/2, Uni-Gold HIV Kit",Uni-Gold,no_dosage,Test kit,20,18,576.0,32.0,1.6,"Trinity Biotech, Plc",False,98.5,2575.925,0.71
5396,61959,114-UG-T30,FPQ-12477,SCMS-198690,ASN-21520,Uganda,PMO - US,Direct Drop,EXW,Air,2013-07-08,2013-07-30,2013-09-14,2013-09-14,2013-09-14,ARV,Adult,STRIDES ARCOLAB LIMITED,"Efavirenz 600mg, tablets, 30 Tabs",Efavirenz,Generic,600mg,Tablet,30,111348,355200.12,3.19,0.11,"Strides, Bangalore, India.",True,6953.0,30711.92,439.38
5397,61980,106-HT-T30,FPQ-9621,SCMS-147100,ASN-16682,Haiti,PMO - US,Direct Drop,CIP,Air,2012-04-20,2012-06-08,2012-10-29,2012-10-29,2012-10-29,ARV,Pediatric,MERCK SHARP & DOHME IDEA GMBH (FORMALLY MERCK SHARP & DOHME B.V.),"Efavirenz 30mg/ml [Stocrin/Sustiva], oral solution, Bottle, 180 ml",Efavirenz,Stocrin/Sustiva,30mg/ml,Oral solution,180,2295,38923.2,16.96,0.09,"MSD, Haarlem, NL",True,687.0,5293.76,54.57
5398,61993,111-MZ-T30,FPQ-14294,SCMS-247350,ASN-27821,Mozambique,PMO - US,Direct Drop,EXW,Air,2014-05-15,2014-07-30,2014-09-08,2014-09-08,2014-09-09,HRDT,HIV test,"Trinity Biotech, Plc","HIV 1/2, Uni-Gold HIV Kit, 20 Tests","HIV 1/2, Uni-Gold HIV Kit",Uni-Gold,no_dosage,Test kit,20,8261,264352.0,32.0,1.6,"Trinity Biotech, Plc",True,298.0,16397.94,271.75
5399,61998,117-ET-T30,FPQ-9098,SCMS-133560,ASN-16135,Ethiopia,PMO - US,Direct Drop,EXW,Air,2012-01-10,2012-01-23,2012-09-05,2012-09-05,2012-09-05,HRDT,HIV test,"CHEMBIO DIAGNOSTIC SYSTEMS, INC.","HIV 1/2, Stat-Pak HIV, Kit, 20 Tests","HIV 1/2, Stat-Pak HIV, Kit",Stat-Pak,no_dosage,Test kit,20,340,9860.0,29.0,1.45,Chembio Diagnostics Sys. Inc.,True,128.0,810.96,13.82
5400,62024,108-VN-T30,FPQ-15692,SCMS-274360,ASN-32780,Vietnam,PMO - US,Direct Drop,EXW,Air,2015-01-28,2015-02-17,2015-07-30,2015-07-30,2015-07-30,ARV,Adult,MYLAN LABORATORIES LTD (FORMERLY MATRIX LABORATORIES),"Lamivudine/Nevirapine/Zidovudine 150/200/300mg, tablets, 60 Tabs",Lamivudine/Nevirapine/Zidovudine,Generic,150/300/200mg,Tablet - FDC,60,17584,142430.4,8.1,0.13,Mylan (formerly Matrix) Nashik,True,2446.0,4559.25,167.64
5401,62032,101-CD-T30,FPQ-16001,SCMS-280220,ASN-32231,"Congo, DRC",PMO - US,Direct Drop,EXW,Air,2015-03-10,2015-03-17,2015-07-23,2015-07-23,2015-07-29,HRDT,HIV test,"Orgenics, Ltd","HIV 1/2, Determine Complete HIV Kit, 100 Tests","HIV 1/2, Determine Complete HIV Kit",Determine,no_dosage,Test kit,100,51,4080.0,80.0,0.8,"Alere Medical Co., Ltd.",False,394.0,2346.5699999999997,4.8
5402,62037,108-VN-T30,FPQ-15692,SCMS-274390,ASN-32265,Vietnam,PMO - US,Direct Drop,EXW,Air,2015-01-28,2015-02-17,2015-07-10,2015-07-10,2015-07-10,ARV,Adult,HETERO LABS LIMITED,"Abacavir 300mg, tablets, 60 Tabs",Abacavir,Generic,300mg,Tablet,60,1400,15330.0,10.95,0.18,Hetero Unit III Hyderabad IN,False,209.0,4400.805,18.04
5403,62046,104-CI-T30,FPQ-12806,SCMS-207150,ASN-23970,Côte d'Ivoire,PMO - US,Direct Drop,FCA,Air,2013-08-09,2013-09-17,2014-02-07,2014-02-07,2014-02-10,ARV,Pediatric,ABBVIE LOGISTICS (FORMERLY ABBOTT LOGISTICS BV),"Lopinavir/Ritonavir 80/20mg/ml [Kaletra], oral solution, cool, Bottle 5 x 60 ml",Lopinavir/Ritonavir,Kaletra,80/20mg/ml,Oral solution,300,540,16642.8,30.82,0.1,ABBVIE (Abbott) Logis. UK,True,519.0,5385.37,20.59
5404,62047,161-ZA-T30,FPQ-5303,SCMS-68981,ASN-8464,South Africa,PMO - US,Direct Drop,DDP,Air,2010-03-18,2010-03-19,2010-12-08,2010-12-08,2010-12-08,ARV,Adult,Aurobindo Pharma Limited,"Nevirapine 200mg, tablets, 60 Tabs",Nevirapine,Generic,200mg,Tablet,60,16383,47838.36,2.92,0.05,"Aurobindo Unit III, India",True,1935.0,5159.33,103.14
5405,62059,104-CI-T30,FPQ-6183,SCMS-83692,ASN-11129,Côte d'Ivoire,PMO - US,Direct Drop,CIP,Air,2010-08-10,2010-09-10,2011-07-01,2011-07-01,2011-07-01,ARV,Adult,MERCK SHARP & DOHME IDEA GMBH (FORMALLY MERCK SHARP & DOHME B.V.),"Indinavir 400mg [Crixivan], capsules, 180 Caps",Indinavir,Crixivan,400mg,Capsule,180,922,46100.0,50.0,0.28,"MSD, Haarlem, NL",False,668.5,4063.81,99.39
5406,62077,106-HT-T30,FPQ-15038,SCMS-262980,ASN-30463,Haiti,PMO - US,Direct Drop,EXW,Ocean,2014-10-22,2015-01-07,2015-04-09,2015-04-09,2015-04-13,ARV,Adult,HETERO LABS LIMITED,"Efavirenz/Lamivudine/Tenofovir Disoproxil Fumarate 600/300/300mg, tablets, 30 Tabs",Efavirenz/Lamivudine/Tenofovir Disoproxil Fumarate,Generic,600/300/300mg,Tablet - FDC,30,39015,399903.75,10.25,0.34,Hetero Unit III Hyderabad IN,False,668.5,7785.125,411.1
5407,62079,102-MW-T30,FPQ-9454,SCMS-141440,ASN-14813,Malawi,PMO - US,Direct Drop,EXW,Air,2012-03-12,2012-03-28,2012-05-21,2012-05-21,2012-05-21,HRDT,HIV test,"Trinity Biotech, Plc","HIV 1/2, Uni-Gold HIV Kit, 20 Tests","HIV 1/2, Uni-Gold HIV Kit",Uni-Gold,no_dosage,Test kit,20,66,2112.0,32.0,1.6,"Trinity Biotech, Plc",True,29.0,732.72,2.96
5408,62107,108-VN-T30,FPQ-9001,SCMS-131650,ASN-14875,Vietnam,PMO - US,Direct Drop,EXW,Air,2011-12-15,2012-01-18,2012-06-05,2012-06-05,2012-06-05,ARV,Pediatric,Aurobindo Pharma Limited,"Lamivudine 10mg/ml, oral solution w/syringe, Bottle, 240 ml",Lamivudine,Generic,10mg/ml,Oral solution,240,300,555.0,1.85,0.01,"Aurobindo Unit III, India",False,42.0,4400.805,0.78
5409,62113,104-CI-T30,FPQ-6183,SCMS-83690,ASN-11128,Côte d'Ivoire,PMO - US,Direct Drop,CIP,Air,2010-08-10,2010-09-10,2011-07-01,2011-07-01,2011-07-01,ARV,Pediatric,MERCK SHARP & DOHME IDEA GMBH (FORMALLY MERCK SHARP & DOHME B.V.),"Efavirenz 30mg/ml [Stocrin/Sustiva], oral solution, Bottle, 180 ml",Efavirenz,Stocrin/Sustiva,30mg/ml,Oral solution,180,5196,88124.16,16.96,0.09,"MSD, Haarlem, NL",True,1489.0,2093.31,190.0
5410,62116,110-ZM-T30,FPQ-14151,SCMS-240080,ASN-26466,Zambia,PMO - US,Direct Drop,EXW,Air,2014-04-30,2014-05-21,2014-07-20,2014-07-21,2014-08-06,ARV,Adult,Aurobindo Pharma Limited,"Nevirapine 200mg, tablets, 60 Tabs",Nevirapine,Generic,200mg,Tablet,60,39201,88202.25,2.25,0.04,"Aurobindo Unit III, India",True,3986.0,20555.45,90.67
5411,62152,104-CI-T30,FPQ-4509,SCMS-56641,ASN-7108,Côte d'Ivoire,PMO - US,Direct Drop,CIP,Air,2009-10-29,2009-11-09,2010-06-11,2010-06-11,2010-06-11,ARV,Pediatric,BRISTOL-MYERS SQUIBB,"Didanosine 50mg [Videx], chewable tablets, 60 Tabs",Didanosine,Videx,50mg,Chewable/dispersible tablet,60,1887,17926.5,9.5,0.16,"BMS Meymac, France",True,312.0,781.5,38.65
5412,62158,116-ZA-T30,FPQ-14942,SCMS-259075,ASN-32122,South Africa,PMO - US,Direct Drop,DDP,Truck,2014-09-11,2015-05-11,2015-05-12,2015-05-12,2015-05-12,ARV,Adult,PHARMACY DIRECT,"Efavirenz 600mg, tablets, 30 Tabs",Efavirenz,Generic,600mg,Tablet,30,34,383.14,11.27,0.38,"Aurobindo Unit III, India",False,14.0,0.0,0.39
5413,62159,106-HT-T30,FPQ-11443,SCMS-180940,ASN-19819,Haiti,PMO - US,Direct Drop,EXW,Ocean,2013-02-07,2013-03-22,2013-09-02,2013-09-02,2013-09-02,ARV,Pediatric,Aurobindo Pharma Limited,"Nevirapine 10mg/ml, oral suspension w/syringe, Bottle, 240 ml",Nevirapine,Generic,10mg/ml,Oral suspension,240,2040,3080.4,1.51,0.01,"Aurobindo Unit III, India",False,564.5,7785.125,3.81
5414,62164,116-ZA-T30,FPQ-4359,SCMS-54980,ASN-5372,South Africa,PMO - US,Direct Drop,DDP,Truck,2009-10-08,2009-10-15,2009-10-21,2009-10-21,2009-10-21,ARV,Adult,S. BUYS WHOLESALER,"Zidovudine 300mg [Retrovir], tablets, 60 Tabs",Zidovudine,Retrovir,300mg,Tablet,60,300,4826.37,16.09,0.27,GSK Ware (UK),False,42.0,0.0,9.46
5415,62168,116-ZA-T30,FPQ-14942,SCMS-259075,ASN-32138,South Africa,PMO - US,Direct Drop,DDP,Truck,2014-09-11,2015-05-11,2015-05-12,2015-05-12,2015-05-12,ARV,Adult,PHARMACY DIRECT,"Tenofovir Disoproxil Fumarate 300mg, tablets, 30 Tabs",Tenofovir Disoproxil Fumarate,Generic,300mg,Tablet,30,3,41.45,13.82,0.46,Mylan (formerly Matrix) Nashik,False,1.0,0.0,0.04
5416,62169,A01-ZM-T50,FPQ-16227,SCMS-291880,ASN-33317,Zambia,PMO - US,Direct Drop,EXW,Air,2015-04-23,2015-06-16,2015-07-31,2015-07-31,2015-08-02,HRDT,HIV test,"Trinity Biotech, Plc","HIV 1/2, Uni-Gold HIV Kit, 20 Tests","HIV 1/2, Uni-Gold HIV Kit",Uni-Gold,no_dosage,Test kit,20,585,18720.0,32.0,1.6,"Trinity Biotech, Plc",True,394.0,14019.38,22.03
5417,62173,109-TZ-T30,FPQ-7909,SCMS-115010,ASN-12096,Tanzania,PMO - US,Direct Drop,EXW,Air,2011-06-24,2011-07-14,2011-10-05,2011-10-05,2011-10-05,HRDT,HIV test,"Orgenics, Ltd","HIV 1/2, Determine Complete HIV Kit, 100 Tests","HIV 1/2, Determine Complete HIV Kit",Determine,no_dosage,Test kit,100,1500,120000.0,80.0,0.8,"Alere Medical Co., Ltd.",True,7500.0,19196.73,198.0
5418,62194,108-VN-T30,FPQ-15040,SCMS-263670,ASN-30942,Vietnam,PMO - US,Direct Drop,EXW,Air,2014-10-30,2014-12-08,2015-04-14,2015-04-14,2015-04-14,ARV,Adult,HETERO LABS LIMITED,"Efavirenz 600mg, tablets, 30 Tabs",Efavirenz,Generic,600mg,Tablet,30,12200,42700.0,3.5,0.12,Hetero Unit III Hyderabad IN,False,668.5,4400.805,43.9
5419,62227,116-ZA-T30,FPQ-11828,SCMS-183950,ASN-19166,South Africa,South Africa Field Office,Direct Drop,DDP,Truck,2013-03-18,2012-10-16,2013-04-16,2013-04-16,2013-04-16,ARV,Pediatric,S. BUYS WHOLESALER,"Efavirenz 200mg, capsule, 90 Caps",Efavirenz,Generic,200mg,Capsule,90,51,1217.19,23.87,0.27,"Aurobindo Unit III, India",False,52.5,0.0,1.51
5420,62228,133-NG-T30,FPQ-13741,SCMS-239690,ASN-26760,Nigeria,PMO - US,Direct Drop,EXW,Air,2014-02-13,2014-05-19,2014-07-09,2014-07-10,2014-07-17,HRDT,HIV test,"Orgenics, Ltd","HIV 1/2, Determine Complete HIV Kit, 100 Tests","HIV 1/2, Determine Complete HIV Kit",Determine,no_dosage,Test kit,100,10364,922396.0,89.0,0.89,"Alere Medical Co., Ltd.",True,4212.0,62466.03,948.22
5421,62235,104-CI-T30,FPQ-14253,SCMS-243800,ASN-30019,Côte d'Ivoire,PMO - US,Direct Drop,EXW,Air,2014-05-14,2014-07-09,2015-02-18,2015-02-18,2015-02-20,HRDT,HIV test,"Orgenics, Ltd","HIV 1/2, Determine Complete HIV Kit, 100 Tests","HIV 1/2, Determine Complete HIV Kit",Determine,no_dosage,Test kit,100,6500,520000.0,80.0,0.8,"Alere Medical Co., Ltd.",True,2634.0,30778.29,534.56
5422,62253,200-UG-T30,FPQ-14628,SCMS-253230,ASN-28350,Uganda,PMO - US,Direct Drop,EXW,Air,2014-07-23,2014-09-04,2014-10-14,2014-10-14,2014-10-15,HRDT,HIV test,"Trinity Biotech, Plc","HIV 1/2, Uni-Gold HIV Kit, 20 Tests","HIV 1/2, Uni-Gold HIV Kit",Uni-Gold,no_dosage,Test kit,20,1903,60896.0,32.0,1.6,"Trinity Biotech, Plc",True,566.0,3603.93,62.6
5423,62256,116-ZA-T30,FPQ-14942,SCMS-259079,ASN-33851,South Africa,PMO - US,Direct Drop,DDP,Truck,2014-09-11,2014-10-09,2015-08-24,2015-08-24,2015-08-24,ARV,Adult,PHARMACY DIRECT,"Didanosine 400mg, delayed-release capsules, 30 Caps",Didanosine,Generic,400mg,Delayed-release capsules,30,9,137.45,15.27,0.51,"Aurobindo Unit III, India",False,1.0,0.0,0.14
5424,62295,106-HT-T30,FPQ-13797,SCMS-233930,ASN-26134,Haiti,PMO - US,Direct Drop,EXW,Air,2014-03-20,2014-04-29,2014-06-25,2014-06-25,2014-07-01,ARV,Pediatric,Aurobindo Pharma Limited,"Efavirenz 50mg, capsule, 30 Caps",Efavirenz,Generic,50mg,Capsule,30,400,624.0,1.56,0.05,"Aurobindo Unit III, India",True,41.0,1317.01,0.64
5425,62319,114-UG-T30,FPQ-5017,SCMS-65110,ASN-6369,Uganda,PMO - US,Direct Drop,FCA,Air,2010-02-09,2010-02-10,2010-03-24,2010-03-24,2010-03-24,ARV,Adult,ABBVIE LOGISTICS (FORMERLY ABBOTT LOGISTICS BV),"Lopinavir/Ritonavir 200/50mg [Aluvia], tablets, 120 Tabs",Lopinavir/Ritonavir,Aluvia,200/50mg,Tablet,120,480,17356.8,36.16,0.3,ABBVIE Ludwigshafen Germany,True,127.0,1400.91,37.42
5426,62322,102-AO-T30,FPQ-6434,SCMS-91630,ASN-9551,Angola,PMO - US,Direct Drop,EXW,Air,2010-10-28,2010-11-10,2011-05-12,2011-05-12,2011-05-12,HRDT,HIV test,"Orgenics, Ltd","HIV 1/2, Determine Complete HIV Kit, 100 Tests","HIV 1/2, Determine Complete HIV Kit",Determine,no_dosage,Test kit,100,1800,144000.0,80.0,0.8,Inverness Japan,True,865.0,13790.1,310.46
5427,62370,116-ZA-T30,FPQ-12522,SCMS-199289,ASN-28036,South Africa,PMO - US,Direct Drop,DDP,Truck,2013-07-11,2014-08-29,2014-08-29,2014-08-29,2014-08-29,ARV,Adult,S. BUYS WHOLESALER,"Didanosine 250mg, delayed-release capsules, 30 Caps",Didanosine,Generic,250mg,Delayed-release capsules,30,11,185.01,16.82,0.56,"Aurobindo Unit III, India",False,17.0,0.0,0.23
5428,62390,116-ZA-T30,FPQ-11828,SCMS-183950,ASN-19166,South Africa,South Africa Field Office,Direct Drop,DDP,Truck,2013-03-18,2012-10-16,2013-04-16,2013-04-16,2013-04-16,ARV,Adult,S. BUYS WHOLESALER,"Lamivudine 150mg [Epivir], tablets, 60 Tabs",Lamivudine,Epivir,150mg,Tablet,60,869,5923.93,6.82,0.11,GSK Ware (UK),False,668.5,0.0,7.33
5429,62400,107-RW-T30,FPQ-3859,SCMS-48860,ASN-7668,Rwanda,PMO - US,Direct Drop,CIP,Air,2009-06-30,2009-07-16,2010-08-04,2010-08-04,2010-08-04,ARV,Adult,Aurobindo Pharma Limited,"Didanosine 400mg, delayed-release capsules, 30 Caps",Didanosine,Generic,400mg,Delayed-release capsules,30,559,12532.78,22.42,0.75,"Aurobindo Unit III, India",True,46.0,1127.95,24.56
5430,62403,101-CD-T30,FPQ-11043,SCMS-168020,ASN-18768,"Congo, DRC",PMO - US,Direct Drop,EXW,Air,2012-11-16,2012-12-06,2013-07-17,2013-07-17,2013-07-17,HRDT,HIV test - Ancillary,"Orgenics, Ltd","Chase Buffer, Determine, 100 Tests, 2.5ml x 1 Vial","Chase Buffer, Determine, 100 Tests, 2.5ml x 1 Vial",Determine,no_dosage,Test kit - Ancillary,1,3511,17555.0,5.0,5.0,"Alere Medical Co., Ltd.",True,981.0,22892.07,21.72
5431,62413,108-VN-T30,FPQ-10811,SCMS-164580,ASN-18661,Vietnam,PMO - US,Direct Drop,EXW,Air,2012-10-15,2012-11-07,2013-04-01,2013-04-01,2013-04-01,ARV,Adult,HETERO LABS LIMITED,"Efavirenz 600mg, tablets, 30 Tabs",Efavirenz,Generic,600mg,Tablet,30,7245,23546.25,3.25,0.11,"Hetero, Jadcherla, unit 5, IN",True,622.0,1226.11,29.13
5432,62421,116-ZA-T30,FPQ-15269,SCMS-267020,ASN-29764,South Africa,PMO - US,Direct Drop,DDP,Truck,2014-10-29,2014-12-10,2014-12-10,2014-12-10,2014-12-10,ARV,Adult,S. BUYS WHOLESALER,"Efavirenz 600mg, tablets, 30 Tabs",Efavirenz,Generic,600mg,Tablet,30,912,12596.09,13.81,0.46,"Aurobindo Unit III, India",False,102.0,0.0,14.83
5433,62433,111-MZ-T30,FPQ-3999,SCMS-50170,ASN-4672,Mozambique,PMO - US,Direct Drop,EXW,Air,2009-07-15,2009-07-25,2009-09-08,2009-09-08,2009-09-08,HRDT,HIV test,"Trinity Biotech, Plc","HIV 1/2, Uni-Gold HIV Kit, 20 Tests","HIV 1/2, Uni-Gold HIV Kit",Uni-Gold,no_dosage,Test kit,20,4200,134400.0,32.0,1.6,"Trinity Biotech, Plc",True,1650.0,23167.84,263.42
5434,62476,103-CM-T30,FPQ-12711,SCMS-203100,ASN-22038,Cameroon,PMO - US,Direct Drop,EXW,Air,2013-08-09,2013-09-04,2013-10-16,2013-10-16,2013-10-17,HRDT,HIV test,Orasure Technologies Inc.,"HIV 1/2, OraQuick Advance HIV Rapid Antibody Kit, 100 Tests","HIV 1/2, OraQuick Advance HIV Rapid Antibody Kit",OraQuick,no_dosage,Test kit,100,30,10500.0,350.0,3.5,"Orasure Technologies, Inc",True,75.0,1406.75,12.99
5435,62516,108-VN-T30,FPQ-9001,SCMS-131580,ASN-15388,Vietnam,PMO - US,Direct Drop,FCA,Air,2011-12-15,2012-01-25,2012-07-26,2012-07-26,2012-07-26,ARV,Adult,ABBVIE LOGISTICS (FORMERLY ABBOTT LOGISTICS BV),"Lopinavir/Ritonavir 200/50mg [Aluvia], tablets, 120 Tabs",Lopinavir/Ritonavir,Aluvia,200/50mg,Tablet,120,7078,430483.96,60.82,0.51,ABBVIE Ludwigshafen Germany,True,1724.0,5248.47,603.54
5436,62521,104-CI-T30,FPQ-3967,SCMS-52660,ASN-5864,Côte d'Ivoire,PMO - US,Direct Drop,EXW,Air,2009-08-21,2009-09-14,2010-02-05,2010-02-05,2010-02-05,ARV,Adult,MYLAN LABORATORIES LTD (FORMERLY MATRIX LABORATORIES),"Abacavir/Lamivudine/Zidovudine 300/150/300mg, tablets, 60 Tabs",Abacavir/Lamivudine/Zidovudine,Generic,300/150/300mg,Tablet - FDC,60,2688,86016.0,32.0,0.53,Mylan (formerly Matrix) Nashik,True,421.0,4022.89,168.59
5437,62549,116-ZA-T30,FPQ-14942,SCMS-259076,ASN-32524,South Africa,PMO - US,Direct Drop,DDP,Truck,2014-09-11,2015-06-02,2015-06-02,2015-06-02,2015-06-02,ARV,Adult,PHARMACY DIRECT,"Lamivudine 150mg, tablets, 60 Tabs",Lamivudine,Generic,150mg,Tablet,60,52,343.51,6.61,0.11,"Aurobindo Unit III, India",False,38.0,0.0,0.35
5438,62555,104-CI-T30,FPQ-8804,SCMS-133730,ASN-14016,Côte d'Ivoire,PMO - US,Direct Drop,EXW,Ocean,2011-11-28,2012-01-13,2012-07-05,2012-07-05,2012-07-05,ARV,Adult,Aurobindo Pharma Limited,"Lopinavir/Ritonavir 200/50mg, tablets, 120 Tabs",Lopinavir/Ritonavir,Generic,200/50mg,Tablet,120,22600,678000.0,30.0,0.25,"Aurobindo Unit III, India",True,5734.0,24624.0,950.56
5439,62577,102-KE-T30,FPQ-4250,SCMS-55900,ASN-5595,Kenya,PMO - US,Direct Drop,EXW,Air,2009-09-16,2009-10-23,2010-01-07,2010-01-07,2010-01-07,HRDT,HIV test,"Standard Diagnostics, Inc.","HIV 1/2, Bioline 3.0 Kit, Lancets, Capillary pipets, Alcohol swabs included, 25 Tests","HIV 1/2, Bioline 3.0 Kit, Lancets, Capillary pipets, Alcohol swabs included",Bioline,no_dosage,Test kit,25,9475,189500.0,20.0,0.8,"Standard Diagnostics, Korea",True,3158.0,24172.01,371.42
5440,62586,114-UG-T30,FPQ-10489,SCMS-159280,ASN-16778,Uganda,PMO - US,Direct Drop,DAP,Air,2012-08-24,2012-09-06,2012-10-25,2012-10-25,2012-10-25,ARV,Adult,ASPEN PHARMACARE,"Etravirine 100mg [Intelence], tablets, 120 Tabs",Etravirine,Intelence,100mg,Tablet,120,111,3996.0,36.0,0.3,"Janssen-Cilag, Latina, IT",True,24.0,330.0,5.6
5441,62594,116-ZA-T30,FPQ-3560,SCMS-49631,ASN-5443,South Africa,PMO - US,Direct Drop,DDP,Truck,2009-05-07,2009-07-21,2009-09-14,2009-09-14,2009-09-14,ARV,Adult,S. BUYS WHOLESALER,"Efavirenz 600mg, tablets, 30 Tabs",Efavirenz,Generic,600mg,Tablet,30,1,19.05,19.05,0.64,"Cipla, Goa, India",True,63.0,0.0,0.04
5442,62603,116-ZA-T30,FPQ-14942,SCMS-259075,ASN-32121,South Africa,PMO - US,Direct Drop,DDP,Truck,2014-09-11,2015-05-11,2015-05-12,2015-05-12,2015-05-12,ARV,Adult,PHARMACY DIRECT,"Darunavir 600mg [Prezista], tablets, 60 Tabs",Darunavir,Prezista,600mg,Tablet,60,1,47.13,47.13,0.79,"Janssen-Cilag, Latina, IT",False,63.0,0.0,0.05
5443,62634,108-VN-T30,FPQ-15692,SCMS-274370,ASN-32260,Vietnam,PMO - US,Direct Drop,EXW,Air,2015-01-28,2015-02-17,2015-07-13,2015-07-13,2015-07-14,ARV,Adult,HETERO LABS LIMITED,"Efavirenz/Lamivudine/Tenofovir Disoproxil Fumarate 600/300/300mg, tablets, 30 Tabs",Efavirenz/Lamivudine/Tenofovir Disoproxil Fumarate,Generic,600/300/300mg,Tablet - FDC,30,17760,177600.0,10.0,0.33,Hetero Unit III Hyderabad IN,True,2516.0,3809.94,209.04
5444,62657,101-CD-T30,FPQ-11043,SCMS-168020,ASN-18768,"Congo, DRC",PMO - US,Direct Drop,EXW,Air,2012-11-16,2012-12-06,2013-07-17,2013-07-17,2013-07-17,HRDT,HIV test,"Orgenics, Ltd","HIV 1/2, Determine Complete HIV Kit, 100 Tests","HIV 1/2, Determine Complete HIV Kit",Determine,no_dosage,Test kit,100,2229,178320.0,80.0,0.8,"Alere Medical Co., Ltd.",False,394.0,2346.5699999999997,220.58
5445,62662,105-SS-T30,FPQ-15569,SCMS-272160,ASN-31323,South Sudan,PMO - US,Direct Drop,EXW,Air,2014-12-29,2015-02-20,2015-06-03,2015-06-03,2015-06-05,HRDT,HIV test - Ancillary,"Orgenics, Ltd","Capillary Tubes, for Determine, EDTA, 50uL,100 Pcs","HIV, Capillary Tubes, for Determine, EDTA, 50uL,100 Pcs",Determine,no_dosage,Test kit - Ancillary,100,20,160.0,8.0,0.08,"Alere Medical Co., Ltd.",False,30.0,2575.925,0.19
5446,62709,108-VN-T30,FPQ-10811,SCMS-164520,ASN-18691,Vietnam,PMO - US,Direct Drop,FCA,Air,2012-10-15,2012-11-07,2013-04-03,2013-04-03,2013-04-03,ARV,Adult,ABBVIE LOGISTICS (FORMERLY ABBOTT LOGISTICS BV),"Lopinavir/Ritonavir 200/50mg [Aluvia], tablets, 120 Tabs",Lopinavir/Ritonavir,Aluvia,200/50mg,Tablet,120,1836,111665.52,60.82,0.51,ABBVIE Ludwigshafen Germany,True,439.0,958.85,138.13
5447,62712,114-UG-T30,FPQ-15303,SCMS-264920,ASN-30994,Uganda,PMO - US,Direct Drop,FCA,Air,2014-11-11,2014-11-25,2015-03-20,2015-03-20,2015-03-20,ARV,Pediatric,ABBVIE LOGISTICS (FORMERLY ABBOTT LOGISTICS BV),"Lopinavir/Ritonavir 80/20mg/ml [Kaletra], oral solution, cool, Bottle 5 x 60 ml",Lopinavir/Ritonavir,Kaletra,80/20mg/ml,Oral solution,300,150,4623.0,30.82,0.1,ABBVIE (Abbott) Logis. UK,True,170.0,2265.89,5.44
5448,62730,161-ZA-T30,FPQ-7175,SCMS-103690,ASN-12560,South Africa,PMO - US,Direct Drop,DDP,Ocean,2011-03-10,2011-03-23,2011-11-02,2011-11-02,2011-11-02,ARV,Adult,EMCURE PHARMACEUTICALS LTD,"Efavirenz 600mg, tablets, 30 Tabs",Efavirenz,Generic,600mg,Tablet,30,136980,589014.0,4.3,0.14,"Emcure Plot No.P-2, I.T-B.T. Park, Phase II, MIDC, Hinjwadi, Pune, India",True,10832.0,10283.25,971.87
5449,62761,104-CI-T30,FPQ-12150,SCMS-191950,ASN-23207,Côte d'Ivoire,PMO - US,Direct Drop,FCA,Air,2013-04-29,2013-06-12,2013-12-23,2013-12-23,2014-01-08,ARV,Adult,ABBVIE LOGISTICS (FORMERLY ABBOTT LOGISTICS BV),"Ritonavir 100mg [Norvir], film coated tablets, 60 Tabs",Ritonavir,Norvir,100mg,Tablet,60,350,2397.5,6.85,0.11,ABBVIE Ludwigshafen Germany,True,56.0,1726.5,2.97
5450,62795,116-ZA-T30,FPQ-11828,SCMS-183950,ASN-19166,South Africa,South Africa Field Office,Direct Drop,DDP,Truck,2013-03-18,2012-10-16,2013-04-16,2013-04-16,2013-04-16,ARV,Pediatric,S. BUYS WHOLESALER,"Efavirenz 200mg, capsule, 90 Caps",Efavirenz,Generic,200mg,Capsule,90,257,7465.87,29.05,0.32,"Aurobindo Unit III, India",False,668.5,0.0,9.24
5451,62801,161-ZA-T30,FPQ-6708,SCMS-93560,ASN-11437,South Africa,PMO - US,Direct Drop,DDP,Ocean,2010-11-26,2010-12-14,2011-09-15,2011-09-15,2011-09-15,ARV,Adult,Aurobindo Pharma Limited,"Tenofovir Disoproxil Fumarate 300mg, tablets, 30 Tabs",Tenofovir Disoproxil Fumarate,Generic,300mg,Tablet,30,86843,577505.95,6.65,0.22,"Aurobindo Unit III, India",True,8106.0,10748.78,952.88
5452,62808,116-ZA-T30,FPQ-13973,SCMS-238551,ASN-26882,South Africa,PMO - US,Direct Drop,DDP,Truck,2014-04-30,2014-06-25,2014-06-25,2014-06-25,2014-06-25,ARV,Adult,PHARMACY DIRECT,"Lamivudine 150mg, tablets, 60 Tabs",Lamivudine,Generic,150mg,Tablet,60,138,1261.73,9.14,0.15,"Aurobindo Unit III, India",False,668.5,0.0,1.3
5453,62814,110-ZM-T30,FPQ-13084,SCMS-211060,ASN-22938,Zambia,PMO - US,Direct Drop,EXW,Air,2013-10-11,2013-10-21,2014-01-13,2014-01-13,2014-01-30,ARV,Adult,Aurobindo Pharma Limited,"Lamivudine 150mg, tablets, 60 Tabs",Lamivudine,Generic,150mg,Tablet,60,20000,43000.0,2.15,0.04,"Aurobindo Unit III, India",True,980.0,6020.81,44.2
5454,62830,A01-CM-T50,FPQ-15905,SCMS-285090,ASN-32540,Cameroon,PMO - US,Direct Drop,EXW,Air,2015-02-19,2015-04-17,2015-06-16,2015-06-16,2015-06-18,ARV,Adult,HETERO LABS LIMITED,"Lamivudine 300mg, tablets, 30 Tabs",Lamivudine,Generic,300mg,Tablet,30,1080,2160.0,2.0,0.07,Hetero Unit III Hyderabad IN,True,282.0,27460.25,2.54
5455,62853,116-ZA-T30,FPQ-13035,SCMS-215370,ASN-24415,South Africa,PMO - US,Direct Drop,DDP,Truck,2013-10-08,2013-12-02,2014-02-06,2014-02-06,2014-02-06,ARV,Adult,S. BUYS WHOLESALER,"Didanosine 250mg, delayed-release capsules, 30 Caps",Didanosine,Generic,250mg,Delayed-release capsules,30,17,242.61,14.27,0.48,"Aurobindo Unit III, India",False,50.0,0.0,0.3
5456,62879,100-DO-T30,FPQ-6083,SCMS-80890,ASN-7834,Dominican Republic,PMO - US,Direct Drop,EXW,Air,2010-07-16,2010-07-30,2010-09-14,2010-09-14,2010-09-14,ARV,Adult,MYLAN LABORATORIES LTD (FORMERLY MATRIX LABORATORIES),"Tenofovir Disoproxil Fumarate 300mg, tablets, 30 Tabs",Tenofovir Disoproxil Fumarate,Generic,300mg,Tablet,30,2000,14000.0,7.0,0.23,Mylan (formerly Matrix) Nashik,True,111.0,1254.61,30.18
5457,62935,107-RW-T30,FPQ-15654,SCMS-272570,ASN-31045,Rwanda,PMO - US,Direct Drop,FCA,Air,2014-12-23,2015-01-19,2015-04-02,2015-04-02,2015-04-02,ARV,Pediatric,ABBVIE LOGISTICS (FORMERLY ABBOTT LOGISTICS BV),"Lopinavir/Ritonavir 80/20mg/ml [Kaletra], oral solution, cool, Bottle 5 x 60 ml",Lopinavir/Ritonavir,Kaletra,80/20mg/ml,Oral solution,300,252,7766.64,30.82,0.1,ABBVIE (Abbott) Logis. UK,True,316.0,2905.84,9.14
5458,62942,111-MZ-T30,FPQ-4108,SCMS-52440,ASN-5310,Mozambique,PMO - US,Direct Drop,FCA,Air,2009-08-20,2009-09-03,2009-11-11,2009-11-11,2009-11-11,ARV,Adult,Hoffmann-La Roche ltd Basel,"Saquinavir 200mg [Invirase], capsules, 270 Caps",Saquinavir,Invirase,200mg,Capsule,270,392,37017.53,94.43,0.35,Roche Basel,True,202.0,2191.21,72.55
5459,62948,108-VN-T30,FPQ-15692,SCMS-274350,ASN-32777,Vietnam,PMO - US,Direct Drop,EXW,Air,2015-01-28,2015-02-17,2015-07-27,2015-07-27,2015-07-27,ARV,Adult,MYLAN LABORATORIES LTD (FORMERLY MATRIX LABORATORIES),"Lamivudine/Nevirapine/Zidovudine 150/200/300mg, tablets, 60 Tabs",Lamivudine/Nevirapine/Zidovudine,Generic,150/300/200mg,Tablet - FDC,60,14663,118770.3,8.1,0.13,Mylan (formerly Matrix) Nashik,True,668.5,4400.805,139.79
5460,62968,108-VN-T30,FPQ-3896,SCMS-48260,ASN-5132,Vietnam,PMO - US,Direct Drop,EXW,Air,2009-06-25,2009-06-26,2009-10-23,2009-10-23,2009-10-23,ARV,Adult,Aurobindo Pharma Limited,"Lamivudine 150mg, tablets, 60 Tabs",Lamivudine,Generic,150mg,Tablet,60,2520,6048.0,2.4,0.04,"Aurobindo Unit III, India",False,231.5,4400.805,11.85
5461,62980,106-HT-T30,FPQ-9635,SCMS-148700,ASN-15789,Haiti,PMO - US,Direct Drop,EXW,Ocean,2012-05-14,2012-06-28,2012-10-22,2012-10-22,2012-10-22,ARV,Adult,HETERO LABS LIMITED,"Lamivudine/Tenofovir Disoproxil Fumarate 300/300mg, tablets, 30 Tabs",Lamivudine/Tenofovir Disoproxil Fumarate,Generic,300/300mg,Tablet - FDC,30,19776,100857.6,5.1,0.17,Hetero Unit III Hyderabad IN,True,2122.0,9272.18,141.4
5462,62987,102-MW-T30,FPQ-11638,SCMS-179351,ASN-21682,Malawi,PMO - US,Direct Drop,EXW,Air,2013-02-22,2013-03-14,2013-10-02,2013-10-02,2013-10-02,HRDT,HIV test,"Orgenics, Ltd","HIV 1/2, Determine Complete HIV Kit, 100 Tests","HIV 1/2, Determine Complete HIV Kit",Determine,no_dosage,Test kit,100,154,12320.0,80.0,0.8,"Alere Medical Co., Ltd.",True,60.0,1619.3,15.24
5463,62988,116-ZA-T30,FPQ-13973,SCMS-238550,ASN-30792,South Africa,PMO - US,Direct Drop,DDP,Truck,2014-04-30,2014-05-08,2015-02-19,2015-02-19,2015-02-19,ARV,Adult,PHARMACY DIRECT,"Etravirine 100mg [Intelence], tablets, 120 Tabs",Etravirine,Intelence,100mg,Tablet,120,3,106.26,35.42,0.3,"Janssen-Cilag, Latina, IT",False,1.0,0.0,0.11
5464,62990,108-VN-T30,FPQ-10811,SCMS-166120,ASN-17672,Vietnam,PMO - US,Direct Drop,EXW,Air,2012-10-15,2012-11-09,2013-01-29,2013-01-29,2013-01-29,ARV,Pediatric,Aurobindo Pharma Limited,"Zidovudine 10mg/ml, oral solution w/syringe, Bottle, 240 ml",Zidovudine,Generic,10mg/ml,Oral solution,240,691,1451.1,2.1,0.01,"Aurobindo Unit III, India",False,191.0,4400.805,1.8
5465,63044,108-VN-T30,FPQ-4265,SCMS-56310,ASN-6252,Vietnam,PMO - US,Direct Drop,EXW,Air,2009-10-20,2009-11-03,2010-03-22,2010-03-22,2010-03-22,ARV,Adult,MYLAN LABORATORIES LTD (FORMERLY MATRIX LABORATORIES),"Tenofovir Disoproxil Fumarate 300mg, tablets, 30 Tabs",Tenofovir Disoproxil Fumarate,Generic,300mg,Tablet,30,4872,36540.0,7.5,0.25,Mylan (formerly Matrix) Nashik,False,668.5,4400.805,71.62
5466,63047,116-ZA-T30,FPQ-13973,SCMS-238553,ASN-28021,South Africa,PMO - US,Direct Drop,DDP,Truck,2014-04-30,2014-08-28,2014-08-28,2014-08-28,2014-08-28,ARV,Adult,PHARMACY DIRECT,"Zidovudine 300mg, tablets, 60 Tabs",Zidovudine,Generic,300mg,Tablet,60,11,274.5,24.95,0.42,"Aurobindo Unit III, India",False,17.0,0.0,0.28
5467,63064,133-NG-T30,FPQ-12456,SCMS-196561,ASN-22347,Nigeria,PMO - US,Direct Drop,EXW,Air,2013-06-10,2013-07-10,2013-11-07,2013-11-07,2013-11-17,HRDT,HIV test,"Orgenics, Ltd","HIV 1/2, Determine Complete HIV Kit, 100 Tests","HIV 1/2, Determine Complete HIV Kit",Determine,no_dosage,Test kit,100,3023,269047.0,89.0,0.89,"Alere Medical Co., Ltd.",True,1221.0,19891.2,332.81
5468,63073,103-ZW-T30,FPQ-12094,SCMS-186840,ASN-24393,Zimbabwe,PMO - US,Direct Drop,FCA,Air,2013-04-19,2013-04-25,2014-03-13,2014-03-13,2014-03-13,ARV,Pediatric,LAWRENCE LABORATORIES (SUBSIDIARY OF BRISTOL MYERS SQUIBB),"Didanosine 25mg [Videx], chewable tablets, 60 Tabs",Didanosine,Videx,25mg,Chewable/dispersible tablet,60,1014,7098.0,7.0,0.12,Bristol-Myers Squibb Anagni IT,True,247.0,3584.08,8.78
5469,63106,901-CM-T30,FPQ-12837,SCMS-204300,ASN-21704,Cameroon,PMO - US,Direct Drop,EXW,Air,2013-08-19,2013-08-23,2013-10-18,2013-10-18,2013-10-18,ARV,Adult,Aurobindo Pharma Limited,"Lamivudine/Nevirapine/Zidovudine 150/200/300mg, tablets, 60 Tabs",Lamivudine/Nevirapine/Zidovudine,Generic,150/300/200mg,Tablet - FDC,60,38707,314687.91,8.13,0.14,"Aurobindo Unit III, India",True,4926.0,40227.6,389.27
5470,63111,102-ML-T30,FPQ-13391,SCMS-221930,ASN-24507,Mali,PMO - US,Direct Drop,EXW,Air,2013-12-16,2014-01-22,2014-03-19,2014-03-19,2014-03-24,HRDT,HIV test - Ancillary,"Orgenics, Ltd","HIV, Lancet, Safety, for HIV Test kits, 100 Pcs","HIV, Lancet, Safety, for HIV Test kits, 100 Pcs",Generic,no_dosage,Test kit - Ancillary,100,153,765.0,5.0,0.05,"Alere Medical Co., Ltd.",False,394.0,1333.4,0.79
5471,63174,106-HT-T30,FPQ-9636,SCMS-148370,ASN-16472,Haiti,PMO - US,Direct Drop,EXW,Ocean,2012-05-14,2012-07-03,2012-12-20,2012-12-20,2012-12-20,ARV,Adult,MYLAN LABORATORIES LTD (FORMERLY MATRIX LABORATORIES),"Abacavir 300mg, tablets, 60 Tabs",Abacavir,Generic,300mg,Tablet,60,2610,32598.9,12.49,0.21,Mylan (formerly Matrix) Nashik,False,1195.0,7785.125,45.7
5472,63175,107-RW-T30,FPQ-3963,SCMS-48560,ASN-4448,Rwanda,PMO - US,Direct Drop,EXW,Air,2009-07-01,2009-07-02,2009-08-14,2009-08-14,2009-08-14,HRDT,HIV test,"Trinity Biotech, Plc","HIV 1/2, Uni-Gold HIV Kit, 20 Tests","HIV 1/2, Uni-Gold HIV Kit",Uni-Gold,no_dosage,Test kit,20,250,8000.0,32.0,1.6,"Trinity Biotech, Plc",True,88.0,3997.31,15.68
5473,63186,107-RW-T30,FPQ-3859,SCMS-48810,ASN-5182,Rwanda,PMO - US,Direct Drop,CIP,Air,2009-06-30,2009-07-16,2009-10-19,2009-10-19,2009-10-19,ARV,Adult,Aurobindo Pharma Limited,"Abacavir 300mg, tablets, 60 Tabs",Abacavir,Generic,300mg,Tablet,60,427,8253.91,19.33,0.32,"Aurobindo Unit III, India",True,62.0,1060.35,16.18
5474,63228,116-ZA-T30,FPQ-13973,SCMS-238550,ASN-30792,South Africa,PMO - US,Direct Drop,DDP,Truck,2014-04-30,2014-05-08,2015-02-19,2015-02-19,2015-02-19,ARV,Adult,PHARMACY DIRECT,"Zidovudine 300mg, tablets, 60 Tabs",Zidovudine,Generic,300mg,Tablet,60,3,74.86,24.95,0.42,"Aurobindo Unit III, India",False,1.0,0.0,0.08
5475,63234,102-SD-T30,FPQ-6119,SCMS-83990,ASN-8453,Sudan,PMO - US,Direct Drop,EXW,Air,2010-08-30,2010-09-02,2010-11-12,2010-11-12,2010-11-12,HRDT,HIV test,"Orgenics, Ltd","HIV 1/2, Determine Complete HIV Kit, 100 Tests","HIV 1/2, Determine Complete HIV Kit",Determine,no_dosage,Test kit,100,260,23140.0,89.0,0.89,Inverness Japan,True,119.0,2742.83,49.89
5476,63273,109-TZ-T30,FPQ-10619,SCMS-161830,ASN-17465,Tanzania,PMO - US,Direct Drop,EXW,Air,2012-09-13,2012-10-04,2012-12-31,2012-12-31,2012-12-31,HRDT,HIV test,"Orgenics, Ltd","HIV 1/2, Determine Complete HIV Kit, 100 Tests","HIV 1/2, Determine Complete HIV Kit",Determine,no_dosage,Test kit,100,2744,219520.0,80.0,0.8,"Alere Medical Co., Ltd.",True,1186.0,22067.21,307.77
5477,63274,108-VN-T30,FPQ-5317,SCMS-69710,ASN-7510,Vietnam,PMO - US,Direct Drop,EXW,Air,2010-03-22,2010-03-29,2010-08-09,2010-08-09,2010-08-09,ARV,Adult,MYLAN LABORATORIES LTD (FORMERLY MATRIX LABORATORIES),"Abacavir 300mg, tablets, 60 Tabs",Abacavir,Generic,300mg,Tablet,60,249,3956.61,15.89,0.26,Mylan (formerly Matrix) Nashik,False,668.5,4400.805,8.53
5478,63289,800-CM-T30,FPQ-12570,SCMS-200900,ASN-22171,Cameroon,PMO - US,Direct Drop,EXW,Air,2013-07-10,2013-08-06,2013-11-09,2013-11-09,2013-11-20,HRDT,HIV test,"Orgenics, Ltd","HIV 1/2, Determine Complete HIV Kit, 100 Tests","HIV 1/2, Determine Complete HIV Kit",Determine,no_dosage,Test kit,100,5000,400000.0,80.0,0.8,"Alere Medical Co., Ltd.",True,1238.0,46044.38,494.8
5479,63292,108-VN-T30,FPQ-13976,SCMS-236080,ASN-28050,Vietnam,PMO - US,Direct Drop,FCA,Air,2014-04-08,2014-04-30,2014-10-01,2014-10-01,2014-10-01,ARV,Adult,ABBVIE LOGISTICS (FORMERLY ABBOTT LOGISTICS BV),"Ritonavir 100mg [Norvir], film coated tablets, 30 Tabs",Ritonavir,Norvir,100mg,Tablet,30,400,9304.0,23.26,0.78,ABBVIE Ludwigshafen Germany,True,52.0,379.77,9.56
5480,63296,144-BW-T30,FPQ-4487,SCMS-57521,ASN-8573,Botswana,PMO - US,Direct Drop,EXW,Air,2009-11-02,2009-11-13,2011-02-07,2011-02-07,2011-02-07,HRDT,HIV test - Ancillary,"Trinity Biotech, Plc","#109436**HIV 1, Uni-Gold Recombigen HIV Control, Vial 2 x 0.5 ml","HIV 1, Uni-Gold Recombigen HIV Control, Vial 2 x 0.5 ml",Uni-Gold,no_dosage,Test kit - Ancillary,2,15,465.0,31.0,15.5,"Trinity Biotech, Plc",True,1.0,650.97,1.0
5481,63297,106-HT-T30,FPQ-14895,SCMS-261040,ASN-30196,Haiti,PMO - US,Direct Drop,EXW,Ocean,2014-09-24,2014-11-14,2015-04-09,2015-04-09,2015-04-13,ARV,Adult,HETERO LABS LIMITED,"Efavirenz/Lamivudine/Tenofovir Disoproxil Fumarate 600/300/300mg, tablets, 30 Tabs",Efavirenz/Lamivudine/Tenofovir Disoproxil Fumarate,Generic,600/300/300mg,Tablet - FDC,30,56500,579125.0,10.25,0.34,Hetero Unit III Hyderabad IN,True,7324.0,10500.29,595.34
5482,63308,116-ZA-T30,FPQ-12522,SCMS-199280,ASN-24433,South Africa,PMO - US,Direct Drop,DDP,Truck,2013-07-11,2013-08-13,2014-02-07,2014-02-07,2014-02-07,ARV,Pediatric,S. BUYS WHOLESALER,"Efavirenz 50mg, capsule, 30 Caps",Efavirenz,Generic,50mg,Capsule,30,71,235.46,3.32,0.11,"Aurobindo Unit III, India",False,15.0,0.0,0.29
5483,63355,105-GH-T30,FPQ-13809,SCMS-234031,ASN-26374,Ghana,PMO - US,Direct Drop,EXW,Air,2014-03-07,2014-05-05,2014-06-12,2014-06-12,2014-06-12,ARV,Adult,Aurobindo Pharma Limited,"Lopinavir/Ritonavir 200/50mg, tablets, 120 Tabs",Lopinavir/Ritonavir,Generic,200/50mg,Tablet,120,3393,73967.4,21.8,0.18,"Aurobindo Unit III, India",True,901.0,7326.63,76.04
5484,63362,116-ZA-T30,FPQ-14942,SCMS-259073,ASN-30671,South Africa,PMO - US,Direct Drop,DDP,Truck,2014-09-11,2015-02-12,2015-02-12,2015-02-12,2015-02-12,ARV,Pediatric,PHARMACY DIRECT,"Efavirenz 200mg, capsule, 90 Caps",Efavirenz,Generic,200mg,Capsule,90,21,357.91,17.04,0.19,"Aurobindo Unit III, India",False,55.0,0.0,0.37
5485,63401,114-UG-T30,FPQ-12290,SCMS-192180,ASN-24273,Uganda,PMO - US,Direct Drop,CIP,Air,2013-05-17,2013-07-03,2014-02-14,2014-02-14,2014-02-19,ARV,Adult,ASPEN PHARMACARE,"Darunavir 300mg [Prezista], tablets, 120 Tabs",Darunavir,Prezista,300mg,Tablet,120,454,30236.4,66.6,0.55,"Aspen-OSD, Port Elizabeth, SA",True,79.0,281.94,37.4
5486,63409,117-ET-T30,FPQ-15928,SCMS-280490,ASN-31624,Ethiopia,PMO - US,Direct Drop,EXW,Air,2015-03-10,2015-03-17,2015-04-28,2015-04-28,2015-04-29,HRDT,HIV test,"SHANGHAI KEHUA BIOENGINEERING CO.,LTD.  (KHB)","HIV 1/2, SKB Colloidal Gold, Diagnostic Kit, Antibody, 50 Tests","HIV 1/2, Colloidal Gold, Diagnostic Kit, Antibody",Colloidal Gold,no_dosage,Test kit,1,4000,98000.0,24.5,24.5,"KHB Test Kit Facility, Shanghai China",True,2764.0,40716.16,115.35
5487,63412,104-CI-T30,FPQ-9823,SCMS-147550,ASN-15640,Côte d'Ivoire,PMO - US,Direct Drop,EXW,Air,2012-05-04,2012-06-13,2012-08-16,2012-08-16,2012-08-16,HRDT,HIV test,"CHEMBIO DIAGNOSTIC SYSTEMS, INC.","HIV 1/2, Stat-Pak HIV, Kit, 20 Tests","HIV 1/2, Stat-Pak HIV, Kit",Stat-Pak,no_dosage,Test kit,20,2155,62495.0,29.0,1.45,Chembio Diagnostics Sys. Inc.,True,622.0,7727.12,87.62
5488,63419,203-SZ-T30,FPQ-14826,SCMS-256310,ASN-29141,Swaziland,PMO - US,Direct Drop,EXW,Air,2014-09-03,2014-10-09,2015-02-19,2015-02-19,2015-02-19,HRDT,HIV test,"Orgenics, Ltd","HIV 1/2, Determine Complete HIV Kit, 100 Tests","HIV 1/2, Determine Complete HIV Kit",Determine,no_dosage,Test kit,100,39,3120.0,80.0,0.8,"Alere Medical Co., Ltd.",True,17.0,514.52,3.21
5489,63432,104-CI-T30,FPQ-7693,SCMS-113020,ASN-12293,Côte d'Ivoire,PMO - US,Direct Drop,FCA,Air,2011-05-05,2011-07-06,2011-10-17,2011-10-17,2011-10-17,ARV,Adult,ABBVIE LOGISTICS (FORMERLY ABBOTT LOGISTICS BV),"Lopinavir/Ritonavir 200/50mg [Aluvia], tablets, 120 Tabs",Lopinavir/Ritonavir,Aluvia,200/50mg,Tablet,120,16800,517776.0,30.82,0.26,ABBVIE Ludwigshafen Germany,True,4213.0,27376.29,854.33
5490,63438,109-TZ-T30,FPQ-12540,SCMS-198771,ASN-22834,Tanzania,PMO - US,Direct Drop,EXW,Air,2013-07-03,2013-08-27,2013-12-27,2013-12-27,2013-12-27,ARV,Adult,CIPLA LIMITED,"Lamivudine/Nevirapine/Zidovudine 150/200/300mg, tablets, 60 Tabs",Lamivudine/Nevirapine/Zidovudine,Generic,150/300/200mg,Tablet - FDC,60,80516,652179.6,8.1,0.13,"Cipla, Goa, India",True,11646.0,50445.73,806.75
5491,63466,116-ZA-T30,FPQ-4359,SCMS-54980,ASN-5372,South Africa,PMO - US,Direct Drop,DDP,Truck,2009-10-08,2009-10-15,2009-10-21,2009-10-21,2009-10-21,ARV,Adult,S. BUYS WHOLESALER,"Nevirapine 200mg, tablets, 60 Tabs",Nevirapine,Generic,200mg,Tablet,60,300,6758.47,22.53,0.38,"Cipla, Goa, India",False,42.0,0.0,13.25
5492,63468,116-ZA-T30,FPQ-12522,SCMS-199289,ASN-28033,South Africa,PMO - US,Direct Drop,DDP,Truck,2013-07-11,2014-08-29,2014-08-29,2014-08-29,2014-08-29,ARV,Adult,S. BUYS WHOLESALER,"Efavirenz 600mg, tablets, 30 Tabs",Efavirenz,Generic,600mg,Tablet,30,632,10473.05,16.57,0.55,Hetero Unit III Hyderabad IN,False,2401.5,0.0,12.96
5493,63486,108-VN-T30,FPQ-11418,SCMS-176270,ASN-19859,Vietnam,PMO - US,Direct Drop,EXW,Air,2013-01-29,2013-02-06,2013-07-05,2013-07-05,2013-07-05,ARV,Adult,HETERO LABS LIMITED,"Abacavir 300mg, tablets, 60 Tabs",Abacavir,Generic,300mg,Tablet,60,683,8366.75,12.25,0.2,Hetero Unit III Hyderabad IN,False,668.5,4400.805,10.35
5494,63502,106-HT-T30,FPQ-4389,SCMS-58020,ASN-5746,Haiti,PMO - US,Direct Drop,FCA,Air,2009-11-03,2009-11-13,2010-03-03,2010-03-03,2010-03-03,ARV,Pediatric,ABBVIE LOGISTICS (FORMERLY ABBOTT LOGISTICS BV),"Lopinavir/Ritonavir 100/25mg [Aluvia], tablets, 60 Tabs",Lopinavir/Ritonavir,Generic,100/25mg,Tablet,60,300,2712.0,9.04,0.15,ABBVIE Ludwigshafen Germany,True,37.0,971.8,5.85
5495,63537,133-NG-T30,FPQ-14995,SCMS-260700,ASN-29928,Nigeria,PMO - US,Direct Drop,EXW,Air,2014-09-22,2014-10-29,2015-01-19,2015-01-19,2015-01-22,HRDT,HIV test,"Orgenics, Ltd","HIV 1/2, Determine Complete HIV Kit, 100 Tests","HIV 1/2, Determine Complete HIV Kit",Determine,no_dosage,Test kit,100,6133,545837.0,89.0,0.89,"Alere Medical Co., Ltd.",True,2483.0,31306.65,561.12
5496,63555,104-CI-T30,FPQ-10636,SCMS-162550,ASN-18558,Côte d'Ivoire,PMO - US,Direct Drop,EXW,Air,2012-09-19,2012-10-12,2013-03-21,2013-03-21,2013-03-21,ARV,Adult,MYLAN LABORATORIES LTD (FORMERLY MATRIX LABORATORIES),"Atazanavir/Ritonavir 300/100mg, tablets, 30 Tabs",Atazanavir/Ritonavir,Generic,300/100mg,Tablet,30,1270,28575.0,22.5,0.75,Mylan (formerly Matrix) Nashik,False,201.0,4063.81,40.06
5497,63561,103-ZW-T30,FPQ-15625,SCMS-272350,ASN-32051,Zimbabwe,PMO - US,Direct Drop,FCA,Air,2015-01-06,2015-01-16,2015-05-21,2015-05-21,2015-05-21,ARV,Pediatric,ABBVIE LOGISTICS (FORMERLY ABBOTT LOGISTICS BV),"Lopinavir/Ritonavir 80/20mg/ml [Kaletra], oral solution, cool, Bottle 5 x 60 ml",Lopinavir/Ritonavir,Kaletra,80/20mg/ml,Oral solution,300,6914,213089.48,30.82,0.1,ABBVIE (Abbott) Logis. UK,True,6090.0,41141.5,250.81
5498,63568,105-SS-T30,FPQ-12623,SCMS-200921,ASN-22955,South Sudan,PMO - US,Direct Drop,EXW,Air,2013-07-18,2013-08-06,2014-02-11,2014-02-11,2014-02-11,HRDT,HIV test,"Trinity Biotech, Plc","HIV 1/2, Uni-Gold HIV Kit, 20 Tests","HIV 1/2, Uni-Gold HIV Kit",Uni-Gold,no_dosage,Test kit,20,18,576.0,32.0,1.6,"Trinity Biotech, Plc",False,98.5,2575.925,0.71
5499,63571,109-TZ-T30,FPQ-13945,SCMS-235380,ASN-28275,Tanzania,PMO - US,Direct Drop,EXW,Air,2014-03-27,2014-05-06,2014-10-25,2014-10-25,2014-10-25,HRDT,HIV test,"Trinity Biotech, Plc","HIV 1/2, Uni-Gold HIV Kit, 20 Tests","HIV 1/2, Uni-Gold HIV Kit",Uni-Gold,no_dosage,Test kit,20,252,8064.0,32.0,1.6,"Trinity Biotech, Plc",True,82.0,1353.35,8.29
5500,63576,101-CD-T30,FPQ-14100,SCMS-239410,ASN-26738,"Congo, DRC",PMO - US,Direct Drop,EXW,Air,2014-04-23,2014-05-20,2014-09-05,2014-09-05,2014-09-16,HRDT,HIV test,"Trinity Biotech, Plc","HIV 1/2, Uni-Gold HIV Kit, 20 Tests","HIV 1/2, Uni-Gold HIV Kit",Uni-Gold,no_dosage,Test kit,20,90,2880.0,32.0,1.6,"Trinity Biotech, Plc",False,39.0,2346.5699999999997,2.96
5501,63579,105-SS-T30,FPQ-11538,SCMS-176920,ASN-18783,South Sudan,PMO - US,Direct Drop,EXW,Air,2013-01-24,2013-02-22,2013-05-16,2013-05-16,2013-05-16,HRDT,HIV test,"Trinity Biotech, Plc","HIV 1/2, Uni-Gold HIV Kit, 20 Tests","HIV 1/2, Uni-Gold HIV Kit",Uni-Gold,no_dosage,Test kit,20,125,4000.0,32.0,1.6,"Trinity Biotech, Plc",True,41.0,1441.21,4.95
5502,63582,116-ZA-T30,FPQ-12522,SCMS-199289,ASN-28033,South Africa,PMO - US,Direct Drop,DDP,Truck,2013-07-11,2014-08-29,2014-08-29,2014-08-29,2014-08-29,ARV,Pediatric,S. BUYS WHOLESALER,"Efavirenz 200mg, capsule, 90 Caps",Efavirenz,Generic,200mg,Capsule,90,60,1561.82,26.03,0.29,"Aurobindo Unit III, India",False,108.0,0.0,1.93
5503,63608,103-KE-T30,FPQ-9856,SCMS-149170,ASN-15733,Kenya,PMO - US,Direct Drop,EXW,Air,2012-05-24,2012-06-13,2012-09-05,2012-09-05,2012-09-05,HRDT,HIV test,"Trinity Biotech, Plc","HIV 1/2, Uni-Gold HIV Kit, 20 Tests","HIV 1/2, Uni-Gold HIV Kit",Uni-Gold,no_dosage,Test kit,20,20000,640000.0,32.0,1.6,"Trinity Biotech, Plc",True,6568.0,41300.11,897.28
5504,63620,114-UG-T30,FPQ-12155,SCMS-189350,ASN-21443,Uganda,PMO - US,Direct Drop,EXW,Air,2013-04-29,2013-05-28,2013-10-04,2013-10-04,2013-10-05,HRDT,HIV test,"CHEMBIO DIAGNOSTIC SYSTEMS, INC.","HIV 1/2, Stat-Pak Dipstick Assay Kit, 30 Tests","HIV 1/2, Stat-Pak Dipstick Assay Kit",Stat-Pak,no_dosage,Test kit,30,2850,78660.0,27.6,0.92,Chembio Diagnostics Sys. Inc.,True,318.0,4604.83,97.3
5505,63648,106-HT-T30,FPQ-6489,SCMS-90451,ASN-10748,Haiti,PMO - US,Direct Drop,CIP,Air,2010-10-20,2010-11-04,2011-05-11,2011-05-11,2011-05-11,ARV,Adult,MERCK SHARP & DOHME IDEA GMBH (FORMALLY MERCK SHARP & DOHME B.V.),"Indinavir 400mg [Crixivan], capsules, 180 Caps",Indinavir,Crixivan,400mg,Capsule,180,28,1400.0,50.0,0.28,"MSD, Haarlem, NL",True,7.0,290.0,3.02
5506,63652,900-TZ-T30,FPQ-10396,SCMS-157661,ASN-17085,Tanzania,PMO - US,Direct Drop,EXW,Air,2012-07-31,2012-10-04,2012-12-07,2012-12-07,2012-12-07,HRDT,HIV test,"Orgenics, Ltd","HIV 1/2, Determine Complete HIV Kit, 100 Tests","HIV 1/2, Determine Complete HIV Kit",Determine,no_dosage,Test kit,100,2744,219520.0,80.0,0.8,"Alere Medical Co., Ltd.",True,1303.0,22317.25,307.77
5507,63697,161-ZA-T30,FPQ-5303,SCMS-68810,ASN-7217,South Africa,PMO - US,Direct Drop,DDP,Air,2010-03-18,2010-03-19,2010-07-15,2010-07-15,2010-07-15,ARV,Adult,STRIDES ARCOLAB LIMITED,"Lamivudine 150mg, tablets, 60 Tabs",Lamivudine,Generic,150mg,Tablet,60,333334,856668.38,2.57,0.04,"Strides, Bangalore, India.",True,16496.0,25285.11,1846.98
5508,63719,200-UG-T30,FPQ-14628,SCMS-253240,ASN-28591,Uganda,PMO - US,Direct Drop,EXW,Air,2014-07-23,2014-09-04,2014-10-14,2014-10-14,2014-10-15,HRDT,HIV test,"CHEMBIO DIAGNOSTIC SYSTEMS, INC.","HIV 1/2, Stat-Pak Dipstick Assay Kit, 30 Tests","HIV 1/2, Stat-Pak Dipstick Assay Kit",Stat-Pak,no_dosage,Test kit,30,800,22080.0,27.6,0.92,Chembio Diagnostics Sys. Inc.,True,86.0,798.43,22.7
5509,63749,133-NG-T30,FPQ-12456,SCMS-196560,ASN-21224,Nigeria,PMO - US,Direct Drop,EXW,Air,2013-06-10,2013-07-10,2013-09-18,2013-09-19,2013-09-19,HRDT,HIV test,"Orgenics, Ltd","HIV 1/2, Determine Complete HIV Kit, 100 Tests","HIV 1/2, Determine Complete HIV Kit",Determine,no_dosage,Test kit,100,3040,270560.0,89.0,0.89,"Alere Medical Co., Ltd.",True,1235.0,13383.47,334.68
5510,63757,111-MZ-T30,FPQ-9530,SCMS-143810,ASN-15749,Mozambique,PMO - US,Direct Drop,EXW,Air,2012-03-29,2012-04-24,2012-09-04,2012-09-04,2012-09-04,HRDT,HIV test,"Orgenics, Ltd","HIV 1/2, Determine Complete HIV Kit, 100 Tests","HIV 1/2, Determine Complete HIV Kit",Determine,no_dosage,Test kit,100,6000,480000.0,80.0,0.8,"Alere Medical Co., Ltd.",True,2862.0,52239.49,672.96
5511,63782,161-ZA-T30,FPQ-7175,SCMS-103690,ASN-11306,South Africa,PMO - US,Direct Drop,DDP,Ocean,2011-03-10,2011-03-23,2011-11-02,2011-11-02,2011-11-02,ARV,Adult,EMCURE PHARMACEUTICALS LTD,"Efavirenz 600mg, tablets, 30 Tabs",Efavirenz,Generic,600mg,Tablet,30,113020,485986.0,4.3,0.14,"Emcure Plot No.P-2, I.T-B.T. Park, Phase II, MIDC, Hinjwadi, Pune, India",True,8826.0,7609.7,801.88
5512,63802,161-ZA-T30,FPQ-6262,SCMS-84230,ASN-9616,South Africa,PMO - US,Direct Drop,DDP,Ocean,2010-08-31,2010-09-21,2011-04-05,2011-04-05,2011-04-05,ARV,Adult,STRIDES ARCOLAB LIMITED,"Nevirapine 200mg, tablets, 60 Tabs",Nevirapine,Generic,200mg,Tablet,60,65072,186756.64,2.87,0.05,"Strides, Bangalore, India.",True,4194.0,17278.96,402.65
5513,63807,104-CI-T30,FPQ-12714,SCMS-205010,ASN-23353,Côte d'Ivoire,PMO - US,Direct Drop,EXW,Air,2013-07-30,2013-09-02,2014-01-03,2014-01-03,2014-01-06,ARV,Pediatric,Aurobindo Pharma Limited,"Nevirapine 50mg, dispersible tablets (tablets for oral suspension), 30 Tabs",Nevirapine,Generic,50mg,Chewable/dispersible tablet,30,6500,8125.0,1.25,0.04,"Aurobindo Unit III, India",True,406.0,4837.38,10.05
5514,63817,106-HT-T30,FPQ-9066,SCMS-138630,ASN-14843,Haiti,PMO - US,Direct Drop,EXW,Ocean,2012-01-06,2012-02-23,2012-07-03,2012-07-03,2012-07-03,ARV,Adult,MYLAN LABORATORIES LTD (FORMERLY MATRIX LABORATORIES),"Efavirenz/Lamivudine/Tenofovir Disoproxil Fumarate 600/300/300mg, tablets, 30 Tabs",Efavirenz/Lamivudine/Tenofovir Disoproxil Fumarate,Generic,600/300/300mg,Tablet - FDC,30,47970,676377.0,14.1,0.47,Mylan (formerly Matrix) Nashik,True,5438.0,23708.81,948.28
5515,63826,104-CI-T30,FPQ-12150,SCMS-191930,ASN-23812,Côte d'Ivoire,PMO - US,Direct Drop,FCA,Air,2013-04-29,2013-06-12,2014-01-24,2014-01-24,2014-01-27,ARV,Pediatric,ABBVIE LOGISTICS (FORMERLY ABBOTT LOGISTICS BV),"Lopinavir/Ritonavir 80/20mg/ml [Kaletra], oral solution, cool, Bottle 5 x 60 ml",Lopinavir/Ritonavir,Kaletra,80/20mg/ml,Oral solution,300,340,10478.8,30.82,0.1,ABBVIE (Abbott) Logis. UK,True,336.0,3899.33,12.96
5516,63894,104-CI-T30,FPQ-13602,SCMS-228010,ASN-26833,Côte d'Ivoire,PMO - US,Direct Drop,EXW,Air,2014-01-22,2014-02-26,2014-07-08,2014-07-08,2014-07-10,HRDT,HIV test,"Standard Diagnostics, Inc.","HIV 1/2, Bioline 3.0 Kit, Lancets, Capillary pipets, Alcohol swabs included, 25 Tests","HIV 1/2, Bioline 3.0 Kit, Lancets, Capillary pipets, Alcohol swabs included",Bioline,no_dosage,Test kit,25,400,8200.0,20.5,0.82,"Standard Diagnostics, Korea",True,125.0,2033.62,8.43
5517,63907,202-GT-T30,FPQ-6944,SCMS-98040,ASN-12152,Guatemala,PMO - US,Direct Drop,DDU,Air,2011-01-17,2011-01-25,2011-09-12,2011-09-12,2011-09-12,ARV,Pediatric,IDIS LIMITED,"Didanosine 25mg [Videx], chewable tablets, 60 Tabs",Didanosine,Videx,25mg,Chewable/dispersible tablet,60,150,6843.0,45.62,0.76,"BMS Meymac, France",False,53.5,0.0,11.29
5518,63915,108-VN-T30,FPQ-10286,SCMS-156130,ASN-17075,Vietnam,PMO - US,Direct Drop,EXW,Air,2012-07-25,2012-08-14,2012-11-29,2012-11-29,2012-11-29,ARV,Adult,Aurobindo Pharma Limited,"Efavirenz 600mg, tablets, 30 Tabs",Efavirenz,Generic,600mg,Tablet,30,15881,52407.3,3.3,0.11,"Aurobindo Unit III, India",False,668.5,4400.805,73.48
5519,63939,104-CI-T30,FPQ-8209,SCMS-124110,ASN-12707,Côte d'Ivoire,PMO - US,Direct Drop,EXW,Air,2011-08-11,2011-10-05,2011-12-01,2011-12-01,2011-12-01,HRDT,HIV test,"CHEMBIO DIAGNOSTIC SYSTEMS, INC.","HIV 1/2, Stat-Pak HIV, Kit, 20 Tests","HIV 1/2, Stat-Pak HIV, Kit",Stat-Pak,no_dosage,Test kit,20,167,4843.0,29.0,1.45,Chembio Diagnostics Sys. Inc.,True,50.0,1128.74,7.99
5520,63956,901-NA-T30,FPQ-14728,SCMS-252640,ASN-28484,Namibia,PMO - US,Direct Drop,EXW,Air,2014-07-30,2014-08-14,2014-10-22,2014-10-22,2014-11-11,ARV,Adult,HETERO LABS LIMITED,"Lamivudine/Tenofovir Disoproxil Fumarate 300/300mg, tablets, 30 Tabs",Lamivudine/Tenofovir Disoproxil Fumarate,Generic,300/300mg,Tablet - FDC,30,2910,13444.2,4.62,0.15,Hetero Unit III Hyderabad IN,True,352.0,2429.39,13.82
5521,63988,101-CD-T30,FPQ-12073,SCMS-186710,ASN-20472,"Congo, DRC",PMO - US,Direct Drop,EXW,Air,2013-04-12,2013-05-08,2013-09-20,2013-09-20,2013-09-20,HRDT,HIV test - Ancillary,"Orgenics, Ltd","Chase Buffer, Determine, 100 Tests, 2.5ml x 1 Vial","Chase Buffer, Determine, 100 Tests, 2.5ml x 1 Vial",Determine,no_dosage,Test kit - Ancillary,1,2407,12035.0,5.0,5.0,"Alere Medical Co., Ltd.",False,394.0,2346.5699999999997,14.89
5522,63998,103-CM-T30,FPQ-14930,SCMS-259420,ASN-29421,Cameroon,PMO - US,Direct Drop,EXW,Air,2014-09-23,2014-10-16,2014-12-02,2014-12-02,2014-12-05,HRDT,HIV test,"Orgenics, Ltd","HIV 1/2, Determine Complete HIV Kit, 100 Tests","HIV 1/2, Determine Complete HIV Kit",Determine,no_dosage,Test kit,100,120,9600.0,80.0,0.8,"Alere Medical Co., Ltd.",True,55.0,846.69,9.87
5523,64003,104-CI-T30,FPQ-3885,SCMS-48610,ASN-4585,Côte d'Ivoire,PMO - US,Direct Drop,EXW,Air,2009-06-19,2009-07-07,2009-08-17,2009-08-17,2009-08-17,HRDT,HIV test,"Standard Diagnostics, Inc.","HIV 1/2, Bioline 3.0 Kit, (no accessories), 30 Tests","HIV 1/2, Bioline 3.0 Kit (no accessories)",Bioline,no_dosage,Test kit,30,1800,43200.0,24.0,0.8,"Standard Diagnostics, Korea",True,560.0,5180.34,84.67
5524,64004,106-HT-T30,FPQ-6194,SCMS-85981,ASN-8878,Haiti,PMO - US,Direct Drop,EXW,Air,2010-08-07,2010-09-24,2010-12-07,2010-12-07,2010-12-07,HRDT,HIV test,"SHANGHAI KEHUA BIOENGINEERING CO.,LTD.  (KHB)","HIV 1/2, SKB Colloidal Gold, Diagnostic Kit, Antibody, 50 Tests","HIV 1/2, Colloidal Gold, Diagnostic Kit, Antibody",Colloidal Gold,no_dosage,Test kit,1,360,8280.0,23.0,23.0,"KHB Test Kit Facility, Shanghai China",True,261.0,3135.97,17.85
5525,64020,161-ZA-T30,FPQ-6262,SCMS-83830,ASN-9490,South Africa,PMO - US,Direct Drop,DDP,Ocean,2010-08-31,2010-09-24,2011-03-04,2011-03-04,2011-03-04,ARV,Pediatric,Aurobindo Pharma Limited,"Lamivudine 10mg/ml, oral solution w/syringe, Bottle, 240 ml",Lamivudine,Generic,10mg/ml,Oral solution,240,48264,97493.28,2.02,0.01,"Aurobindo Unit III, India",True,17436.0,10446.36,210.2
5526,64021,102-BW-T30,FPQ-10435,SCMS-155780,ASN-16044,Botswana,PMO - US,Direct Drop,EXW,Air,2012-07-27,2012-08-02,2012-09-10,2012-09-10,2012-09-10,HRDT,HIV test,"SHANGHAI KEHUA BIOENGINEERING CO.,LTD.  (KHB)","HIV 1/2, SKB Colloidal Gold, Diagnostic Kit, Antibody, 50 Tests","HIV 1/2, Colloidal Gold, Diagnostic Kit, Antibody",Colloidal Gold,no_dosage,Test kit,1,1600,39200.0,24.5,24.5,"KHB Test Kit Facility, Shanghai China",True,1111.0,8542.94,54.96
5527,64051,107-RW-T30,FPQ-5792,SCMS-75800,ASN-8529,Rwanda,PMO - US,Direct Drop,EXW,Air,2010-06-07,2010-07-21,2010-11-17,2010-11-17,2010-11-17,HRDT,HIV test,"Orgenics, Ltd","HIV 1/2, Determine HIV Kit, without Lancets, 100 Tests","HIV 1/2, Determine HIV Kit, without Lancets",Determine,no_dosage,Test kit,100,5000,388500.0,77.7,0.78,Inverness Japan,True,1134.0,50550.58,837.61
5528,64087,112-NG-T30,FPQ-9199,SCMS-140040,ASN-15132,Nigeria,PMO - US,Direct Drop,EXW,Air,2012-03-01,2012-05-15,2012-07-03,2012-07-03,2012-07-03,ACT,ACT,NOVARTIS PHARMA SERVICES AG,"Artemether/Lumefantrine 20/120mg [Coartem], scored tablets, Blister 30 x 24 Tabs",Artemether/Lumefantrine,Coartem,20/120mg,Tablet - FDC + blister,720,2500,132000.0,52.8,0.07,"Novartis Pharma Suffern, USA",True,1746.0,11216.78,185.06
5529,64108,133-NG-T30,FPQ-10349,SCMS-155320,ASN-16909,Nigeria,PMO - US,Direct Drop,EXW,Air,2012-07-17,2012-08-13,2012-11-06,2012-11-06,2012-11-06,HRDT,HIV test,"Orgenics, Ltd","HIV 1/2, Determine Complete HIV Kit, 100 Tests","HIV 1/2, Determine Complete HIV Kit",Determine,no_dosage,Test kit,100,2835,252315.0,89.0,0.89,"Alere Medical Co., Ltd.",True,1352.0,30726.22,353.75
5530,64183,111-MZ-T30,FPQ-13241,SCMS-226780,ASN-27436,Mozambique,PMO - US,Direct Drop,EXW,Air,2013-11-18,2014-03-14,2014-10-01,2014-10-01,2014-10-01,ARV,Adult,B&C GROUP S.A.,"Darunavir 600mg [Prezista], tablets, 60 Tabs",Darunavir,Prezista,600mg,Tablet,60,80,5328.0,66.6,1.11,"Janssen-Cilag, Latina, IT",True,13.0,277.4,5.48
5531,64186,901-CM-T30,FPQ-12837,SCMS-204350,ASN-22179,Cameroon,PMO - US,Direct Drop,EXW,Air,2013-08-19,2013-08-23,2013-11-09,2013-11-09,2013-11-20,ARV,Adult,HETERO LABS LIMITED,"Nevirapine 200mg, tablets, 60 Tabs",Nevirapine,Generic,200mg,Tablet,60,121307,266875.4,2.2,0.04,Hetero Unit III Hyderabad IN,True,7912.0,62102.07,330.12
5532,64208,108-VN-T30,FPQ-16194,SCMS-285500,ASN-33269,Vietnam,PMO - US,Direct Drop,EXW,Air,2015-04-14,2015-05-13,2015-09-03,2015-09-03,2015-09-03,ARV,Adult,HETERO LABS LIMITED,"Efavirenz/Lamivudine/Tenofovir Disoproxil Fumarate 600/300/300mg, tablets, 30 Tabs",Efavirenz/Lamivudine/Tenofovir Disoproxil Fumarate,Generic,600/300/300mg,Tablet - FDC,30,13736,130492.0,9.5,0.32,Hetero Unit III Hyderabad IN,False,668.5,4400.805,153.59
5533,64218,119-NA-T30,FPQ-4186,SCMS-53271,ASN-5363,Namibia,PMO - US,Direct Drop,EXW,Air,2009-09-03,2009-09-11,2009-11-12,2009-11-12,2009-11-12,HRDT,HIV test,"Orgenics, Ltd","HIV 1/2, Determine HIV Kit, without Lancets, 100 Tests","HIV 1/2, Determine HIV Kit, without Lancets",Determine,no_dosage,Test kit,100,180,12600.0,70.0,0.7,Inverness Japan,True,42.0,2863.47,24.7
5534,64238,106-HT-T30,FPQ-11442,SCMS-177180,ASN-18919,Haiti,PMO - US,Direct Drop,EXW,Ocean,2013-01-30,2013-03-11,2013-08-07,2013-08-07,2013-08-07,ARV,Pediatric,Aurobindo Pharma Limited,"Stavudine 1mg/ml, powder for oral solution w/syringe, 200 ml",Stavudine,Generic,1mg/ml,Powder for oral solution,200,300,375.0,1.25,0.01,"Aurobindo Unit III, India",False,42.0,7785.125,0.46
5535,64262,133-NG-T30,FPQ-12456,SCMS-196561,ASN-22344,Nigeria,PMO - US,Direct Drop,EXW,Air,2013-06-10,2013-07-10,2013-11-07,2013-11-11,2013-11-17,HRDT,HIV test,"Orgenics, Ltd","HIV 1/2, Determine Complete HIV Kit, 100 Tests","HIV 1/2, Determine Complete HIV Kit",Determine,no_dosage,Test kit,100,3056,271984.0,89.0,0.89,"Alere Medical Co., Ltd.",True,1241.0,20602.3,336.44
5536,64304,106-HT-T30,FPQ-13494,SCMS-225410,ASN-24980,Haiti,PMO - US,Direct Drop,EXW,Air,2014-01-21,2014-02-19,2014-04-14,2014-04-14,2014-04-14,HRDT,HIV test,"Orgenics, Ltd","HIV 1/2, Determine Complete HIV Kit, 100 Tests","HIV 1/2, Determine Complete HIV Kit",Determine,no_dosage,Test kit,100,4000,400000.0,100.0,1.0,"Alere Medical Co., Ltd.",True,1624.0,15537.04,411.2
5537,64319,133-NG-T30,FPQ-10349,SCMS-155320,ASN-16927,Nigeria,PMO - US,Direct Drop,EXW,Air,2012-07-17,2012-08-13,2012-11-06,2012-11-07,2012-11-07,HRDT,HIV test,"Orgenics, Ltd","HIV 1/2, Determine Complete HIV Kit, 100 Tests","HIV 1/2, Determine Complete HIV Kit",Determine,no_dosage,Test kit,100,2835,252315.0,89.0,0.89,"Alere Medical Co., Ltd.",True,1352.0,30726.22,353.75
5538,64320,203-SZ-T30,FPQ-14826,SCMS-256310,ASN-29141,Swaziland,PMO - US,Direct Drop,EXW,Air,2014-09-03,2014-10-09,2015-02-19,2015-02-19,2015-02-19,HRDT,HIV test - Ancillary,"Orgenics, Ltd","Chase Buffer, Determine, 100 Tests, 2.5ml x 1 Vial","Chase Buffer, Determine, 100 Tests, 2.5ml x 1 Vial",Determine,no_dosage,Test kit - Ancillary,1,39,195.0,5.0,5.0,"Alere Medical Co., Ltd.",False,15.0,3467.885,0.2
5539,64329,104-CI-T30,FPQ-12150,SCMS-191920,ASN-21574,Côte d'Ivoire,PMO - US,Direct Drop,FCA,Air,2013-04-29,2013-06-12,2013-09-24,2013-09-24,2013-09-24,ARV,Pediatric,ABBVIE LOGISTICS (FORMERLY ABBOTT LOGISTICS BV),"Lopinavir/Ritonavir 80/20mg/ml [Kaletra], oral solution, cool, Bottle 5 x 60 ml",Lopinavir/Ritonavir,Kaletra,80/20mg/ml,Oral solution,300,340,10478.8,30.82,0.1,ABBVIE (Abbott) Logis. UK,True,336.0,5755.58,12.96
5540,64335,111-MZ-T30,FPQ-4739,SCMS-62690,ASN-5953,Mozambique,PMO - US,Direct Drop,EXW,Air,2009-12-10,2010-01-08,2010-02-23,2010-02-23,2010-02-23,HRDT,HIV test,"Trinity Biotech, Plc","HIV 1/2, Uni-Gold HIV Kit, 20 Tests","HIV 1/2, Uni-Gold HIV Kit",Uni-Gold,no_dosage,Test kit,20,2400,76800.0,32.0,1.6,"Trinity Biotech, Plc",False,978.0,3247.5699999999997,165.58
5541,64351,161-ZA-T30,FPQ-7175,SCMS-103510,ASN-11803,South Africa,PMO - US,Direct Drop,DDP,Ocean,2011-03-10,2011-03-24,2011-10-10,2011-10-10,2011-10-10,ARV,Adult,Aurobindo Pharma Limited,"Efavirenz 600mg, tablets, 30 Tabs",Efavirenz,Generic,600mg,Tablet,30,90273,407131.23,4.51,0.15,"Aurobindo Unit III, India",True,668.5,0.0,671.77
5542,64352,114-UG-T30,FPQ-15314,SCMS-264720,ASN-31818,Uganda,PMO - US,Direct Drop,EXW,Air,2014-11-11,2014-12-04,2015-05-14,2015-05-14,2015-05-14,HRDT,HIV test,"Trinity Biotech, Plc","HIV 1/2, Uni-Gold HIV Kit, 20 Tests","HIV 1/2, Uni-Gold HIV Kit",Uni-Gold,no_dosage,Test kit,20,2600,83200.0,32.0,1.6,"Trinity Biotech, Plc",True,775.0,6164.1,97.93
5543,64363,111-MZ-T30,FPQ-8527,SCMS-130160,ASN-13818,Mozambique,PMO - US,Direct Drop,EXW,Air,2011-10-05,2011-12-29,2012-05-02,2012-05-02,2012-05-02,HRDT,HIV test,"Orgenics, Ltd","HIV 1/2, Determine Complete HIV Kit, 100 Tests","HIV 1/2, Determine Complete HIV Kit",Determine,no_dosage,Test kit,100,3094,247520.0,80.0,0.8,"Alere Medical Co., Ltd.",True,1477.0,27686.29,408.41
5544,64367,102-SD-T30,FPQ-8264,SCMS-121851,ASN-13537,Sudan,PMO - US,Direct Drop,EXW,Air,2011-09-07,2011-09-14,2012-02-20,2012-02-20,2012-02-20,HRDT,HIV test - Ancillary,"Orgenics, Ltd","Capillary Tubes, for Determine, EDTA, 50uL,100 Pcs","HIV, Capillary Tubes, for Determine, EDTA, 50uL,100 Pcs",Determine,no_dosage,Test kit - Ancillary,100,4,32.0,8.0,0.08,"Alere Medical Co., Ltd.",True,2.0,1076.15,0.05
5545,64369,103-ZW-T30,FPQ-13969,SCMS-239180,ASN-29540,Zimbabwe,PMO - US,Direct Drop,FCA,Air,2014-04-08,2014-05-15,2015-01-12,2015-01-12,2015-01-12,ARV,Pediatric,ABBVIE LOGISTICS (FORMERLY ABBOTT LOGISTICS BV),"Lopinavir/Ritonavir 100/25mg [Aluvia], tablets, 60 Tabs",Lopinavir/Ritonavir,Generic,100/25mg,Tablet,60,9253,54962.82,5.94,0.1,ABBVIE Ludwigshafen Germany,True,1065.0,11368.84,56.5
5546,64371,116-ZA-T30,FPQ-13973,SCMS-238550,ASN-30792,South Africa,PMO - US,Direct Drop,DDP,Truck,2014-04-30,2014-05-08,2015-02-19,2015-02-19,2015-02-19,ARV,Adult,PHARMACY DIRECT,"Didanosine 250mg, delayed-release capsules, 30 Caps",Didanosine,Generic,250mg,Delayed-release capsules,30,3,45.74,15.25,0.51,"Aurobindo Unit III, India",False,1.0,0.0,0.05
5547,64377,108-VN-T30,FPQ-15087,SCMS-261460,ASN-30940,Vietnam,PMO - US,Direct Drop,EXW,Air,2014-10-24,2014-10-30,2015-03-31,2015-03-31,2015-03-31,ARV,Adult,HETERO LABS LIMITED,"Nevirapine 200mg, tablets, 60 Tabs",Nevirapine,Generic,200mg,Tablet,60,7700,16632.0,2.16,0.04,Hetero Unit III Hyderabad IN,False,668.5,4400.805,19.58
5548,64405,116-ZA-T30,FPQ-12522,SCMS-199283,ASN-27979,South Africa,PMO - US,Direct Drop,DDP,Truck,2013-07-11,2014-08-27,2014-08-27,2014-08-27,2014-08-27,ARV,Adult,S. BUYS WHOLESALER,"Abacavir 300mg, tablets, 60 Tabs",Abacavir,Generic,300mg,Tablet,60,47,3625.9,77.15,1.29,"Aurobindo Unit III, India",False,668.5,0.0,4.49
5549,64427,101-CD-T30,FPQ-16001,SCMS-280220,ASN-32231,"Congo, DRC",PMO - US,Direct Drop,EXW,Air,2015-03-10,2015-03-17,2015-07-23,2015-07-23,2015-07-29,HRDT,HIV test,"Orgenics, Ltd","HIV 1/2, Determine Complete HIV Kit, 100 Tests","HIV 1/2, Determine Complete HIV Kit",Determine,no_dosage,Test kit,100,97,7760.0,80.0,0.8,"Alere Medical Co., Ltd.",False,394.0,2346.5699999999997,9.13
5550,64438,108-VN-T30,FPQ-13976,SCMS-236090,ASN-28220,Vietnam,PMO - US,Direct Drop,FCA,Air,2014-04-08,2014-04-30,2014-10-29,2014-10-29,2014-11-04,ARV,Adult,ABBVIE LOGISTICS (FORMERLY ABBOTT LOGISTICS BV),"Lopinavir/Ritonavir 200/50mg [Aluvia], tablets, 120 Tabs",Lopinavir/Ritonavir,Aluvia,200/50mg,Tablet,120,7000,425740.0,60.82,0.51,ABBVIE Ludwigshafen Germany,True,1714.0,4881.42,437.66
5551,64452,106-HT-T30,FPQ-11287,SCMS-176390,ASN-20894,Haiti,PMO - US,Direct Drop,EXW,Air,2013-01-16,2013-02-05,2013-08-20,2013-08-20,2013-08-20,ARV,Adult,HETERO LABS LIMITED,"Lamivudine/Stavudine 150/30mg, tablets, 60 Tabs",Lamivudine/Stavudine,Generic,150/30mg,Tablet - FDC,60,384,956.16,2.49,0.04,Hetero Unit III Hyderabad IN,True,30.0,1180.73,1.18
5552,64493,102-KE-T30,FPQ-6114,SCMS-80820,ASN-8588,Kenya,PMO - US,Direct Drop,EXW,Air,2010-07-23,2010-08-27,2010-11-12,2010-11-12,2010-11-12,HRDT,HIV test,"Orgenics, Ltd","HIV 1/2, Determine Complete HIV Kit, 100 Tests","HIV 1/2, Determine Complete HIV Kit",Determine,no_dosage,Test kit,100,7243,644627.0,89.0,0.89,Inverness Japan,True,1247.0,13765.81,1389.82
5553,64506,111-MZ-T30,FPQ-3999,SCMS-50180,ASN-4929,Mozambique,PMO - US,Direct Drop,EXW,Air,2009-07-15,2009-07-25,2009-09-29,2009-09-29,2009-09-29,HRDT,HIV test,"Trinity Biotech, Plc","HIV 1/2, Uni-Gold HIV Kit, 20 Tests","HIV 1/2, Uni-Gold HIV Kit",Uni-Gold,no_dosage,Test kit,20,4200,134400.0,32.0,1.6,"Trinity Biotech, Plc",True,1462.0,23097.81,263.42
5554,64545,133-NG-T30,FPQ-7193,SCMS-103110,ASN-11267,Nigeria,PMO - US,Direct Drop,EXW,Air,2011-02-16,2011-03-30,2011-07-07,2011-07-12,2011-07-12,HRDT,HIV test,"Orgenics, Ltd","HIV 1/2, Determine Complete HIV Kit, 100 Tests","HIV 1/2, Determine Complete HIV Kit",Determine,no_dosage,Test kit,100,2128,189392.0,89.0,0.89,Inverness Japan,True,1022.0,23826.25,312.5
5555,64553,107-RW-T30,FPQ-12791,SCMS-205920,ASN-22849,Rwanda,PMO - US,Direct Drop,EXW,Air,2013-08-09,2013-09-19,2013-12-13,2013-12-13,2013-12-17,ARV,Adult,Aurobindo Pharma Limited,"Abacavir/Lamivudine 600/300mg, tablets, 30 Tabs",Abacavir/Lamivudine,Generic,600/300mg,Tablet - FDC,30,14000,203000.0,14.5,0.48,"Aurobindo Unit III, India",True,1428.0,9061.84,251.11
5556,64558,114-UG-T30,FPQ-12477,SCMS-198541,ASN-22493,Uganda,PMO - US,Direct Drop,EXW,Air,2013-07-08,2013-09-10,2013-11-16,2013-11-16,2013-11-21,ARV,Adult,CIPLA LIMITED,"Lamivudine/Nevirapine/Zidovudine 150/200/300mg, tablets, 60 Tabs",Lamivudine/Nevirapine/Zidovudine,Generic,150/300/200mg,Tablet - FDC,60,39449,319536.9,8.1,0.13,"Cipla, Goa, India",True,5714.0,20416.03,395.27
5557,64588,104-CI-T30,FPQ-4381,SCMS-57600,ASN-6504,Côte d'Ivoire,PMO - US,Direct Drop,FCA,Air,2009-11-05,2009-11-23,2010-04-07,2010-04-07,2010-04-07,ARV,Adult,ABBVIE LOGISTICS (FORMERLY ABBOTT LOGISTICS BV),"Ritonavir 100mg [Norvir], capsules, cool, 4 x 84 Caps",Ritonavir,Norvir,100mg,Capsule,336,680,26084.8,38.36,0.11,ABBVIE (Abbott) Logis. UK,True,1299.0,9689.81,51.13
5558,64589,114-UG-T30,FPQ-11141,SCMS-176730,ASN-19001,Uganda,PMO - US,Direct Drop,EXW,Air,2012-12-13,2013-02-07,2013-05-08,2013-05-08,2013-05-08,ARV,Pediatric,MICRO LABS LIMITED,"Efavirenz 50mg, capsule, 30 Caps",Efavirenz,Generic,50mg,Capsule,30,252,504.0,2.0,0.07,"Micro labs, Verna, Goa, India",True,9.0,1026.15,0.62
5559,64594,106-HT-T30,FPQ-14895,SCMS-261140,ASN-31141,Haiti,PMO - US,Direct Drop,FCA,Air,2014-09-24,2014-11-14,2015-04-24,2015-04-24,2015-04-24,ARV,Pediatric,ABBVIE LOGISTICS (FORMERLY ABBOTT LOGISTICS BV),"Lopinavir/Ritonavir 80/20mg/ml [Kaletra], oral solution, cool, Bottle 5 x 60 ml",Lopinavir/Ritonavir,Kaletra,80/20mg/ml,Oral solution,300,610,18800.2,30.82,0.1,ABBVIE (Abbott) Logis. UK,True,708.0,3428.37,19.33
5560,64603,101-CD-T30,FPQ-14100,SCMS-239710,ASN-26736,"Congo, DRC",PMO - US,Direct Drop,EXW,Air,2014-04-23,2014-05-20,2014-08-11,2014-08-11,2014-08-27,HRDT,HIV test,"Orgenics, Ltd","HIV 1/2, Determine Complete HIV Kit, 100 Tests","HIV 1/2, Determine Complete HIV Kit",Determine,no_dosage,Test kit,100,3125,250000.0,80.0,0.8,"Alere Medical Co., Ltd.",True,1581.0,40965.77,257.0
5561,64615,114-UG-T30,FPQ-13600,SCMS-225720,ASN-27379,Uganda,PMO - US,Direct Drop,FCA,Air,2014-01-28,2014-02-04,2014-08-26,2014-08-26,2014-08-26,ARV,Adult,ABBVIE LOGISTICS (FORMERLY ABBOTT LOGISTICS BV),"Ritonavir 100mg [Norvir], film coated tablets, 60 Tabs",Ritonavir,Norvir,100mg,Tablet,60,579,3966.15,6.85,0.11,ABBVIE Ludwigshafen Germany,True,103.0,1393.29,4.08
5562,64617,116-ZA-T30,FPQ-14942,SCMS-259078,ASN-33470,South Africa,PMO - US,Direct Drop,DDP,Truck,2014-09-11,2014-10-09,2015-07-24,2015-07-24,2015-07-24,ARV,Pediatric,PHARMACY DIRECT,"Abacavir 20mg/ml, oral solution, Bottle, 240 ml",Abacavir,Generic,20mg/ml,Oral solution,240,25,474.97,19.0,0.08,"Aurobindo Unit III, India",False,3.0,0.0,0.49
5563,64635,106-HT-T30,FPQ-11443,SCMS-180970,ASN-20026,Haiti,PMO - US,Direct Drop,EXW,Ocean,2013-02-07,2013-03-26,2013-09-02,2013-09-02,2013-09-02,ARV,Adult,HETERO LABS LIMITED,"Lamivudine/Tenofovir Disoproxil Fumarate 300/300mg, tablets, 30 Tabs",Lamivudine/Tenofovir Disoproxil Fumarate,Generic,300/300mg,Tablet - FDC,30,19152,88482.24,4.62,0.15,Hetero Unit III Hyderabad IN,True,8351.0,6806.86,109.45
5564,64660,105-GY-T30,FPQ-12057,SCMS-189030,ASN-20003,Guyana,PMO - US,Direct Drop,EXW,Air,2013-04-15,2013-05-23,2013-07-01,2013-07-01,2013-07-01,ARV,Pediatric,Aurobindo Pharma Limited,"Efavirenz 50mg, capsule, 30 Caps",Efavirenz,Generic,50mg,Capsule,30,69,154.56,2.24,0.07,"Aurobindo Unit III, India",False,77.0,1924.4650000000001,0.19
5565,64664,116-ZA-T30,FPQ-7176,SCMS-104400,ASN-11806,South Africa,PMO - US,Direct Drop,DDP,Ocean,2011-03-10,2011-04-01,2011-10-05,2011-10-05,2011-10-05,ARV,Adult,Aurobindo Pharma Limited,"Abacavir 300mg, tablets, 60 Tabs",Abacavir,Generic,300mg,Tablet,60,120,1791.6,14.93,0.25,"Aurobindo Unit III, India",True,12.0,160.52,2.96
5566,64667,105-SS-T30,FPQ-15569,SCMS-272160,ASN-31338,South Sudan,PMO - US,Direct Drop,EXW,Air,2014-12-29,2015-02-20,2015-06-03,2015-06-03,2015-06-05,HRDT,HIV test - Ancillary,"Orgenics, Ltd","Capillary Tubes, for Determine, EDTA, 50uL,100 Pcs","HIV, Capillary Tubes, for Determine, EDTA, 50uL,100 Pcs",Determine,no_dosage,Test kit - Ancillary,100,100,800.0,8.0,0.08,"Alere Medical Co., Ltd.",False,34.0,2575.925,0.94
5567,64685,105-GY-T30,FPQ-12235,SCMS-190750,ASN-20442,Guyana,PMO - US,Direct Drop,EXW,Air,2013-05-06,2013-05-21,2013-07-17,2013-07-17,2013-07-17,HRDT,HIV test,"CHEMBIO DIAGNOSTIC SYSTEMS, INC.","HIV 1/2, Stat-Pak HIV, Kit, 20 Tests","HIV 1/2, Stat-Pak HIV, Kit",Stat-Pak,no_dosage,Test kit,20,25,725.0,29.0,1.45,Chembio Diagnostics Sys. Inc.,True,7.0,130.0,0.9
5568,64709,106-HT-T30,FPQ-7649,SCMS-108910,ASN-13616,Haiti,PMO - US,Direct Drop,CIP,Air,2011-04-27,2011-05-30,2012-02-13,2012-02-13,2012-02-13,ARV,Adult,MERCK SHARP & DOHME IDEA GMBH (FORMALLY MERCK SHARP & DOHME B.V.),"Indinavir 400mg [Crixivan], capsules, 180 Caps",Indinavir,Crixivan,400mg,Capsule,180,28,1400.0,50.0,0.28,"MSD, Haarlem, NL",True,7.0,290.0,2.31
5569,64724,114-UG-T30,FPQ-14254,SCMS-239760,ASN-27175,Uganda,PMO - US,Direct Drop,EXW,Air,2014-05-12,2014-05-20,2014-07-30,2014-07-30,2014-08-07,HRDT,HIV test,"CHEMBIO DIAGNOSTIC SYSTEMS, INC.","HIV 1/2, Stat-Pak HIV, Kit, 20 Tests","HIV 1/2, Stat-Pak HIV, Kit",Stat-Pak,no_dosage,Test kit,20,2388,74028.0,31.0,1.55,Chembio Diagnostics Sys. Inc.,True,740.0,5718.39,76.1
5570,64757,106-HT-T30,FPQ-12590,SCMS-210510,ASN-24412,Haiti,PMO - US,Direct Drop,EXW,Ocean,2013-08-21,2013-10-25,2014-05-09,2014-05-09,2014-05-12,ARV,Adult,HETERO LABS LIMITED,"Efavirenz/Lamivudine/Tenofovir Disoproxil Fumarate 600/300/300mg, tablets, 30 Tabs",Efavirenz/Lamivudine/Tenofovir Disoproxil Fumarate,Generic,600/300/300mg,Tablet - FDC,30,39600,415800.0,10.5,0.35,Hetero Unit III Hyderabad IN,True,5986.0,2549.52,514.34
5571,64824,151-NG-T30,FPQ-14780,SCMS-254180,ASN-32118,Nigeria,PMO - US,Direct Drop,EXW,Air,2014-08-13,2014-08-29,2015-06-02,2015-06-02,2015-06-04,ARV,Adult,EMCURE PHARMACEUTICALS LTD,"Atazanavir/Ritonavir 300/100mg, tablets, 30 Tabs",Atazanavir/Ritonavir,Generic,300/100mg,Tablet,30,10717,192906.0,18.0,0.6,"Emcure Plot No.P-2, I.T-B.T. Park, Phase II, MIDC, Hinjwadi, Pune, India",True,1400.0,11732.9,198.31
5572,64832,101-CD-T30,FPQ-14100,SCMS-239710,ASN-26736,"Congo, DRC",PMO - US,Direct Drop,EXW,Air,2014-04-23,2014-05-20,2014-08-11,2014-08-11,2014-08-27,HRDT,HIV test - Ancillary,"Orgenics, Ltd","Chase Buffer, Determine, 100 Tests, 2.5ml x 1 Vial","Chase Buffer, Determine, 100 Tests, 2.5ml x 1 Vial",Determine,no_dosage,Test kit - Ancillary,1,3438,17190.0,5.0,5.0,"Alere Medical Co., Ltd.",False,394.0,2346.5699999999997,17.67
5573,64850,161-ZA-T30,FPQ-5303,SCMS-68760,ASN-7110,South Africa,PMO - US,Direct Drop,DDP,Air,2010-03-18,2010-03-19,2010-07-27,2010-07-27,2010-07-27,ARV,Adult,STRIDES ARCOLAB LIMITED,"Nevirapine 200mg, tablets, 60 Tabs",Nevirapine,Generic,200mg,Tablet,60,85111,246821.9,2.9,0.05,"Strides, Bangalore, India.",True,5437.0,9205.05,532.15
5574,64864,117-ET-T30,FPQ-15928,SCMS-280480,ASN-31720,Ethiopia,PMO - US,Direct Drop,EXW,Air,2015-03-10,2015-03-17,2015-04-27,2015-04-27,2015-04-27,HRDT,HIV test,"CHEMBIO DIAGNOSTIC SYSTEMS, INC.","HIV 1/2, Stat-Pak HIV, Kit, 20 Tests","HIV 1/2, Stat-Pak HIV, Kit",Stat-Pak,no_dosage,Test kit,20,360,11700.0,32.5,1.62,Chembio Diagnostics Sys. Inc.,True,112.0,1414.69,13.77
5575,64903,116-ZA-T30,FPQ-14942,SCMS-259078,ASN-33472,South Africa,PMO - US,Direct Drop,DDP,Truck,2014-09-11,2014-10-09,2015-07-24,2015-07-24,2015-07-24,ARV,Adult,PHARMACY DIRECT,"Saquinavir 200mg [Invirase], capsules, 270 Caps",Saquinavir,Invirase,200mg,Capsule,270,27,1611.22,59.67,0.22,Roche Madrid,False,5.0,0.0,1.66
5576,64904,133-NG-T30,FPQ-10765,SCMS-162440,ASN-17528,Nigeria,PMO - US,Direct Drop,EXW,Air,2012-10-05,2012-10-16,2013-01-09,2013-01-09,2013-01-09,HRDT,HIV test,"Orgenics, Ltd","HIV 1/2, Determine Complete HIV Kit, 100 Tests","HIV 1/2, Determine Complete HIV Kit",Determine,no_dosage,Test kit,100,2744,244216.0,89.0,0.89,"Alere Medical Co., Ltd.",True,1186.0,24927.19,342.39
5577,64913,101-CD-T30,FPQ-14100,SCMS-239410,ASN-26738,"Congo, DRC",PMO - US,Direct Drop,EXW,Air,2014-04-23,2014-05-20,2014-09-05,2014-09-05,2014-09-16,HRDT,HIV test,"Trinity Biotech, Plc","HIV 1/2, Uni-Gold HIV Kit, 20 Tests","HIV 1/2, Uni-Gold HIV Kit",Uni-Gold,no_dosage,Test kit,20,32,1024.0,32.0,1.6,"Trinity Biotech, Plc",False,54.0,2346.5699999999997,1.05
5578,64936,108-VN-T30,FPQ-12051,SCMS-188571,ASN-21549,Vietnam,PMO - US,Direct Drop,FCA,Air,2013-05-03,2013-08-19,2013-10-03,2013-10-03,2013-10-04,ARV,Adult,ABBVIE LOGISTICS (FORMERLY ABBOTT LOGISTICS BV),"Lopinavir/Ritonavir 200/50mg [Aluvia], tablets, 120 Tabs",Lopinavir/Ritonavir,Aluvia,200/50mg,Tablet,120,3434,208855.88,60.82,0.51,ABBVIE Ludwigshafen Germany,True,826.0,3315.82,258.35
5579,64946,105-GH-T30,FPQ-14667,SCMS-254770,ASN-30498,Ghana,PMO - US,Direct Drop,EXW,Air,2014-08-11,2014-09-25,2015-04-10,2015-04-10,2015-04-13,ARV,Pediatric,MYLAN LABORATORIES LTD (FORMERLY MATRIX LABORATORIES),"Abacavir/Lamivudine 60/30mg, tablets, 60 Tabs",Abacavir/Lamivudine,Generic,60/30mg,Tablet - FDC,60,9073,35838.35,3.95,0.07,Mylan (formerly Matrix) Nashik,True,437.0,4659.75,36.84
5580,64989,105-SS-T30,FPQ-11538,SCMS-176921,ASN-19273,South Sudan,PMO - US,Direct Drop,EXW,Air,2013-01-24,2013-02-22,2013-06-29,2013-06-29,2013-06-29,HRDT,HIV test,"Trinity Biotech, Plc","HIV 1/2, Uni-Gold HIV Kit, 20 Tests","HIV 1/2, Uni-Gold HIV Kit",Uni-Gold,no_dosage,Test kit,20,125,4000.0,32.0,1.6,"Trinity Biotech, Plc",True,40.0,1412.9,4.95
5581,64995,133-NG-T30,FPQ-12812,SCMS-210350,ASN-22879,Nigeria,PMO - US,Direct Drop,EXW,Air,2013-08-13,2013-11-01,2013-12-23,2013-12-10,2013-12-16,HRDT,HIV test,"Orgenics, Ltd","HIV 1/2, Determine Complete HIV Kit, 100 Tests","HIV 1/2, Determine Complete HIV Kit",Determine,no_dosage,Test kit,100,9330,830370.0,89.0,0.89,"Alere Medical Co., Ltd.",True,3787.0,61637.1,1027.17
5582,65241,102-MW-T30,FPQ-12745,SCMS-203130,ASN-22041,Malawi,PMO - US,Direct Drop,EXW,Air,2013-08-01,2013-09-04,2013-10-15,2013-10-15,2013-10-21,HRDT,HIV test,"Trinity Biotech, Plc","HIV 1/2, Uni-Gold HIV Kit, 20 Tests","HIV 1/2, Uni-Gold HIV Kit",Uni-Gold,no_dosage,Test kit,20,15,480.0,32.0,1.6,"Trinity Biotech, Plc",True,5.0,572.55,0.59
5583,65002,106-HT-T30,FPQ-12590,SCMS-210530,ASN-22712,Haiti,PMO - US,Direct Drop,EXW,Air,2013-08-21,2013-10-25,2014-01-24,2014-01-24,2014-01-29,ARV,Adult,MYLAN LABORATORIES LTD (FORMERLY MATRIX LABORATORIES),"Atazanavir/Ritonavir 300/100mg, tablets, 30 Tabs",Atazanavir/Ritonavir,Generic,300/100mg,Tablet,30,3905,78100.0,20.0,0.67,Mylan (formerly Matrix) Nashik,False,668.5,2946.7200000000003,96.61
5584,65005,107-RW-T30,FPQ-8365,SCMS-126460,ASN-13559,Rwanda,PMO - US,Direct Drop,FCA,Air,2011-10-26,2011-11-11,2012-02-02,2012-02-02,2012-02-02,ARV,Pediatric,ABBVIE LOGISTICS (FORMERLY ABBOTT LOGISTICS BV),"Lopinavir/Ritonavir 100/25mg [Aluvia], tablets, 60 Tabs",Lopinavir/Ritonavir,Generic,100/25mg,Tablet,60,1305,10061.55,7.71,0.13,ABBVIE Ludwigshafen Germany,True,150.0,2682.48,16.6
5585,65033,108-VN-T30,FPQ-16194,SCMS-285490,ASN-33146,Vietnam,PMO - US,Direct Drop,EXW,Air,2015-04-14,2015-05-13,2015-09-07,2015-09-07,2015-09-07,ARV,Adult,HETERO LABS LIMITED,"Nevirapine 200mg, tablets, 60 Tabs",Nevirapine,Generic,200mg,Tablet,60,3000,6480.0,2.16,0.04,Hetero Unit III Hyderabad IN,False,342.0,4400.805,7.63
5586,65037,116-ZA-T30,FPQ-5535,SCMS-71370,ASN-7373,South Africa,PMO - US,Direct Drop,DDP,Truck,2010-04-19,2010-04-21,2010-05-31,2010-05-31,2010-05-31,ARV,Pediatric,S. BUYS WHOLESALER,"Zidovudine 100mg [Retrovir], capsules, 100 Caps",Zidovudine,Retrovir,100mg,Capsule,100,40,544.11,13.6,0.14,GSK Crawley,False,56.5,0.0,1.17
5587,65049,106-HT-T30,FPQ-4406,SCMS-57200,ASN-6418,Haiti,PMO - US,Direct Drop,EXW,Air,2009-10-23,2009-11-19,2010-04-08,2010-04-08,2010-04-08,ARV,Adult,Aurobindo Pharma Limited,"Lopinavir/Ritonavir 200/50mg, tablets, 120 Tabs",Lopinavir/Ritonavir,Generic,200/50mg,Tablet,120,740,27750.0,37.5,0.31,"Aurobindo Unit III, India",True,183.0,2418.62,59.83
5588,65050,133-NG-T30,FPQ-12456,SCMS-196561,ASN-22349,Nigeria,PMO - US,Direct Drop,EXW,Air,2013-06-10,2013-07-10,2013-11-07,2013-11-11,2013-11-17,HRDT,HIV test,"Orgenics, Ltd","HIV 1/2, Determine Complete HIV Kit, 100 Tests","HIV 1/2, Determine Complete HIV Kit",Determine,no_dosage,Test kit,100,3076,273764.0,89.0,0.89,"Alere Medical Co., Ltd.",True,1249.0,20705.23,338.65
5589,65081,108-VN-T30,FPQ-13976,SCMS-236120,ASN-27811,Vietnam,PMO - US,Direct Drop,EXW,Air,2014-04-08,2014-04-30,2014-09-16,2014-09-23,2014-11-04,ARV,Adult,HETERO LABS LIMITED,"Efavirenz/Lamivudine/Tenofovir Disoproxil Fumarate 600/300/300mg, tablets, 30 Tabs",Efavirenz/Lamivudine/Tenofovir Disoproxil Fumarate,Generic,600/300/300mg,Tablet - FDC,30,14016,147168.0,10.5,0.35,Hetero Unit III Hyderabad IN,True,1955.0,6194.69,151.29
5590,65091,103-ZW-T30,FPQ-15220,SCMS-261580,ASN-31449,Zimbabwe,PMO - US,Direct Drop,FCA,Air,2014-10-27,2014-10-30,2015-04-22,2015-04-22,2015-04-23,ARV,Pediatric,ABBVIE LOGISTICS (FORMERLY ABBOTT LOGISTICS BV),"Lopinavir/Ritonavir 100/25mg [Aluvia], tablets, 60 Tabs",Lopinavir/Ritonavir,Generic,100/25mg,Tablet,60,14322,85072.68,5.94,0.1,ABBVIE Ludwigshafen Germany,False,668.5,12894.85,100.13
5591,65095,127-KE-T30,FPQ-7684,SCMS-109240,ASN-11321,Kenya,PMO - US,Direct Drop,EXW,Air,2011-05-05,2011-05-18,2011-08-18,2011-08-18,2011-08-18,HRDT,HIV test,"Trinity Biotech, Plc","HIV 1/2, Uni-Gold HIV Kit, 20 Tests","HIV 1/2, Uni-Gold HIV Kit",Uni-Gold,no_dosage,Test kit,20,385,12320.0,32.0,1.6,"Trinity Biotech, Plc",True,129.0,2039.73,20.33
5592,65111,105-GY-T30,FPQ-13072,SCMS-211570,ASN-22978,Guyana,PMO - US,Direct Drop,FCA,Air,2013-10-11,2013-10-30,2014-03-03,2014-03-03,2014-03-07,ARV,Pediatric,ABBVIE LOGISTICS (FORMERLY ABBOTT LOGISTICS BV),"Lopinavir/Ritonavir 80/20mg/ml [Kaletra], oral solution, cool, Bottle 5 x 60 ml",Lopinavir/Ritonavir,Kaletra,80/20mg/ml,Oral solution,300,23,1398.86,60.82,0.2,ABBVIE (Abbott) Logis. UK,True,53.0,926.13,1.44
5593,65120,105-GY-T30,FPQ-12235,SCMS-190770,ASN-20330,Guyana,PMO - US,Direct Drop,EXW,Air,2013-05-06,2013-06-04,2013-07-29,2013-07-29,2013-07-29,HRDT,HIV test,"Orgenics, Ltd","HIV 1/2, Determine Complete HIV Kit, 100 Tests","HIV 1/2, Determine Complete HIV Kit",Determine,no_dosage,Test kit,100,655,65500.0,100.0,1.0,"Alere Medical Co., Ltd.",True,2.0,5110.28,81.02
5594,65132,144-BW-T30,FPQ-4207,SCMS-41840,ASN-6012,Botswana,PMO - US,Direct Drop,EXW,Air,2009-03-10,2009-03-25,2010-03-01,2010-03-01,2010-03-01,HRDT,HIV test,Orasure Technologies Inc.,"HIV 1/2, OraQuick Advance HIV Rapid Antibody Kit, 100 Tests","HIV 1/2, OraQuick Advance HIV Rapid Antibody Kit",OraQuick,no_dosage,Test kit,100,20,7000.0,350.0,3.5,"Pacific Biotech, Thailand",True,48.0,1681.44,13.72
5595,65156,101-CD-T30,FPQ-14654,SCMS-253260,ASN-28279,"Congo, DRC",PMO - US,Direct Drop,EXW,Air,2014-08-11,2014-08-27,2014-11-04,2014-11-04,2014-11-20,HRDT,HIV test,"Trinity Biotech, Plc","HIV 1/2, Uni-Gold HIV Kit, 20 Tests","HIV 1/2, Uni-Gold HIV Kit",Uni-Gold,no_dosage,Test kit,20,73,2336.0,32.0,1.6,"Trinity Biotech, Plc",False,394.0,2346.5699999999997,2.4
5596,65165,161-ZA-T30,FPQ-7175,SCMS-103810,ASN-12626,South Africa,PMO - US,Direct Drop,DDP,Ocean,2011-03-10,2011-03-28,2011-12-07,2011-12-06,2011-12-06,ARV,Pediatric,CIPLA LIMITED,"Lamivudine 10mg/ml, oral solution, Bottle, 240 ml",Lamivudine,Generic,10mg/ml,Oral solution,240,40040,82482.4,2.06,0.01,"Cipla, Goa, India",True,668.5,0.0,136.1
5597,65180,105-DO-T30,FPQ-7858,SCMS-117370,ASN-11929,Dominican Republic,PMO - US,Direct Drop,EXW,Air,2011-06-21,2011-08-03,2011-09-12,2011-09-12,2011-09-12,HRDT,HIV test - Ancillary,"Standard Diagnostics, Inc.","HIV 1/2, Bioline 3.0 Diluent, 25 Tests, Bottle x 5 ml","HIV 1/2, Bioline 3.0 Diluent, 25 Tests",Bioline,no_dosage,Test kit - Ancillary,1,164,147.6,0.9,0.9,"Standard Diagnostics, Korea",False,394.0,3026.24,0.24
5598,65186,108-VN-T30,FPQ-10811,SCMS-164580,ASN-18662,Vietnam,PMO - US,Direct Drop,EXW,Air,2012-10-15,2012-11-07,2013-04-03,2013-04-03,2013-04-03,ARV,Adult,HETERO LABS LIMITED,"Lamivudine/Zidovudine 150/300mg, tablets, 60 Tabs",Lamivudine/Zidovudine,Generic,150/300mg,Tablet - FDC,60,11623,81361.0,7.0,0.12,Hetero Unit III Hyderabad IN,False,668.5,4400.805,100.64
5599,65191,109-TZ-T30,FPQ-4157,SCMS-52773,ASN-4977,Tanzania,PMO - US,Direct Drop,EXW,Air,2009-08-27,2009-09-03,2009-11-17,2009-11-17,2009-11-17,HRDT,HIV test,"Trinity Biotech, Plc","HIV 1/2, Uni-Gold HIV Kit, 20 Tests","HIV 1/2, Uni-Gold HIV Kit",Uni-Gold,no_dosage,Test kit,20,670,21440.0,32.0,1.6,"Trinity Biotech, Plc",True,234.0,3163.87,42.02
5600,65219,113-ZW-T30,FPQ-8447,SCMS-122760,ASN-12885,Zimbabwe,PMO - US,Direct Drop,EXW,Air,2011-09-16,2011-09-21,2011-12-22,2011-12-22,2011-12-22,HRDT,HIV test,"Orgenics, Ltd","HIV 1/2, Determine Complete HIV Kit, 100 Tests","HIV 1/2, Determine Complete HIV Kit",Determine,no_dosage,Test kit,100,1800,144000.0,80.0,0.8,"Alere Medical Co., Ltd.",True,885.0,17806.34,237.6
5601,65235,107-RW-T30,FPQ-7908,SCMS-115790,ASN-11823,Rwanda,PMO - US,Direct Drop,EXW,Air,2011-06-28,2011-07-20,2011-09-04,2011-09-04,2011-09-04,HRDT,HIV test,"Orgenics, Ltd","HIV 1/2, Determine HIV Kit, without Lancets, 100 Tests","HIV 1/2, Determine HIV Kit, without Lancets",Determine,no_dosage,Test kit,100,7500,582750.0,77.7,0.78,Inverness Japan,True,1703.0,25501.1,961.54
5602,65238,117-ET-T30,FPQ-14357,SCMS-244860,ASN-27173,Ethiopia,PMO - US,Direct Drop,EXW,Air,2014-06-03,2014-06-23,2014-07-29,2014-07-29,2014-08-06,HRDT,HIV test,"SHANGHAI KEHUA BIOENGINEERING CO.,LTD.  (KHB)","HIV 1/2, SKB Colloidal Gold, Diagnostic Kit, Antibody, 50 Tests","HIV 1/2, Colloidal Gold, Diagnostic Kit, Antibody",Colloidal Gold,no_dosage,Test kit,1,7527,184411.5,24.5,24.5,"KHB Test Kit Facility, Shanghai China",True,5020.0,78813.53,189.58
5603,65243,106-HT-T30,FPQ-6519,SCMS-91000,ASN-10144,Haiti,PMO - US,Direct Drop,CIP,Air,2010-10-25,2010-11-02,2011-03-30,2011-03-30,2011-03-30,ARV,Adult,BRISTOL-MYERS SQUIBB,"Didanosine EC 400mg [Videx EC], delayed-release capsules, Blister 3 x 10 Caps",Didanosine EC,Videx EC,400mg,Delayed-release capsules - blister,30,240,4401.6,18.34,0.61,Bristol-Myers Squibb Anagni IT,True,12.0,450.0,7.26
5604,65261,133-NG-T30,FPQ-7634,SCMS-108740,ASN-11758,Nigeria,PMO - US,Direct Drop,EXW,Air,2011-04-28,2011-05-23,2011-08-31,2011-08-31,2011-08-31,HRDT,HIV test,"Orgenics, Ltd","HIV 1/2, Determine Complete HIV Kit, 100 Tests","HIV 1/2, Determine Complete HIV Kit",Determine,no_dosage,Test kit,100,2520,224280.0,89.0,0.89,Inverness Japan,True,1201.0,28669.23,370.06
5605,65263,108-VN-T30,FPQ-15040,SCMS-263660,ASN-30941,Vietnam,PMO - US,Direct Drop,EXW,Air,2014-10-30,2014-12-08,2015-03-31,2015-03-31,2015-04-01,ARV,Adult,HETERO LABS LIMITED,"Tenofovir Disoproxil Fumarate 300mg, tablets, 30 Tabs",Tenofovir Disoproxil Fumarate,Generic,300mg,Tablet,30,8000,28400.0,3.55,0.12,Hetero Unit III Hyderabad IN,False,1023.0,4400.805,29.2
5606,65274,901-CM-T30,FPQ-12837,SCMS-204300,ASN-21710,Cameroon,PMO - US,Direct Drop,EXW,Air,2013-08-19,2013-08-23,2013-10-18,2013-10-18,2013-10-18,ARV,Adult,Aurobindo Pharma Limited,"Lamivudine/Nevirapine/Zidovudine 150/200/300mg, tablets, 60 Tabs",Lamivudine/Nevirapine/Zidovudine,Generic,150/300/200mg,Tablet - FDC,60,32190,261704.7,8.13,0.14,"Aurobindo Unit III, India",True,4093.0,34441.93,323.73
5607,65280,116-ZA-T30,FPQ-12522,SCMS-199289,ASN-28036,South Africa,PMO - US,Direct Drop,DDP,Truck,2013-07-11,2014-08-29,2014-08-29,2014-08-29,2014-08-29,ARV,Adult,S. BUYS WHOLESALER,"Lamivudine 150mg, tablets, 60 Tabs",Lamivudine,Generic,150mg,Tablet,60,783,7639.77,9.76,0.16,Hetero Unit III Hyderabad IN,False,668.5,0.0,9.45
5608,65291,117-ET-T30,FPQ-9098,SCMS-133530,ASN-15834,Ethiopia,PMO - US,Direct Drop,EXW,Air,2012-01-10,2012-01-23,2012-08-28,2012-08-28,2012-08-28,HRDT,HIV test,"Trinity Biotech, Plc","HIV 1/2, Uni-Gold HIV Kit, 20 Tests","HIV 1/2, Uni-Gold HIV Kit",Uni-Gold,no_dosage,Test kit,20,167,5344.0,32.0,1.6,"Trinity Biotech, Plc",True,60.0,911.32,7.49
5609,65308,133-NG-T30,FPQ-4891,SCMS-64780,ASN-6620,Nigeria,PMO - US,Direct Drop,EXW,Air,2010-01-15,2010-02-05,2010-05-05,2010-05-15,2010-05-15,HRDT,HIV test,"Orgenics, Ltd","HIV 1/2, Determine Complete HIV Kit, 100 Tests","HIV 1/2, Determine Complete HIV Kit",Determine,no_dosage,Test kit,100,1750,140000.0,80.0,0.8,Inverness Japan,True,842.0,14829.77,301.84
5610,65314,116-ZA-T30,FPQ-12522,SCMS-199287,ASN-27749,South Africa,PMO - US,Direct Drop,DDP,Truck,2013-07-11,2014-08-13,2014-08-13,2014-08-13,2014-08-13,ARV,Pediatric,S. BUYS WHOLESALER,"Lopinavir/Ritonavir 80/20mg/ml [Kaletra], oral solution, cool, Bottle 5 x 60 ml",Lopinavir/Ritonavir,Kaletra,80/20mg/ml,Oral solution,300,2,46.9,23.45,0.08,ABBVIE (Abbott) Logis. UK,True,1.0,0.0,0.06
5611,65323,109-TZ-T30,FPQ-12540,SCMS-198771,ASN-22833,Tanzania,PMO - US,Direct Drop,EXW,Air,2013-07-03,2013-08-27,2013-12-27,2013-12-27,2013-12-27,ARV,Adult,CIPLA LIMITED,"Lamivudine/Nevirapine/Zidovudine 150/200/300mg, tablets, 60 Tabs",Lamivudine/Nevirapine/Zidovudine,Generic,150/300/200mg,Tablet - FDC,60,53239,431235.9,8.1,0.13,"Cipla, Goa, India",True,7696.0,33442.63,533.44
5612,65331,106-HT-T30,FPQ-11285,SCMS-176220,ASN-18344,Haiti,PMO - US,Direct Drop,EXW,Air,2013-01-16,2013-02-05,2013-03-11,2013-03-11,2013-03-11,ARV,Adult,Aurobindo Pharma Limited,"Didanosine 400mg, delayed-release capsules, 30 Caps",Didanosine,Generic,400mg,Delayed-release capsules,30,240,4800.0,20.0,0.67,"Aurobindo Unit III, India",True,19.0,971.7,5.94
5613,65349,161-ZA-T30,FPQ-7175,SCMS-103680,ASN-12948,South Africa,PMO - US,Direct Drop,DDP,Ocean,2011-03-10,2011-03-23,2011-12-01,2011-12-01,2011-12-01,ARV,Adult,EMCURE PHARMACEUTICALS LTD,"Efavirenz 600mg, tablets, 30 Tabs",Efavirenz,Generic,600mg,Tablet,30,96224,413763.2,4.3,0.14,"Emcure Plot No.P-2, I.T-B.T. Park, Phase II, MIDC, Hinjwadi, Pune, India",True,7556.0,9582.53,682.71
5614,65359,116-ZA-T30,FPQ-14942,SCMS-259077,ASN-33478,South Africa,PMO - US,Direct Drop,DDP,Truck,2014-09-11,2014-10-09,2015-07-24,2015-07-24,2015-07-24,ARV,Adult,PHARMACY DIRECT,"Raltegravir 400mg [Isentress], tablets, 60 Tabs",Raltegravir,Isentress,400mg,Tablet,60,35,2301.31,65.75,1.1,"MSD, Haarlem, NL",False,668.5,0.0,2.37
5615,65363,117-ET-T30,FPQ-5582,SCMS-72390,ASN-9567,Ethiopia,PMO - US,Direct Drop,EXW,Air,2010-04-28,2010-04-29,2011-02-14,2011-02-14,2011-02-14,ARV,Adult,Aurobindo Pharma Limited,"Didanosine 400mg, delayed-release capsules, 30 Caps",Didanosine,Generic,400mg,Delayed-release capsules,30,750,15000.0,20.0,0.67,"Aurobindo Unit III, India",False,668.5,4672.77,32.34
5616,65370,116-ZA-T30,FPQ-4770,SCMS-60170,ASN-5933,South Africa,PMO - US,Direct Drop,DDP,Truck,2009-12-17,2009-12-23,2009-12-29,2009-12-29,2009-12-29,ARV,Adult,S. BUYS WHOLESALER,"Nevirapine 200mg, tablets, 60 Tabs",Nevirapine,Generic,200mg,Tablet,60,300,6676.17,22.25,0.37,"Cipla, Goa, India",False,42.0,0.0,14.39
5617,65381,103-ZW-T30,FPQ-9905,SCMS-149110,ASN-18803,Zimbabwe,PMO - US,Direct Drop,FCA,Air,2012-05-29,2012-07-18,2013-04-25,2013-04-25,2013-04-25,ARV,Pediatric,ABBVIE LOGISTICS (FORMERLY ABBOTT LOGISTICS BV),"Lopinavir/Ritonavir 80/20mg/ml [Kaletra], oral solution, cool, Bottle 5 x 60 ml",Lopinavir/Ritonavir,Kaletra,80/20mg/ml,Oral solution,300,1500,46230.0,30.82,0.1,ABBVIE (Abbott) Logis. UK,True,1374.0,9299.26,64.81
5618,65408,110-ZM-T30,FPQ-12252,SCMS-189250,ASN-20055,Zambia,PMO - US,Direct Drop,EXW,Air,2013-05-02,2013-05-22,2013-07-24,2013-07-24,2013-07-24,HRDT,HIV test,"Trinity Biotech, Plc","HIV 1/2, Uni-Gold HIV Kit, 20 Tests","HIV 1/2, Uni-Gold HIV Kit",Uni-Gold,no_dosage,Test kit,20,6900,220800.0,32.0,1.6,"Trinity Biotech, Plc",True,2262.0,27038.58,273.13
5619,65436,116-ZA-T30,FPQ-11828,SCMS-183950,ASN-19166,South Africa,South Africa Field Office,Direct Drop,DDP,Truck,2013-03-18,2012-10-16,2013-04-16,2013-04-16,2013-04-16,ARV,Pediatric,S. BUYS WHOLESALER,"Lopinavir/Ritonavir 100/25mg [Aluvia], tablets, 60 Tabs",Lopinavir/Ritonavir,Generic,100/25mg,Tablet,60,45,281.2,6.25,0.1,ABBVIE Ludwigshafen Germany,False,13.0,0.0,0.35
5620,65450,133-NG-T30,FPQ-12456,SCMS-196560,ASN-21221,Nigeria,PMO - US,Direct Drop,EXW,Air,2013-06-10,2013-07-10,2013-09-18,2013-09-18,2013-09-18,HRDT,HIV test,"Orgenics, Ltd","HIV 1/2, Determine Complete HIV Kit, 100 Tests","HIV 1/2, Determine Complete HIV Kit",Determine,no_dosage,Test kit,100,3067,272963.0,89.0,0.89,"Alere Medical Co., Ltd.",True,1228.0,13325.65,337.66
5621,65452,102-BI-T30,FPQ-13443,SCMS-223460,ASN-24711,Burundi,PMO - US,Direct Drop,EXW,Air,2014-01-06,2014-02-03,2014-03-24,2014-03-24,2014-03-24,HRDT,HIV test,"CHEMBIO DIAGNOSTIC SYSTEMS, INC.","HIV 1/2, Stat-Pak Dipstick Assay Kit, 30 Tests","HIV 1/2, Stat-Pak Dipstick Assay Kit",Stat-Pak,no_dosage,Test kit,30,345,9522.0,27.6,0.92,Chembio Diagnostics Sys. Inc.,True,37.0,946.77,9.79
5622,65458,116-ZA-T30,FPQ-12522,SCMS-199289,ASN-28036,South Africa,PMO - US,Direct Drop,DDP,Truck,2013-07-11,2014-08-29,2014-08-29,2014-08-29,2014-08-29,ARV,Pediatric,S. BUYS WHOLESALER,"Abacavir 20mg/ml, oral solution w/syringe, Bottle, 240 ml",Abacavir,Generic,20mg/ml,Oral solution,240,171,4623.54,27.04,0.11,"Aurobindo Unit III, India",False,81.0,0.0,5.72
5623,65478,104-CI-T30,FPQ-13125,SCMS-215030,ASN-24094,Côte d'Ivoire,PMO - US,Direct Drop,EXW,Air,2013-10-25,2013-11-21,2014-02-11,2014-02-11,2014-02-11,HRDT,HIV test,"Standard Diagnostics, Inc.","HIV 1/2, Bioline 3.0 Kit, Lancets, Capillary pipets, Alcohol swabs included, 25 Tests","HIV 1/2, Bioline 3.0 Kit, Lancets, Capillary pipets, Alcohol swabs included",Bioline,no_dosage,Test kit,25,3700,75850.0,20.5,0.82,"Standard Diagnostics, Korea",True,1281.0,13222.33,77.97
5624,65484,108-VN-T30,FPQ-9577,SCMS-145330,ASN-16020,Vietnam,PMO - US,Direct Drop,FCA,Air,2012-04-11,2012-06-15,2012-10-27,2012-10-27,2012-10-27,ARV,Adult,ABBVIE LOGISTICS (FORMERLY ABBOTT LOGISTICS BV),"Ritonavir 100mg [Norvir], film coated tablets, 30 Tabs",Ritonavir,Norvir,100mg,Tablet,30,326,7582.76,23.26,0.78,ABBVIE Ludwigshafen Germany,True,34.0,404.78,10.63
5625,65487,161-ZA-T30,FPQ-7400,SCMS-104190,ASN-12821,South Africa,PMO - US,Direct Drop,DDP,Ocean,2011-03-11,2011-03-30,2012-01-09,2012-01-09,2012-01-09,ARV,Pediatric,GLAXOSMITHKLINE EXPORT LIMITED,"Abacavir 20mg/ml [Ziagen], oral solution, Bottle, 240 ml",Abacavir,Ziagen,20mg/ml,Oral solution,240,10000,92800.0,9.28,0.04,GSK Mississauga (Canada),True,3853.0,4228.61,153.12
5626,65545,116-ZA-T30,FPQ-13973,SCMS-238554,ASN-28627,South Africa,PMO - US,Direct Drop,DDP,Truck,2014-04-30,2014-10-03,2014-10-03,2014-10-03,2014-10-03,ARV,Adult,PHARMACY DIRECT,"Tenofovir Disoproxil Fumarate 300mg, tablets, 30 Tabs",Tenofovir Disoproxil Fumarate,Generic,300mg,Tablet,30,43,822.19,19.12,0.64,Mylan (formerly Matrix) Nashik,False,2.0,0.0,0.85
5627,65548,161-ZA-T30,FPQ-7175,SCMS-103510,ASN-12171,South Africa,PMO - US,Direct Drop,DDP,Ocean,2011-03-10,2011-03-24,2011-10-10,2011-10-25,2011-10-25,ARV,Adult,Aurobindo Pharma Limited,"Efavirenz 600mg, tablets, 30 Tabs",Efavirenz,Generic,600mg,Tablet,30,70,315.7,4.51,0.15,"Aurobindo Unit III, India",True,6.0,9951.38,0.52
5628,65555,109-TZ-T30,FPQ-12197,SCMS-189360,ASN-21233,Tanzania,PMO - US,Direct Drop,EXW,Air,2013-04-30,2013-05-29,2013-09-17,2013-09-16,2013-09-16,HRDT,HIV test,"Standard Diagnostics, Inc.","HIV 1/2, Determine Complete HIV Kit, 100 Tests","HIV 1/2, Determine Complete HIV Kit",Determine,no_dosage,Test kit,100,3015,0.0,0.0,0.0,"Alere Medical Co., Ltd.",True,1249.0,20906.77,0.0
5629,65574,106-HT-T30,FPQ-4389,SCMS-58010,ASN-5820,Haiti,PMO - US,Direct Drop,CIP,Air,2009-11-03,2009-11-24,2010-02-24,2010-02-24,2010-02-24,ARV,Pediatric,BRISTOL-MYERS SQUIBB,"Didanosine 2g [Videx], powder for oral solution 10mg/ml, reconstitute to 200 ml",Didanosine,Videx,2g,Powder for oral solution,200,192,2417.28,12.59,0.06,"BMS Meymac, France",False,47.0,0.0,5.21
5630,65579,109-TZ-T30,FPQ-5174,SCMS-66920,ASN-7251,Tanzania,PMO - US,Direct Drop,FCA,Air,2010-03-01,2010-03-12,2010-07-28,2010-07-28,2010-07-28,ARV,Adult,ABBVIE LOGISTICS (FORMERLY ABBOTT LOGISTICS BV),"Lopinavir/Ritonavir 200/50mg [Aluvia], tablets, 120 Tabs",Lopinavir/Ritonavir,Aluvia,200/50mg,Tablet,120,9007,325693.12,36.16,0.3,ABBVIE Ludwigshafen Germany,True,2020.0,9169.63,702.19
5631,65588,108-VN-T30,FPQ-4720,SCMS-62470,ASN-6341,Vietnam,PMO - US,Direct Drop,EXW,Air,2009-01-04,2010-01-12,2010-04-01,2010-04-01,2010-04-01,ARV,Adult,MYLAN LABORATORIES LTD (FORMERLY MATRIX LABORATORIES),"Tenofovir Disoproxil Fumarate 300mg, tablets, 30 Tabs",Tenofovir Disoproxil Fumarate,Generic,300mg,Tablet,30,2856,21420.0,7.5,0.25,Mylan (formerly Matrix) Nashik,False,668.5,4400.805,46.18
5632,65601,144-BW-T30,FPQ-4167,SCMS-54130,ASN-6032,Botswana,PMO - US,Direct Drop,EXW,Air,2009-09-09,2009-09-30,2010-03-01,2010-03-01,2010-03-01,HRDT,HIV test - Ancillary,Orasure Technologies Inc.,"#109435**HIV, OraQuick Controls Kit, 3 Vials","HIV, OraQuick Controls Kit, 3 Vials",OraQuick,no_dosage,Test kit - Ancillary,3,10,250.0,25.0,8.33,"Orasure Technologies, Inc USA",True,6.0,402.42,0.49
5633,65609,111-MZ-T30,FPQ-10606,SCMS-162160,ASN-17088,Mozambique,PMO - US,Direct Drop,EXW,Air,2012-09-12,2012-10-10,2012-12-25,2012-12-25,2012-12-25,HRDT,HIV test - Ancillary,"Orgenics, Ltd","Chase Buffer, Determine, 100 Tests, 2.5ml x 1 Vial","Chase Buffer, Determine, 100 Tests, 2.5ml x 1 Vial",Determine,no_dosage,Test kit - Ancillary,1,81,405.0,5.0,5.0,"Alere Medical Co., Ltd.",False,26.5,3247.5699999999997,0.57
5634,65617,109-TZ-T30,FPQ-5900,SCMS-76980,ASN-7442,Tanzania,PMO - US,Direct Drop,EXW,Air,2010-06-21,2010-06-24,2010-08-07,2010-08-07,2010-08-07,ARV,Adult,Aurobindo Pharma Limited,"Nevirapine 200mg, tablets, 60 Tabs",Nevirapine,Generic,200mg,Tablet,60,28800,74880.0,2.6,0.04,"Aurobindo Unit III, India",True,3396.0,16416.58,161.44
5635,65619,116-ZA-T30,FPQ-4770,SCMS-60190,ASN-5907,South Africa,PMO - US,Direct Drop,DDP,Truck,2009-12-17,2009-12-23,2009-12-29,2009-12-29,2009-12-29,ARV,Pediatric,S. BUYS WHOLESALER,"Lopinavir/Ritonavir 80/20mg/ml [Kaletra], oral solution, cool, Bottle 5 x 60 ml",Lopinavir/Ritonavir,Kaletra,80/20mg/ml,Oral solution,300,60,2433.47,40.56,0.14,ABBVIE (Abbott) Logis. UK,False,108.0,0.0,5.25
5636,65621,117-ET-T30,FPQ-9096,SCMS-133360,ASN-14200,Ethiopia,PMO - US,Direct Drop,EXW,Air,2012-01-05,2012-01-23,2012-03-27,2012-03-27,2012-03-27,HRDT,HIV test,"CHEMBIO DIAGNOSTIC SYSTEMS, INC.","HIV 1/2, Stat-Pak HIV, Kit, 20 Tests","HIV 1/2, Stat-Pak HIV, Kit",Stat-Pak,no_dosage,Test kit,20,44,1276.0,29.0,1.45,Chembio Diagnostics Sys. Inc.,True,15.0,529.4,1.79
5637,65630,116-ZA-T30,FPQ-13973,SCMS-238572,ASN-27958,South Africa,PMO - US,Direct Drop,DDP,Truck,2014-04-30,2014-08-26,2014-08-26,2014-08-26,2014-08-26,ARV,Pediatric,PHARMACY DIRECT,"Lopinavir/Ritonavir 80/20mg/ml [Kaletra], oral solution, cool, Bottle 5 x 60 ml",Lopinavir/Ritonavir,Kaletra,80/20mg/ml,Oral solution,300,4,88.27,22.07,0.07,ABBVIE (Abbott) Logis. UK,True,78.0,0.0,0.09
5638,65640,119-NA-T30,FPQ-3983,SCMS-50140,ASN-4769,Namibia,PMO - US,Direct Drop,EXW,Air,2009-07-17,2009-07-25,2009-08-31,2009-08-31,2009-08-31,HRDT,HIV test,"Trinity Biotech, Plc","HIV 1/2, Uni-Gold HIV Kit, 20 Tests","HIV 1/2, Uni-Gold HIV Kit",Uni-Gold,no_dosage,Test kit,20,750,24000.0,32.0,1.6,"Trinity Biotech, Plc",True,265.0,2906.31,47.04
5639,65675,109-TZ-T30,FPQ-13804,SCMS-231090,ASN-25332,Tanzania,PMO - US,Direct Drop,EXW,Air,2014-02-28,2014-03-07,2014-06-24,2014-06-24,2014-06-24,ARV,Adult,MYLAN LABORATORIES LTD (FORMERLY MATRIX LABORATORIES),"Abacavir 300mg, tablets, 60 Tabs",Abacavir,Generic,300mg,Tablet,60,20000,221800.0,11.09,0.18,Mylan (formerly Matrix) Nashik,True,2069.0,9716.76,228.01
5640,65688,105-GY-T30,FPQ-10249,SCMS-153860,ASN-16350,Guyana,PMO - US,Direct Drop,EXW,Air,2012-07-05,2012-07-26,2012-09-18,2012-09-18,2012-09-18,HRDT,HIV test,"CHEMBIO DIAGNOSTIC SYSTEMS, INC.","HIV 1/2, Stat-Pak HIV, Kit, 20 Tests","HIV 1/2, Stat-Pak HIV, Kit",Stat-Pak,no_dosage,Test kit,20,19,551.0,29.0,1.45,Chembio Diagnostics Sys. Inc.,True,5.0,296.52,0.77
5641,65693,116-ZA-T30,FPQ-13035,SCMS-215370,ASN-24415,South Africa,PMO - US,Direct Drop,DDP,Truck,2013-10-08,2013-12-02,2014-02-06,2014-02-06,2014-02-06,ARV,Adult,S. BUYS WHOLESALER,"Tenofovir Disoproxil Fumarate 300mg, tablets, 30 Tabs",Tenofovir Disoproxil Fumarate,Generic,300mg,Tablet,30,2906,54302.12,18.69,0.62,Hetero Unit III Hyderabad IN,False,668.5,0.0,67.17
5642,65699,104-CI-T30,FPQ-8302,SCMS-124780,ASN-13202,Côte d'Ivoire,PMO - US,Direct Drop,FCA,Air,2011-08-29,2011-11-18,2011-12-22,2011-12-22,2011-12-22,ARV,Adult,ABBVIE LOGISTICS (FORMERLY ABBOTT LOGISTICS BV),"Lopinavir/Ritonavir 200/50mg [Aluvia], tablets, 120 Tabs",Lopinavir/Ritonavir,Aluvia,200/50mg,Tablet,120,28000,862960.0,30.82,0.26,ABBVIE Ludwigshafen Germany,True,7025.0,46002.44,1423.88
5643,65709,900-UG-T30,FPQ-10089,SCMS-149411,ASN-15514,Uganda,PMO - US,Direct Drop,EXW,Air,2012-06-07,2012-06-12,2012-07-27,2012-07-27,2012-07-27,ARV,Adult,HETERO LABS LIMITED,"Lamivudine/Tenofovir Disoproxil Fumarate 300/300mg, tablets, 30 Tabs",Lamivudine/Tenofovir Disoproxil Fumarate,Generic,300/300mg,Tablet - FDC,30,100440,481107.6,4.79,0.16,Hetero Unit III Hyderabad IN,False,668.5,2485.92,674.51
5644,65716,106-HT-T30,FPQ-8537,SCMS-126310,ASN-13152,Haiti,PMO - US,Direct Drop,EXW,Air,2011-10-19,2011-11-01,2011-12-22,2011-12-22,2011-12-22,ARV,Adult,MYLAN LABORATORIES LTD (FORMERLY MATRIX LABORATORIES),"Efavirenz/Lamivudine/Tenofovir Disoproxil Fumarate 600/300/300mg, tablets, 30 Tabs",Efavirenz/Lamivudine/Tenofovir Disoproxil Fumarate,Generic,600/300/300mg,Tablet - FDC,30,5500,77550.0,14.1,0.47,Mylan (formerly Matrix) Nashik,True,647.0,4877.34,108.73
5645,65717,161-ZA-T30,FPQ-7175,SCMS-103830,ASN-13290,South Africa,PMO - US,Direct Drop,DDP,Ocean,2011-03-10,2011-03-28,2012-01-27,2012-01-27,2012-01-27,ARV,Pediatric,CIPLA LIMITED,"Lamivudine 10mg/ml, oral solution, Bottle, 240 ml",Lamivudine,Generic,10mg/ml,Oral solution,240,50000,103000.0,2.06,0.01,"Cipla, Goa, India",True,18417.0,11534.48,169.95
5646,65732,109-TZ-T30,FPQ-3782,SCMS-47740,ASN-4636,Tanzania,PMO - US,Direct Drop,FCA,Air,2009-06-11,2009-06-23,2009-09-09,2009-09-09,2009-09-09,ARV,Adult,ABBVIE LOGISTICS (FORMERLY ABBOTT LOGISTICS BV),"Ritonavir 100mg [Norvir], capsules, cool, 4 x 84 Caps",Ritonavir,Norvir,100mg,Capsule,336,160,6137.6,38.36,0.11,ABBVIE (Abbott) Logis. UK,True,325.0,2278.11,12.03
5647,65748,108-VN-T30,FPQ-13034,SCMS-210150,ASN-24398,Vietnam,PMO - US,Direct Drop,EXW,Air,2013-10-04,2013-10-10,2014-04-23,2014-04-23,2014-04-23,ARV,Adult,HETERO LABS LIMITED,"Efavirenz 600mg, tablets, 30 Tabs",Efavirenz,Generic,600mg,Tablet,30,12984,42068.16,3.24,0.11,Hetero Unit III Hyderabad IN,False,3286.0,4400.805,52.04
5648,65780,107-RW-T30,FPQ-10092,SCMS-149430,ASN-15379,Rwanda,PMO - US,Direct Drop,EXW,Air,2012-06-04,2012-06-12,2012-07-20,2012-07-20,2012-07-20,ARV,Adult,HETERO LABS LIMITED,"Nevirapine 200mg, tablets, 60 Tabs",Nevirapine,Generic,200mg,Tablet,60,55710,130361.4,2.34,0.04,Hetero Unit III Hyderabad IN,True,3204.0,19625.64,182.77
5649,65799,116-ZA-T30,FPQ-12522,SCMS-199289,ASN-28033,South Africa,PMO - US,Direct Drop,DDP,Truck,2013-07-11,2014-08-29,2014-08-29,2014-08-29,2014-08-29,ARV,Adult,S. BUYS WHOLESALER,"Lamivudine/Zidovudine 150/300mg, tablets, 60 Tabs",Lamivudine/Zidovudine,Generic,150/300mg,Tablet - FDC,60,206,6746.05,32.75,0.55,Hetero Unit III Hyderabad IN,False,668.5,0.0,8.34
5650,65803,116-ZA-T30,FPQ-12522,SCMS-199289,ASN-28037,South Africa,PMO - US,Direct Drop,DDP,Truck,2013-07-11,2014-08-29,2014-08-29,2014-08-29,2014-08-29,ARV,Adult,S. BUYS WHOLESALER,"Zidovudine 300mg, tablets, 60 Tabs",Zidovudine,Generic,300mg,Tablet,60,19,515.11,27.11,0.45,"Aurobindo Unit III, India",False,668.5,0.0,0.64
5651,65836,133-NG-T30,FPQ-7088,SCMS-100510,ASN-10320,Nigeria,PMO - US,Direct Drop,EXW,Air,2011-02-04,2011-03-02,2011-05-25,2011-05-25,2011-05-25,HRDT,HIV test,"CHEMBIO DIAGNOSTIC SYSTEMS, INC.","HIV 1/2, Stat-Pak HIV, Kit, 20 Tests","HIV 1/2, Stat-Pak HIV, Kit",Stat-Pak,no_dosage,Test kit,20,1448,41992.0,29.0,1.45,Chembio Diagnostics Sys. Inc.,True,482.0,3060.82,69.29
5652,65849,116-ZA-T30,FPQ-12522,SCMS-199283,ASN-27979,South Africa,PMO - US,Direct Drop,DDP,Truck,2013-07-11,2014-08-27,2014-08-27,2014-08-27,2014-08-27,ARV,Adult,S. BUYS WHOLESALER,"Tenofovir Disoproxil Fumarate 300mg, tablets, 30 Tabs",Tenofovir Disoproxil Fumarate,Generic,300mg,Tablet,30,132,2983.26,22.6,0.75,"Aurobindo Unit III, India",False,17.5,0.0,3.69
5653,65940,106-HT-T30,FPQ-7459,SCMS-106780,ASN-11663,Haiti,PMO - US,Direct Drop,DDU,Air,2011-03-29,2011-04-29,2011-07-25,2011-07-25,2011-07-25,HRDT,HIV test,REINBOLD EXPORT IMPORT,"HIV 1/2, Determine Complete HIV Kit, 100 Tests","HIV 1/2, Determine Complete HIV Kit",Determine,no_dosage,Test kit,100,1432,164680.0,115.0,1.15,Inverness Japan,True,394.0,0.0,271.72
5654,65978,108-VN-T30,FPQ-6818,SCMS-97820,ASN-10345,Vietnam,PMO - US,Direct Drop,EXW,Air,2011-01-17,2011-02-09,2011-04-13,2011-04-13,2011-04-13,ARV,Adult,STRIDES ARCOLAB LIMITED,"Lamivudine/Nevirapine/Stavudine 150/200/30mg, tablets, 60 Tabs",Lamivudine/Nevirapine/Stavudine,Generic,150/200/30mg,Tablet - FDC,60,9377,50542.03,5.39,0.09,"Strides, Bangalore, India.",True,692.0,8494.45,83.39
5655,65987,108-VN-T30,FPQ-9001,SCMS-134870,ASN-14921,Vietnam,PMO - US,Direct Drop,FCA,Air,2011-12-15,2012-01-25,2012-06-27,2012-06-27,2012-06-27,ARV,Pediatric,ABBVIE LOGISTICS (FORMERLY ABBOTT LOGISTICS BV),"Lopinavir/Ritonavir 80/20mg/ml [Kaletra], oral solution, cool, Bottle 5 x 60 ml",Lopinavir/Ritonavir,Kaletra,80/20mg/ml,Oral solution,300,100,6082.0,60.82,0.2,ABBVIE (Abbott) Logis. UK,True,164.0,742.1,8.53
5656,66000,107-RW-T30,FPQ-14113,SCMS-238800,ASN-26864,Rwanda,PMO - US,Direct Drop,FCA,Air,2014-04-18,2014-06-02,2014-07-16,2014-07-16,2014-07-22,ARV,Pediatric,ABBVIE LOGISTICS (FORMERLY ABBOTT LOGISTICS BV),"Lopinavir/Ritonavir 80/20mg/ml [Kaletra], oral solution, cool, Bottle 5 x 60 ml",Lopinavir/Ritonavir,Kaletra,80/20mg/ml,Oral solution,300,316,9739.12,30.82,0.1,ABBVIE (Abbott) Logis. UK,True,415.0,4399.65,10.01
5657,66030,161-ZA-T30,FPQ-5648,SCMS-75480,ASN-8649,South Africa,PMO - US,Direct Drop,DDP,Air,2010-06-02,2010-06-17,2010-12-13,2010-12-08,2010-12-08,ARV,Pediatric,Aurobindo Pharma Limited,"Nevirapine 10mg/ml, oral suspension w/syringe, Bottle, 240 ml",Nevirapine,Generic,10mg/ml,Oral suspension,240,19060,60039.0,3.15,0.01,"Aurobindo Unit III, India",True,7353.0,4876.34,129.44
5658,66062,108-VN-T30,FPQ-15823,SCMS-277290,ASN-33205,Vietnam,PMO - US,Direct Drop,FCA,Air,2015-02-13,2015-03-02,2015-08-12,2015-08-12,2015-08-12,ARV,Adult,ABBVIE LOGISTICS (FORMERLY ABBOTT LOGISTICS BV),"Lopinavir/Ritonavir 200/50mg [Aluvia], tablets, 120 Tabs",Lopinavir/Ritonavir,Aluvia,200/50mg,Tablet,120,5000,304000.0,60.8,0.51,ABBVIE Ludwigshafen Germany,True,452.0,4400.805,357.81
5659,66073,161-ZA-T30,FPQ-7400,SCMS-104220,ASN-12743,South Africa,PMO - US,Direct Drop,DDP,Ocean,2011-03-11,2011-03-30,2012-01-09,2012-01-09,2012-01-09,ARV,Pediatric,GLAXOSMITHKLINE EXPORT LIMITED,"Abacavir 20mg/ml [Ziagen], oral solution, Bottle, 240 ml",Abacavir,Ziagen,20mg/ml,Oral solution,240,2244,20824.32,9.28,0.04,GSK Mississauga (Canada),True,870.0,3755.91,34.36
5660,66094,151-NG-T30,FPQ-13102,SCMS-212690,ASN-24552,Nigeria,PMO - US,Direct Drop,EXW,Air,2013-10-17,2013-11-04,2014-04-14,2014-04-14,2014-04-15,ARV,Adult,Aurobindo Pharma Limited,"Zidovudine 300mg, tablets, 60 Tabs",Zidovudine,Generic,300mg,Tablet,60,25932,140810.76,5.43,0.09,"Aurobindo Unit III, India",True,1548.0,11663.16,144.75
5661,66100,105-GH-T30,FPQ-14050,SCMS-236710,ASN-27675,Ghana,PMO - US,Direct Drop,EXW,Air,2014-04-12,2014-05-23,2014-10-09,2014-10-09,2014-10-13,ARV,Adult,HETERO LABS LIMITED,"Lamivudine/Tenofovir Disoproxil Fumarate 300/300mg, tablets, 30 Tabs",Lamivudine/Tenofovir Disoproxil Fumarate,Generic,300/300mg,Tablet - FDC,30,45632,210819.84,4.62,0.15,Hetero Unit III Hyderabad IN,True,4486.0,20394.49,216.72
5662,66123,161-ZA-T30,FPQ-6262,SCMS-84210,ASN-10109,South Africa,PMO - US,Direct Drop,DDP,Ocean,2010-08-31,2010-09-21,2011-04-05,2011-05-05,2011-05-05,ARV,Adult,CIPLA LIMITED,"Nevirapine 200mg, tablets, 60 Tabs",Nevirapine,Generic,200mg,Tablet,60,48446,135164.34,2.79,0.05,"Cipla, Goa, India",True,668.5,0.0,291.41
5663,66145,116-ZA-T30,FPQ-14942,SCMS-259079,ASN-33854,South Africa,PMO - US,Direct Drop,DDP,Truck,2014-09-11,2014-10-09,2015-08-24,2015-08-24,2015-08-24,ARV,Adult,PHARMACY DIRECT,"Raltegravir 400mg [Isentress], tablets, 60 Tabs",Raltegravir,Isentress,400mg,Tablet,60,3,197.26,65.75,1.1,"MSD, Haarlem, NL",False,1.0,0.0,0.2
5664,66175,108-VN-T30,FPQ-5317,SCMS-69720,ASN-7237,Vietnam,PMO - US,Direct Drop,EXW,Air,2010-03-22,2010-03-29,2010-07-02,2010-07-02,2010-07-02,ARV,Adult,MYLAN LABORATORIES LTD (FORMERLY MATRIX LABORATORIES),"Tenofovir Disoproxil Fumarate 300mg, tablets, 30 Tabs",Tenofovir Disoproxil Fumarate,Generic,300mg,Tablet,30,12084,84588.0,7.0,0.23,Mylan (formerly Matrix) Nashik,False,668.5,4400.805,182.37
5665,66205,106-HT-T30,FPQ-15038,SCMS-263050,ASN-31197,Haiti,PMO - US,Direct Drop,EXW,Air,2014-10-22,2014-12-24,2015-03-26,2015-03-26,2015-03-26,ARV,Adult,EMCURE PHARMACEUTICALS LTD,"Atazanavir/Ritonavir 300/100mg, tablets, 30 Tabs",Atazanavir/Ritonavir,Generic,300/100mg,Tablet,30,1000,18000.0,18.0,0.6,"Emcure Plot No.P-2, I.T-B.T. Park, Phase II, MIDC, Hinjwadi, Pune, India",True,133.0,1604.56,18.5
5666,66207,114-UG-T30,FPQ-4373,SCMS-58240,ASN-6621,Uganda,PMO - US,Direct Drop,EXW,Air,2009-11-25,2009-12-02,2010-04-21,2010-04-21,2010-04-21,ARV,Adult,ASPEN PHARMACARE,"Darunavir 300mg [Prezista], tablets, 120 Tabs",Darunavir,Prezista,300mg,Tablet,120,102,9180.0,90.0,0.75,"Aspen-OSD, Port Elizabeth, SA",True,15.0,845.1,17.99
5667,66218,116-ZA-T30,FPQ-4770,SCMS-60190,ASN-5907,South Africa,PMO - US,Direct Drop,DDP,Truck,2009-12-17,2009-12-23,2009-12-29,2009-12-29,2009-12-29,ARV,Pediatric,S. BUYS WHOLESALER,"Ritonavir 80mg/ml [Norvir], oral solution, cool, Bottle, 90 ml",Ritonavir,Norvir,80mg/ml,Oral solution,90,5,46.16,9.23,0.1,ABBVIE (Abbott) France,False,842.0,0.0,0.1
5668,66233,104-CI-T30,FPQ-7325,SCMS-106590,ASN-11216,Côte d'Ivoire,PMO - US,Direct Drop,EXW,Air,2011-03-09,2011-05-05,2011-07-12,2011-07-12,2011-07-12,HRDT,HIV test,"Orgenics, Ltd","HIV 1/2, Determine Complete HIV Kit, 100 Tests","HIV 1/2, Determine Complete HIV Kit",Determine,no_dosage,Test kit,100,3236,258880.0,80.0,0.8,Inverness Japan,True,1543.0,37173.01,427.15
5669,66236,114-UG-T30,FPQ-14254,SCMS-239750,ASN-26608,Uganda,PMO - US,Direct Drop,EXW,Air,2014-05-12,2014-05-20,2014-06-26,2014-06-26,2014-06-28,HRDT,HIV test,"Trinity Biotech, Plc","HIV 1/2, Uni-Gold HIV Kit, 20 Tests","HIV 1/2, Uni-Gold HIV Kit",Uni-Gold,no_dosage,Test kit,20,750,24000.0,32.0,1.6,"Trinity Biotech, Plc",True,242.0,1899.22,24.67
5670,66257,116-ZA-T30,FPQ-13035,SCMS-215370,ASN-24415,South Africa,PMO - US,Direct Drop,DDP,Truck,2013-10-08,2013-12-02,2014-02-06,2014-02-06,2014-02-06,ARV,Pediatric,S. BUYS WHOLESALER,"Abacavir 20mg/ml [Ziagen], oral solution, Bottle, 240 ml",Abacavir,Ziagen,20mg/ml,Oral solution,240,8,192.37,24.05,0.1,GSK Mississauga (Canada),False,48.0,0.0,0.24
5671,66264,108-VN-T30,FPQ-16194,SCMS-285490,ASN-33144,Vietnam,PMO - US,Direct Drop,EXW,Air,2015-04-14,2015-05-13,2015-09-07,2015-09-07,2015-09-07,ARV,Adult,HETERO LABS LIMITED,"Efavirenz/Lamivudine/Tenofovir Disoproxil Fumarate 600/300/300mg, tablets, 30 Tabs",Efavirenz/Lamivudine/Tenofovir Disoproxil Fumarate,Generic,600/300/300mg,Tablet - FDC,30,17760,168720.0,9.5,0.32,Hetero Unit III Hyderabad IN,True,2519.5,4400.805,198.58
5672,66277,114-UG-T30,FPQ-9365,SCMS-142300,ASN-14824,Uganda,PMO - US,Direct Drop,DDP,Air,2012-03-15,2012-04-17,2012-05-10,2012-05-10,2012-05-10,ARV,Adult,ASPEN PHARMACARE,"Darunavir 300mg [Prezista], tablets, 120 Tabs",Darunavir,Prezista,300mg,Tablet,120,100,6660.0,66.6,0.55,"Aspen-OSD, Port Elizabeth, SA",True,14.0,527.0,9.34
5673,66278,108-VN-T30,FPQ-9001,SCMS-131650,ASN-14875,Vietnam,PMO - US,Direct Drop,EXW,Air,2011-12-15,2012-01-18,2012-06-05,2012-06-05,2012-06-05,ARV,Pediatric,Aurobindo Pharma Limited,"Efavirenz 50mg, capsule, 30 Caps",Efavirenz,Generic,50mg,Capsule,30,2065,4625.6,2.24,0.07,"Aurobindo Unit III, India",False,668.5,4400.805,6.49
5674,66307,108-VN-T30,FPQ-11560,SCMS-177620,ASN-20367,Vietnam,PMO - US,Direct Drop,EXW,Air,2013-02-07,2013-02-13,2013-08-01,2013-08-01,2013-08-01,ARV,Adult,MYLAN LABORATORIES LTD (FORMERLY MATRIX LABORATORIES),"Efavirenz/Lamivudine/Tenofovir Disoproxil Fumarate 600/300/300mg, tablets, 30 Tabs",Efavirenz/Lamivudine/Tenofovir Disoproxil Fumarate,Generic,600/300/300mg,Tablet - FDC,30,32673,375412.77,11.49,0.38,Mylan (formerly Matrix) Nashik,True,3425.0,11077.85,464.39
5675,66323,111-MZ-T30,FPQ-5613,SCMS-81030,ASN-8093,Mozambique,PMO - US,Direct Drop,EXW,Air,2010-06-20,2010-08-10,2010-09-29,2010-09-29,2010-09-29,HRDT,HIV test,"Trinity Biotech, Plc","HIV 1/2, Uni-Gold HIV Kit, 20 Tests","HIV 1/2, Uni-Gold HIV Kit",Uni-Gold,no_dosage,Test kit,20,424,13568.0,32.0,1.6,"Trinity Biotech, Plc",True,145.0,2572.68,29.25
5676,66333,116-ZA-T30,FPQ-5535,SCMS-71370,ASN-7373,South Africa,PMO - US,Direct Drop,DDP,Truck,2010-04-19,2010-04-21,2010-05-31,2010-05-31,2010-05-31,ARV,Pediatric,S. BUYS WHOLESALER,"Zidovudine 10mg/ml [Retrovir], oral solution, Bottle, 200 ml",Zidovudine,Retrovir,10mg/ml,Oral solution,200,400,2864.03,7.16,0.04,GSK Mississauga (Canada),False,81.0,0.0,6.17
5677,66338,116-ZA-T30,FPQ-11828,SCMS-183950,ASN-19166,South Africa,South Africa Field Office,Direct Drop,DDP,Truck,2013-03-18,2012-10-16,2013-04-16,2013-04-16,2013-04-16,ARV,Pediatric,S. BUYS WHOLESALER,"Zidovudine 10mg/ml, oral solution, Bottle, 240 ml",Zidovudine,Generic,10mg/ml,Oral solution,240,145,1173.68,8.09,0.03,"Aurobindo Unit III, India",False,668.5,0.0,1.45
5678,66349,900-SS-T30,FPQ-8611,SCMS-127500,ASN-13396,South Sudan,PMO - US,Direct Drop,EXW,Air,2011-11-04,2011-11-16,2012-02-09,2012-02-09,2012-02-09,HRDT,HIV test,"Trinity Biotech, Plc","HIV 1/2, Uni-Gold HIV Kit, 20 Tests","HIV 1/2, Uni-Gold HIV Kit",Uni-Gold,no_dosage,Test kit,20,240,7680.0,32.0,1.6,"Trinity Biotech, Plc",True,82.0,1504.59,10.77
5679,66352,116-ZA-T30,FPQ-14942,SCMS-259074,ASN-31070,South Africa,PMO - US,Direct Drop,DDP,Truck,2014-09-11,2015-03-09,2015-03-09,2015-03-09,2015-03-09,ARV,Adult,PHARMACY DIRECT,"Lamivudine/Zidovudine 150/300mg, tablets, 60 Tabs",Lamivudine/Zidovudine,Generic,150/300mg,Tablet - FDC,60,20,428.71,21.44,0.36,"Aurobindo Unit III, India",False,35.5,0.0,0.44
5680,66355,900-TZ-T30,FPQ-10396,SCMS-157661,ASN-17086,Tanzania,PMO - US,Direct Drop,EXW,Air,2012-07-31,2012-10-04,2012-12-07,2012-11-30,2012-11-30,HRDT,HIV test,"Orgenics, Ltd","HIV 1/2, Determine Complete HIV Kit, 100 Tests","HIV 1/2, Determine Complete HIV Kit",Determine,no_dosage,Test kit,100,840,67200.0,80.0,0.8,"Alere Medical Co., Ltd.",True,405.0,7765.61,94.21
5681,66371,109-TZ-T30,FPQ-12540,SCMS-198780,ASN-20858,Tanzania,PMO - US,Direct Drop,EXW,Air,2013-07-03,2013-07-16,2013-09-24,2013-09-24,2013-09-24,ARV,Adult,Aurobindo Pharma Limited,"Lamivudine/Nevirapine/Zidovudine 150/200/300mg, tablets, 60 Tabs",Lamivudine/Nevirapine/Zidovudine,Generic,150/300/200mg,Tablet - FDC,60,37012,300907.56,8.13,0.14,"Aurobindo Unit III, India",True,4699.0,17907.7,372.22
5682,66373,102-GY-T30,FPQ-4870,SCMS-63870,ASN-6095,Guyana,PMO - US,Direct Drop,EXW,Air,2010-01-11,2010-02-04,2010-03-04,2010-03-04,2010-03-04,HRDT,HIV test,"Trinity Biotech, Plc","HIV 1/2, Uni-Gold HIV Kit, 20 Tests","HIV 1/2, Uni-Gold HIV Kit",Uni-Gold,no_dosage,Test kit,20,2334,74688.0,32.0,1.6,"Trinity Biotech, Plc",True,807.0,6558.08,161.03
5683,66374,161-ZA-T30,FPQ-5648,SCMS-75540,ASN-7991,South Africa,PMO - US,Direct Drop,DDP,Ocean,2010-06-02,2010-06-17,2010-10-22,2010-10-22,2010-10-22,ARV,Adult,STRIDES ARCOLAB LIMITED,"Nevirapine 200mg, tablets, 60 Tabs",Nevirapine,Generic,200mg,Tablet,60,116000,327120.0,2.82,0.05,"Strides, Bangalore, India.",True,7193.0,8559.24,705.27
5684,66383,114-UG-T30,FPQ-11141,SCMS-173450,ASN-18894,Uganda,PMO - US,Direct Drop,EXW,Air,2012-12-13,2013-02-05,2013-04-22,2013-04-22,2013-04-22,ARV,Pediatric,Aurobindo Pharma Limited,"Nevirapine 50mg, dispersible tablets (tablets for oral suspension), 30 Tabs",Nevirapine,Generic,50mg,Chewable/dispersible tablet,30,961,1201.25,1.25,0.04,"Aurobindo Unit III, India",True,53.0,1203.4,1.49
5685,66420,110-ZM-T30,FPQ-4691,SCMS-60711,ASN-6615,Zambia,PMO - US,Direct Drop,EXW,Air,2009-12-16,2009-12-22,2010-05-03,2010-04-26,2010-04-26,HRDT,HIV test,"Orgenics, Ltd","HIV 1/2, Determine Complete HIV Kit, 100 Tests","HIV 1/2, Determine Complete HIV Kit",Determine,no_dosage,Test kit,100,1993,143496.0,72.0,0.72,Inverness Japan,True,967.0,14582.14,309.38
5686,66431,114-UG-T30,FPQ-4482,SCMS-52570,ASN-5536,Uganda,PMO - US,Direct Drop,FCA,Air,2009-10-21,2009-09-14,2009-12-03,2009-12-03,2009-12-03,ARV,Adult,Hoffmann-La Roche ltd Basel,"Saquinavir 500mg [Invirase], tablets, 120 Tabs",Saquinavir,Invirase,500mg,Tablet,120,161,16125.1,100.16,0.83,Roche Basel,True,30.0,1072.35,34.77
5687,66438,106-HT-T30,FPQ-11286,SCMS-176320,ASN-18407,Haiti,PMO - US,Direct Drop,EXW,Air,2013-01-16,2013-02-05,2013-03-11,2013-03-11,2013-03-11,ARV,Adult,Aurobindo Pharma Limited,"Didanosine 400mg, delayed-release capsules, 30 Caps",Didanosine,Generic,400mg,Delayed-release capsules,30,384,7680.0,20.0,0.67,"Aurobindo Unit III, India",True,30.0,1119.09,9.5
5688,66448,104-CI-T30,FPQ-13155,SCMS-217340,ASN-27114,Côte d'Ivoire,PMO - US,Direct Drop,EXW,Air,2013-10-22,2013-12-04,2014-07-31,2014-07-31,2014-07-31,ARV,Adult,MYLAN LABORATORIES LTD (FORMERLY MATRIX LABORATORIES),"Atazanavir/Ritonavir 300/100mg, tablets, 30 Tabs",Atazanavir/Ritonavir,Generic,300/100mg,Tablet,30,3200,64000.0,20.0,0.67,Mylan (formerly Matrix) Nashik,True,430.0,3587.34,65.79
5689,66449,108-VN-T30,FPQ-5094,SCMS-68780,ASN-7020,Vietnam,PMO - US,Direct Drop,FCA,Air,2010-03-15,2010-03-31,2010-06-22,2010-06-22,2010-06-22,ARV,Adult,ABBVIE LOGISTICS (FORMERLY ABBOTT LOGISTICS BV),"Lopinavir/Ritonavir 200/50mg [Aluvia], tablets, 120 Tabs",Lopinavir/Ritonavir,Aluvia,200/50mg,Tablet,120,8225,676095.0,82.2,0.68,ABBVIE Ludwigshafen Germany,True,2018.0,10263.55,1457.66
5690,66500,116-ZA-T30,FPQ-15269,SCMS-267020,ASN-29764,South Africa,PMO - US,Direct Drop,DDP,Truck,2014-10-29,2014-12-10,2014-12-10,2014-12-10,2014-12-10,ARV,Adult,S. BUYS WHOLESALER,"Stavudine 30mg, capsules, 60 Caps",Stavudine,Generic,30mg,Capsule,60,329,1159.91,3.53,0.06,"Aurobindo Unit III, India",False,668.5,0.0,1.37
5691,66508,108-VN-T30,FPQ-9001,SCMS-131650,ASN-14875,Vietnam,PMO - US,Direct Drop,EXW,Air,2011-12-15,2012-01-18,2012-06-05,2012-06-05,2012-06-05,ARV,Pediatric,Aurobindo Pharma Limited,"Efavirenz 200mg, capsule, 90 Caps",Efavirenz,Generic,200mg,Capsule,90,400,3128.0,7.82,0.09,"Aurobindo Unit III, India",False,81.0,4400.805,4.39
5692,66522,116-ZA-T30,FPQ-4054,SCMS-51250,ASN-5056,South Africa,PMO - US,Direct Drop,DDP,Truck,2009-07-29,2009-08-07,2009-08-24,2009-08-24,2009-08-24,ARV,Adult,S. BUYS WHOLESALER,"Nevirapine 200mg [Viramune], tablets, 60 Tabs",Nevirapine,Viramune,200mg,Tablet,60,100,2156.36,21.56,0.36,"Boehringer Ing., Koropi, GR",False,36.0,0.0,4.23
5693,66578,900-SS-T30,FPQ-10504,SCMS-157880,ASN-16852,South Sudan,PMO - US,Direct Drop,EXW,Air,2012-08-15,2012-08-21,2012-12-13,2012-12-13,2012-12-13,HRDT,HIV test - Ancillary,"Orgenics, Ltd","Chase Buffer, Determine, 100 Tests, 2.5ml x 1 Vial","Chase Buffer, Determine, 100 Tests, 2.5ml x 1 Vial",Determine,no_dosage,Test kit - Ancillary,1,238,1190.0,5.0,5.0,"Alere Medical Co., Ltd.",False,394.0,2575.925,1.67
5694,66585,133-NG-T30,FPQ-12456,SCMS-196560,ASN-21220,Nigeria,PMO - US,Direct Drop,EXW,Air,2013-06-10,2013-07-10,2013-09-18,2013-09-24,2013-09-24,HRDT,HIV test,"Orgenics, Ltd","HIV 1/2, Determine Complete HIV Kit, 100 Tests","HIV 1/2, Determine Complete HIV Kit",Determine,no_dosage,Test kit,100,3056,271984.0,89.0,0.89,"Alere Medical Co., Ltd.",True,1248.0,13325.5,336.44
5695,66609,108-VN-T30,FPQ-6384,SCMS-87770,ASN-9407,Vietnam,PMO - US,Direct Drop,EXW,Air,2010-09-30,2010-10-18,2011-02-09,2011-02-09,2011-02-09,ARV,Adult,HETERO LABS LIMITED,"Stavudine 30mg, capsules, 60 Caps",Stavudine,Generic,30mg,Capsule,60,14428,20920.6,1.45,0.02,Hetero Unit III Hyderabad IN,False,668.5,4400.805,45.1
5696,66626,114-UG-T30,FPQ-14070,SCMS-237180,ASN-31555,Uganda,PMO - US,Direct Drop,EXW,Air,2014-04-10,2014-04-30,2015-04-17,2015-04-17,2015-04-20,HRDT,HIV test,BIO-RAD LABORATORIES (FRANCE),"HIV 1/2, Genie III Kit, 50 Tests","HIV 1/2, Genie III Kit",Genie,no_dosage,Test kit,50,30,2982.0,99.4,1.99,Bio-Rad Laboratories,True,17.0,660.77,3.07
5697,66641,161-ZA-T30,FPQ-5648,SCMS-75480,ASN-8326,South Africa,PMO - US,Direct Drop,DDP,Air,2010-06-02,2010-06-17,2010-12-13,2010-12-13,2010-12-13,ARV,Pediatric,Aurobindo Pharma Limited,"Nevirapine 10mg/ml, oral suspension w/syringe, Bottle, 240 ml",Nevirapine,Generic,10mg/ml,Oral suspension,240,19050,60007.5,3.15,0.01,"Aurobindo Unit III, India",True,7349.0,4876.34,129.38
5698,66663,133-NG-T30,FPQ-12456,SCMS-196561,ASN-22350,Nigeria,PMO - US,Direct Drop,EXW,Air,2013-06-10,2013-07-10,2013-11-07,2013-11-07,2013-11-17,HRDT,HIV test,"Orgenics, Ltd","HIV 1/2, Determine Complete HIV Kit, 100 Tests","HIV 1/2, Determine Complete HIV Kit",Determine,no_dosage,Test kit,100,3035,270115.0,89.0,0.89,"Alere Medical Co., Ltd.",True,1233.0,21084.84,334.13
5699,66669,108-VN-T30,FPQ-5317,SCMS-69711,ASN-7665,Vietnam,PMO - US,Direct Drop,EXW,Air,2010-03-22,2010-03-29,2010-08-13,2010-08-13,2010-08-13,ARV,Adult,MYLAN LABORATORIES LTD (FORMERLY MATRIX LABORATORIES),"Efavirenz 600mg, tablets, 30 Tabs",Efavirenz,Generic,600mg,Tablet,30,62369,268186.7,4.3,0.14,Mylan (formerly Matrix) Nashik,True,5009.0,17031.91,578.21
5700,66680,108-VN-T30,FPQ-6384,SCMS-87780,ASN-9408,Vietnam,PMO - US,Direct Drop,EXW,Air,2010-09-30,2010-10-18,2011-02-16,2011-02-16,2011-02-16,ARV,Adult,HETERO LABS LIMITED,"Lamivudine/Nevirapine/Stavudine 150/200/30mg, tablets, 60 Tabs",Lamivudine/Nevirapine/Stavudine,Generic,150/200/30mg,Tablet - FDC,60,5200,24960.0,4.8,0.08,Hetero Unit III Hyderabad IN,False,1272.0,4400.805,53.81
5701,66690,161-ZA-T30,FPQ-5303,SCMS-69030,ASN-7772,South Africa,PMO - US,Direct Drop,DDP,Air,2010-03-18,2010-03-19,2010-09-20,2010-09-20,2010-09-20,ARV,Adult,Aurobindo Pharma Limited,"Zidovudine 300mg, tablets, 60 Tabs",Zidovudine,Generic,300mg,Tablet,60,44168,328168.24,7.43,0.12,"Aurobindo Unit III, India",True,2373.0,1697.9,707.53
5702,66713,108-VN-T30,FPQ-13524,SCMS-226230,ASN-26347,Vietnam,PMO - US,Direct Drop,FCA,Air,2014-02-06,2014-03-10,2014-07-02,2014-07-02,2014-07-02,ARV,Adult,ABBVIE LOGISTICS (FORMERLY ABBOTT LOGISTICS BV),"Ritonavir 100mg [Norvir], film coated tablets, 30 Tabs",Ritonavir,Norvir,100mg,Tablet,30,450,10467.0,23.26,0.78,ABBVIE Ludwigshafen Germany,True,56.0,520.19,10.76
5703,66762,104-CI-T30,FPQ-9394,SCMS-141420,ASN-14873,Côte d'Ivoire,PMO - US,Direct Drop,EXW,Air,2012-02-28,2012-03-22,2012-05-31,2012-05-31,2012-05-31,HRDT,HIV test,"Orgenics, Ltd","HIV 1/2, Determine Complete HIV Kit, 100 Tests","HIV 1/2, Determine Complete HIV Kit",Determine,no_dosage,Test kit,100,3000,240000.0,80.0,0.8,"Alere Medical Co., Ltd.",True,1428.0,28142.92,336.48
5704,66768,114-UG-T30,FPQ-10788,SCMS-162750,ASN-18152,Uganda,PMO - US,Direct Drop,DAP,Air,2012-10-10,2012-10-25,2013-02-13,2013-02-13,2013-02-13,ARV,Adult,ASPEN PHARMACARE,"Etravirine 100mg [Intelence], tablets, 120 Tabs",Etravirine,Intelence,100mg,Tablet,120,178,6408.0,36.0,0.3,"Janssen-Cilag, Latina, IT",True,90.0,989.0,7.93
5705,66782,100-GN-T30,FPQ-4855,SCMS-63890,ASN-6143,Guinea,PMO - US,Direct Drop,EXW,Air,2010-01-20,2010-01-22,2010-03-23,2010-03-23,2010-03-23,HRDT,HIV test,"Orgenics, Ltd","HIV 1/2, Determine Complete HIV Kit, 100 Tests","HIV 1/2, Determine Complete HIV Kit",Determine,no_dosage,Test kit,100,50,3600.0,72.0,0.72,Inverness Japan,True,32.0,1804.2,7.76
5706,66792,108-VN-T30,FPQ-5094,SCMS-68370,ASN-7486,Vietnam,PMO - US,Direct Drop,EXW,Air,2010-03-15,2010-03-24,2010-08-03,2010-08-03,2010-08-03,ARV,Adult,STRIDES ARCOLAB LIMITED,"Lamivudine 150mg, tablets, 60 Tabs",Lamivudine,Generic,150mg,Tablet,60,43262,101665.7,2.35,0.04,"Strides, Bangalore, India.",True,2035.0,8711.4,219.19
5707,66809,108-VN-T30,FPQ-10287,SCMS-156320,ASN-17177,Vietnam,PMO - US,Direct Drop,EXW,Air,2012-07-25,2012-08-15,2012-12-05,2012-12-05,2012-12-05,ARV,Adult,HETERO LABS LIMITED,"Abacavir 300mg, tablets, 60 Tabs",Abacavir,Generic,300mg,Tablet,60,615,7933.5,12.9,0.22,Hetero Unit III Hyderabad IN,False,668.5,4400.805,11.12
5708,66811,102-GY-T30,FPQ-4869,SCMS-63860,ASN-6373,Guyana,PMO - US,Direct Drop,EXW,Air,2010-01-11,2010-02-04,2010-04-05,2010-04-05,2010-04-05,HRDT,HIV test,"Orgenics, Ltd","HIV 1/2, Determine Complete HIV Kit, 100 Tests","HIV 1/2, Determine Complete HIV Kit",Determine,no_dosage,Test kit,100,237,21330.0,90.0,0.9,Inverness Japan,True,108.0,2058.84,45.99
5709,66840,109-TZ-T30,FPQ-4157,SCMS-52772,ASN-6356,Tanzania,PMO - US,Direct Drop,EXW,Air,2009-08-27,2009-09-03,2010-05-24,2010-05-24,2010-05-24,HRDT,HIV test,"Trinity Biotech, Plc","HIV 1/2, Uni-Gold HIV Kit, 20 Tests","HIV 1/2, Uni-Gold HIV Kit",Uni-Gold,no_dosage,Test kit,20,794,25408.0,32.0,1.6,"Trinity Biotech, Plc",True,277.0,3174.13,49.8
5710,66891,901-CM-T30,FPQ-12837,SCMS-204301,ASN-22787,Cameroon,PMO - US,Direct Drop,EXW,Air,2013-08-19,2013-09-11,2013-12-04,2013-12-04,2013-12-04,ARV,Adult,Aurobindo Pharma Limited,"Zidovudine 300mg, tablets, 60 Tabs",Zidovudine,Generic,300mg,Tablet,60,18180,98717.4,5.43,0.09,"Aurobindo Unit III, India",True,1007.0,11067.86,122.11
5711,66925,108-VN-T30,FPQ-6818,SCMS-98050,ASN-11023,Vietnam,PMO - US,Direct Drop,EXW,Air,2011-01-17,2011-02-15,2011-06-22,2011-06-22,2011-06-22,ARV,Adult,MYLAN LABORATORIES LTD (FORMERLY MATRIX LABORATORIES),"Abacavir 300mg, tablets, 60 Tabs",Abacavir,Generic,300mg,Tablet,60,64,960.0,15.0,0.25,Mylan (formerly Matrix) Nashik,False,3.5,4400.805,1.58
5712,66946,101-CD-T30,FPQ-13555,SCMS-234230,ASN-26408,"Congo, DRC",PMO - US,Direct Drop,EXW,Air,2014-03-19,2014-05-05,2014-08-26,2014-08-26,2014-09-16,ARV,Adult,Aurobindo Pharma Limited,"Didanosine 250mg, delayed-release capsules, 30 Caps",Didanosine,Generic,250mg,Delayed-release capsules,30,100,758.0,7.58,0.25,"Aurobindo Unit III, India",True,9.0,734.66,0.78
5713,66967,161-ZA-T30,FPQ-6262,SCMS-83830,ASN-8905,South Africa,PMO - US,Direct Drop,DDP,Ocean,2010-08-31,2010-09-24,2011-01-06,2011-01-06,2011-01-06,ARV,Adult,Aurobindo Pharma Limited,"Tenofovir Disoproxil Fumarate 300mg, tablets, 30 Tabs",Tenofovir Disoproxil Fumarate,Generic,300mg,Tablet,30,116857,777099.05,6.65,0.22,"Aurobindo Unit III, India",True,10907.0,7905.94,1675.43
5714,66992,102-GY-T30,FPQ-4871,SCMS-63880,ASN-6085,Guyana,PMO - US,Direct Drop,EXW,Air,2010-01-11,2010-02-04,2010-03-04,2010-03-04,2010-03-04,HRDT,HIV test,"CHEMBIO DIAGNOSTIC SYSTEMS, INC.","HIV 1/2, Stat-Pak HIV, Kit, 20 Tests","HIV 1/2, Stat-Pak HIV, Kit",Stat-Pak,no_dosage,Test kit,20,20,540.0,27.0,1.35,Chembio Diagnostics Sys. Inc.,True,11.0,386.16,1.16
5715,67011,113-ZW-T30,FPQ-13939,SCMS-240570,ASN-27581,Zimbabwe,PMO - US,Direct Drop,EXW,Air Charter,2014-04-01,2014-05-27,2014-09-17,2014-09-17,2014-09-19,ARV,Adult,HETERO LABS LIMITED,"Lamivudine/Tenofovir Disoproxil Fumarate 300/300mg, tablets, 30 Tabs",Lamivudine/Tenofovir Disoproxil Fumarate,Generic,300/300mg,Tablet - FDC,30,47136,217768.32,4.62,0.15,Hetero Unit III Hyderabad IN,True,5151.0,29257.65,223.87
5716,67022,108-VN-T30,FPQ-4720,SCMS-62460,ASN-6355,Vietnam,PMO - US,Direct Drop,EXW,Air,2009-01-04,2010-01-12,2010-03-29,2010-03-29,2010-03-29,ARV,Adult,MYLAN LABORATORIES LTD (FORMERLY MATRIX LABORATORIES),"Zidovudine 300mg, tablets, 60 Tabs",Zidovudine,Generic,300mg,Tablet,60,336,2520.0,7.5,0.12,Mylan (formerly Matrix) Nashik,False,30.0,4400.805,5.43
5717,67023,105-GY-T30,FPQ-14659,SCMS-256490,ASN-29130,Guyana,PMO - US,Direct Drop,EXW,Air,2014-07-29,2014-09-12,2014-12-10,2014-12-10,2014-12-16,ARV,Adult,HETERO LABS LIMITED,"Emtricitabine/Tenofovir Disoproxil Fumarate 200/300mg, tablets, 30 Tabs",Emtricitabine/Tenofovir Disoproxil Fumarate,Generic,200/300mg,Tablet - FDC,30,2175,12158.25,5.59,0.19,Hetero Unit III Hyderabad IN,True,252.0,2531.62,12.5
5718,67043,133-NG-T30,FPQ-12812,SCMS-210351,ASN-23949,Nigeria,PMO - US,Direct Drop,EXW,Air,2013-08-13,2013-11-01,2014-02-18,2014-02-18,2014-03-19,HRDT,HIV test,"Orgenics, Ltd","HIV 1/2, Determine Complete HIV Kit, 100 Tests","HIV 1/2, Determine Complete HIV Kit",Determine,no_dosage,Test kit,100,9312,828768.0,89.0,0.89,"Alere Medical Co., Ltd.",True,3787.0,57017.68,1025.19
5719,67057,107-RW-T30,FPQ-14090,SCMS-239700,ASN-28331,Rwanda,PMO - US,Direct Drop,EXW,Air,2014-04-17,2014-06-09,2014-10-17,2014-10-17,2014-10-17,HRDT,HIV test,"Orgenics, Ltd","HIV 1/2, Determine Complete HIV Kit, 100 Tests","HIV 1/2, Determine Complete HIV Kit",Determine,no_dosage,Test kit,100,1891,151280.0,80.0,0.8,"Alere Medical Co., Ltd.",True,766.0,14125.63,155.52
5720,67069,116-ZA-T30,FPQ-3560,SCMS-49660,ASN-5048,South Africa,PMO - US,Direct Drop,DDP,Truck,2009-05-07,2009-07-21,2009-08-12,2009-08-12,2009-08-12,ARV,Adult,S. BUYS WHOLESALER,"Ritonavir 100mg [Norvir], capsules, cool, 84 Caps",Ritonavir,Norvir,100mg,Capsule,84,329,3345.72,10.17,0.12,ABBVIE (Abbott) Logis. UK,True,668.5,0.0,6.56
5721,67077,108-VN-T30,FPQ-4843,SCMS-64410,ASN-6469,Vietnam,PMO - US,Direct Drop,CIP,Air,2010-01-28,2010-02-02,2010-04-08,2010-04-08,2010-04-08,ARV,Pediatric,BRISTOL-MYERS SQUIBB,"Didanosine 25mg [Videx], chewable tablets, 60 Tabs",Didanosine,Videx,25mg,Chewable/dispersible tablet,60,520,3640.0,7.0,0.12,"BMS Meymac, France",True,104.0,2658.09,7.85
5722,67090,106-HT-T30,FPQ-12590,SCMS-210490,ASN-23840,Haiti,PMO - US,Direct Drop,EXW,Air,2013-08-21,2013-10-24,2014-02-17,2014-02-17,2014-02-18,ARV,Adult,STRIDES ARCOLAB LIMITED,"Efavirenz 600mg, tablets, 30 Tabs",Efavirenz,Generic,600mg,Tablet,30,28080,89575.2,3.19,0.11,"Strides, Bangalore, India.",True,1772.0,11656.59,110.8
5723,67091,101-CD-T30,FPQ-16001,SCMS-280220,ASN-32231,"Congo, DRC",PMO - US,Direct Drop,EXW,Air,2015-03-10,2015-03-17,2015-07-23,2015-07-23,2015-07-29,HRDT,HIV test,"Orgenics, Ltd","HIV 1/2, Determine Complete HIV Kit, 100 Tests","HIV 1/2, Determine Complete HIV Kit",Determine,no_dosage,Test kit,100,81,6480.0,80.0,0.8,"Alere Medical Co., Ltd.",False,26.5,2346.5699999999997,7.63
5724,67134,116-ZA-T30,FPQ-12522,SCMS-199283,ASN-27980,South Africa,PMO - US,Direct Drop,DDP,Truck,2013-07-11,2014-08-27,2014-08-27,2014-08-27,2014-08-27,ARV,Adult,S. BUYS WHOLESALER,"Lamivudine 150mg, tablets, 60 Tabs",Lamivudine,Generic,150mg,Tablet,60,148,1457.49,9.85,0.16,Hetero Unit III Hyderabad IN,False,27.0,0.0,1.8
5725,67142,104-CI-T30,FPQ-6663,SCMS-91840,ASN-9056,Côte d'Ivoire,PMO - US,Direct Drop,FCA,Air,2010-11-04,2010-11-11,2011-01-14,2011-01-14,2011-01-14,ARV,Adult,ABBVIE LOGISTICS (FORMERLY ABBOTT LOGISTICS BV),"Lopinavir/Ritonavir 200/50mg [Aluvia], tablets, 120 Tabs",Lopinavir/Ritonavir,Aluvia,200/50mg,Tablet,120,10280,371724.8,36.16,0.3,ABBVIE Ludwigshafen Germany,True,2573.0,13562.35,613.35
5726,67150,119-NA-T30,FPQ-4857,SCMS-62731,ASN-7211,Namibia,PMO - US,Direct Drop,EXW,Air,2010-01-07,2010-01-08,2010-06-30,2010-06-30,2010-06-30,HRDT,HIV test,"Trinity Biotech, Plc","HIV 1/2, Uni-Gold HIV Kit, 20 Tests","HIV 1/2, Uni-Gold HIV Kit",Uni-Gold,no_dosage,Test kit,20,500,16000.0,32.0,1.6,"Trinity Biotech, Plc",True,170.0,1691.15,34.5
5727,67153,114-UG-T30,FPQ-12477,SCMS-198720,ASN-21627,Uganda,PMO - US,Direct Drop,EXW,Ocean,2013-07-08,2013-07-31,2013-11-06,2013-11-06,2013-11-13,ARV,Adult,MYLAN LABORATORIES LTD (FORMERLY MATRIX LABORATORIES),"Lamivudine/Nevirapine/Zidovudine 150/200/300mg, tablets, 60 Tabs",Lamivudine/Nevirapine/Zidovudine,Generic,150/300/200mg,Tablet - FDC,60,165374,1339529.4,8.1,0.13,Mylan (formerly Matrix) Nashik,False,668.5,8144.11,1657.0
5728,67159,102-MW-T30,FPQ-9454,SCMS-141450,ASN-14884,Malawi,PMO - US,Direct Drop,EXW,Air,2012-03-12,2012-03-28,2012-05-23,2012-05-23,2012-05-23,HRDT,HIV test,"Orgenics, Ltd","HIV 1/2, Determine Complete HIV Kit, 100 Tests","HIV 1/2, Determine Complete HIV Kit",Determine,no_dosage,Test kit,100,66,5280.0,80.0,0.8,"Alere Medical Co., Ltd.",True,30.0,1470.09,7.4
5729,67191,114-UG-T30,FPQ-4320,SCMS-58130,ASN-6153,Uganda,PMO - US,Direct Drop,FCA,Air,2009-11-16,2009-11-26,2010-03-10,2010-03-10,2010-03-10,ARV,Adult,ABBVIE LOGISTICS (FORMERLY ABBOTT LOGISTICS BV),"Ritonavir 100mg [Norvir], capsules, cool, 4 x 84 Caps",Ritonavir,Norvir,100mg,Capsule,336,44,1687.84,38.36,0.11,ABBVIE (Abbott) Logis. UK,True,116.0,985.78,3.31
5730,67194,113-ZW-T30,FPQ-13939,SCMS-240570,ASN-27583,Zimbabwe,PMO - US,Direct Drop,EXW,Air Charter,2014-04-01,2014-05-27,2014-09-17,2014-09-17,2014-09-19,ARV,Adult,HETERO LABS LIMITED,"Lamivudine/Tenofovir Disoproxil Fumarate 300/300mg, tablets, 30 Tabs",Lamivudine/Tenofovir Disoproxil Fumarate,Generic,300/300mg,Tablet - FDC,30,42240,195148.8,4.62,0.15,Hetero Unit III Hyderabad IN,True,4589.0,27376.22,200.61
5731,67195,105-GY-T30,FPQ-14048,SCMS-235750,ASN-26388,Guyana,PMO - US,Direct Drop,FCA,Air,2014-04-09,2014-04-28,2014-08-11,2014-08-11,2014-08-12,ARV,Pediatric,ABBVIE LOGISTICS (FORMERLY ABBOTT LOGISTICS BV),"Lopinavir/Ritonavir 80/20mg/ml [Kaletra], oral solution, cool, Bottle 5 x 60 ml",Lopinavir/Ritonavir,Kaletra,80/20mg/ml,Oral solution,300,17,1033.94,60.82,0.2,ABBVIE (Abbott) Logis. UK,True,50.0,828.23,1.06
5732,67199,161-ZA-T30,FPQ-6262,SCMS-83830,ASN-8903,South Africa,PMO - US,Direct Drop,DDP,Ocean,2010-08-31,2010-09-24,2011-01-06,2011-01-06,2011-01-06,ARV,Pediatric,Aurobindo Pharma Limited,"Nevirapine 10mg/ml, oral suspension w/syringe, Bottle, 240 ml",Nevirapine,Generic,10mg/ml,Oral suspension,240,35000,74200.0,2.12,0.01,"Aurobindo Unit III, India",True,12974.0,11138.89,159.98
5733,67203,116-ZA-T30,FPQ-14942,SCMS-259073,ASN-30671,South Africa,PMO - US,Direct Drop,DDP,Truck,2014-09-11,2015-02-12,2015-02-12,2015-02-12,2015-02-12,ARV,Pediatric,PHARMACY DIRECT,"Abacavir 20mg/ml, oral solution, Bottle, 240 ml",Abacavir,Generic,20mg/ml,Oral solution,240,23,407.34,17.71,0.07,"Aurobindo Unit III, India",False,27.0,0.0,0.42
5734,67225,105-SS-T30,FPQ-15569,SCMS-272150,ASN-31765,South Sudan,PMO - US,Direct Drop,EXW,Air,2014-12-29,2015-02-20,2015-07-25,2015-07-25,2015-07-29,HRDT,HIV test,"Trinity Biotech, Plc","HIV 1/2, Uni-Gold HIV Kit, 20 Tests","HIV 1/2, Uni-Gold HIV Kit",Uni-Gold,no_dosage,Test kit,20,18,576.0,32.0,1.6,"Trinity Biotech, Plc",False,98.5,2575.925,0.68
5735,67244,107-RW-T30,FPQ-12518,SCMS-198222,ASN-24717,Rwanda,PMO - US,Direct Drop,EXW,Air,2013-06-21,2013-08-12,2014-03-27,2014-03-27,2014-03-27,HRDT,HIV test,"SHANGHAI KEHUA BIOENGINEERING CO.,LTD.  (KHB)","HIV 1/2, SKB Colloidal Gold, Diagnostic Kit, Antibody, 50 Tests","HIV 1/2, Colloidal Gold, Diagnostic Kit, Antibody",Colloidal Gold,no_dosage,Test kit,1,2988,73206.0,24.5,24.5,"KHB Test Kit Facility, Shanghai China",True,1992.0,26266.34,90.56
5736,67248,116-ZA-T30,FPQ-14942,SCMS-259084,ASN-33331,South Africa,PMO - US,Direct Drop,DDP,Truck,2014-09-11,2015-07-14,2015-07-14,2015-07-14,2015-07-14,ARV,Pediatric,PHARMACY DIRECT,"Lopinavir/Ritonavir 80/20mg/ml [Kaletra], oral solution, cool, Bottle 5 x 60 ml",Lopinavir/Ritonavir,Kaletra,80/20mg/ml,Oral solution,300,4,68.56,17.14,0.06,ABBVIE (Abbott) Logis. UK,True,78.0,0.0,0.07
5737,67263,109-TZ-T30,FPQ-7909,SCMS-114990,ASN-12162,Tanzania,PMO - US,Direct Drop,EXW,Air,2011-06-24,2011-07-18,2011-09-29,2011-10-05,2011-10-05,HRDT,HIV test,"Standard Diagnostics, Inc.","HIV 1/2, Bioline 3.0 Kit, Lancets, Capillary pipets, Alcohol swabs included, 25 Tests","HIV 1/2, Bioline 3.0 Kit, Lancets, Capillary pipets, Alcohol swabs included",Bioline,no_dosage,Test kit,25,10000,200000.0,20.0,0.8,"Standard Diagnostics, Korea",True,3334.0,22523.12,330.0
5738,67300,111-MZ-T30,FPQ-10369,SCMS-157230,ASN-16634,Mozambique,PMO - US,Direct Drop,EXW,Air,2012-07-23,2012-08-22,2012-10-18,2012-10-18,2012-10-18,HRDT,HIV test,"Orgenics, Ltd","HIV 1/2, Determine Kit without Lancets, Buffer or Caplillary Tubes, 100 Tests","HIV 1/2, Determine Kit without Lancets, Buffer or Capillary Tubes, 100 Tests",Determine,no_dosage,Test kit,100,215,15512.25,72.15,0.72,"Alere Medical Co., Ltd.",False,41.0,3247.5699999999997,21.75
5739,67308,107-RW-T30,FPQ-15695,SCMS-276400,ASN-31756,Rwanda,PMO - US,Direct Drop,FCA,Air,2015-01-15,2015-02-23,2015-05-11,2015-05-11,2015-05-11,ARV,Pediatric,ABBVIE LOGISTICS (FORMERLY ABBOTT LOGISTICS BV),"Lopinavir/Ritonavir 100/25mg [Aluvia], tablets, 60 Tabs",Lopinavir/Ritonavir,Generic,100/25mg,Tablet,60,642,3813.48,5.94,0.1,ABBVIE Ludwigshafen Germany,True,83.0,929.85,4.49
5740,67321,104-CI-T30,FPQ-5518,SCMS-61091,ASN-6764,Côte d'Ivoire,PMO - US,Direct Drop,EXW,Air,2010-04-15,2010-04-15,2010-05-26,2010-05-26,2010-05-26,ARV,Pediatric,Aurobindo Pharma Limited,"Didanosine 200mg, chewable/dispersible tablets, 60 Tabs",Didanosine,Generic,200mg,Chewable/dispersible tablet,60,712,10680.0,15.0,0.25,"Aurobindo Unit III, India",True,147.0,1836.81,23.03
5741,67372,144-BW-T30,FPQ-4167,SCMS-54120,ASN-8574,Botswana,PMO - US,Direct Drop,EXW,Air,2009-09-09,2009-09-30,2010-11-22,2010-11-22,2010-11-22,HRDT,HIV test,"Trinity Biotech, Plc","HIV 1/2, Uni-Gold HIV Kit, 20 Tests","HIV 1/2, Uni-Gold HIV Kit",Uni-Gold,no_dosage,Test kit,20,5,160.0,32.0,1.6,"Trinity Biotech, Plc",True,2.0,634.36,0.31
5742,67389,108-VN-T30,FPQ-5317,SCMS-69240,ASN-7581,Vietnam,PMO - US,Direct Drop,EXW,Air,2010-03-22,2010-03-25,2010-08-13,2010-08-13,2010-08-13,ARV,Adult,Aurobindo Pharma Limited,"Stavudine 30mg, capsules, 60 Caps",Stavudine,Generic,30mg,Capsule,60,28496,39894.4,1.4,0.02,"Aurobindo Unit III, India",False,668.5,4400.805,86.01
5743,67448,116-ZA-T30,FPQ-13973,SCMS-238551,ASN-26882,South Africa,PMO - US,Direct Drop,DDP,Truck,2014-04-30,2014-06-25,2014-06-25,2014-06-25,2014-06-25,ARV,Adult,PHARMACY DIRECT,"Tenofovir Disoproxil Fumarate 300mg, tablets, 30 Tabs",Tenofovir Disoproxil Fumarate,Generic,300mg,Tablet,30,91,1644.26,18.07,0.6,Mylan (formerly Matrix) Nashik,False,668.5,0.0,1.69
5744,74540,108-VN-T30,FPQ-4662,SCMS-58710,ASN-5842,Vietnam,PMO - US,Direct Drop,EXW,Air,2009-12-02,2009-12-08,2010-01-27,2010-01-27,2010-01-27,ARV,Adult,STRIDES ARCOLAB LIMITED,"Stavudine 30mg, capsules, 60 Caps",Stavudine,Generic,30mg,Capsule,60,8904,12465.6,1.4,0.02,"Strides, Bangalore, India.",True,429.0,2633.91,26.88
5745,67449,101-CD-T30,FPQ-13548,SCMS-224840,ASN-24721,"Congo, DRC",PMO - US,Direct Drop,EXW,Air,2014-01-22,2014-01-28,2014-04-04,2014-04-04,2014-04-28,HRDT,HIV test,"Trinity Biotech, Plc","HIV 1/2, Uni-Gold HIV Kit, 20 Tests","HIV 1/2, Uni-Gold HIV Kit",Uni-Gold,no_dosage,Test kit,20,6,192.0,32.0,1.6,"Trinity Biotech, Plc",False,8.5,2346.5699999999997,0.2
5746,67476,161-ZA-T30,FPQ-5303,SCMS-69010,ASN-7317,South Africa,PMO - US,Direct Drop,DDP,Air,2010-03-18,2010-03-19,2010-06-24,2010-06-24,2010-06-24,ARV,Adult,Aurobindo Pharma Limited,"Zidovudine 300mg, tablets, 60 Tabs",Zidovudine,Generic,300mg,Tablet,60,23800,176834.0,7.43,0.12,"Aurobindo Unit III, India",True,1273.0,3296.58,381.25
5747,67501,117-ET-T30,FPQ-7065,SCMS-98701,ASN-11156,Ethiopia,PMO - US,Direct Drop,EXW,Air,2011-01-26,2011-02-15,2011-06-28,2011-06-28,2011-06-28,ARV,Adult,Aurobindo Pharma Limited,"Lopinavir/Ritonavir 200/50mg, tablets, 120 Tabs",Lopinavir/Ritonavir,Generic,200/50mg,Tablet,120,14498,487132.8,33.6,0.28,"Aurobindo Unit III, India",True,3685.0,16359.2,803.77
5748,67509,109-TZ-T30,FPQ-12286,SCMS-193850,ASN-20160,Tanzania,PMO - US,Direct Drop,EXW,Air,2013-05-16,2013-06-11,2013-08-24,2013-08-24,2013-08-24,ARV,Adult,Aurobindo Pharma Limited,"Lamivudine/Nevirapine/Zidovudine 150/200/300mg, tablets, 60 Tabs",Lamivudine/Nevirapine/Zidovudine,Generic,150/300/200mg,Tablet - FDC,60,32002,260816.3,8.15,0.14,"Aurobindo Unit III, India",True,4059.0,17997.84,322.63
5749,67526,116-ZA-T30,FPQ-14942,SCMS-295800,ASN-33865,South Africa,PMO - US,Direct Drop,DDP,Truck,2014-09-11,2015-08-24,2015-08-24,2015-08-24,2015-08-24,ARV,Adult,PHARMACY DIRECT,"Zidovudine 300mg, tablets, 60 Tabs",Zidovudine,Generic,300mg,Tablet,60,14,270.58,19.33,0.32,"Aurobindo Unit III, India",False,38.5,0.0,0.28
5750,67541,151-NG-T30,FPQ-4574,SCMS-59990,ASN-6680,Nigeria,PMO - US,Direct Drop,FCA,Air,2009-11-19,2009-12-22,2010-05-21,2010-05-21,2010-05-21,ARV,Adult,Hoffmann-La Roche ltd Basel,"Saquinavir 500mg [Invirase], tablets, 120 Tabs",Saquinavir,Invirase,500mg,Tablet,120,2106,207249.44,98.41,0.82,Roche Basel,True,1829.0,10144.765,446.83
5751,67551,111-MZ-T30,FPQ-15221,SCMS-270120,ASN-32420,Mozambique,PMO - US,Direct Drop,CIP,Air,2014-10-28,2014-12-19,2015-06-09,2015-06-09,2015-07-16,ARV,Adult,MERCK SHARP & DOHME IDEA GMBH (FORMALLY MERCK SHARP & DOHME B.V.),"Raltegravir 400mg [Isentress], tablets, 60 Tabs",Raltegravir,Isentress,400mg,Tablet,60,52,2886.0,55.5,0.92,"MSD, Haarlem, NL",True,38.0,0.0,3.4
5752,67562,109-TZ-T30,FPQ-10394,SCMS-156520,ASN-16036,Tanzania,PMO - US,Direct Drop,EXW,Air,2012-07-26,2012-08-09,2012-09-27,2012-09-27,2012-09-27,ARV,Adult,Aurobindo Pharma Limited,"Lamivudine/Zidovudine 150/300mg, tablets, 60 Tabs",Lamivudine/Zidovudine,Generic,150/300mg,Tablet - FDC,60,37589,268761.35,7.15,0.12,"Aurobindo Unit III, India",True,3267.0,13180.76,376.8
5753,67597,101-CD-T30,FPQ-16001,SCMS-280220,ASN-32231,"Congo, DRC",PMO - US,Direct Drop,EXW,Air,2015-03-10,2015-03-17,2015-07-23,2015-07-23,2015-07-29,HRDT,HIV test,"Orgenics, Ltd","HIV 1/2, Determine Complete HIV Kit, 100 Tests","HIV 1/2, Determine Complete HIV Kit",Determine,no_dosage,Test kit,100,263,21040.0,80.0,0.8,"Alere Medical Co., Ltd.",False,394.0,2346.5699999999997,24.76
5754,67600,110-ZM-T30,FPQ-5987,SCMS-77910,ASN-8037,Zambia,PMO - US,Direct Drop,CIP,Air,2010-06-29,2009-11-17,2010-09-15,2010-09-15,2010-09-15,ARV,Adult,ABBVIE LOGISTICS (FORMERLY ABBOTT LOGISTICS BV),"Lopinavir/Ritonavir 200/50mg [Aluvia], tablets, 120 Tabs",Lopinavir/Ritonavir,Aluvia,200/50mg,Tablet,120,22000,816200.0,37.1,0.31,ABBVIE Ludwigshafen Germany,True,4959.0,2173.4,1759.73
5755,67614,105-SS-T30,FPQ-15569,SCMS-272160,ASN-31337,South Sudan,PMO - US,Direct Drop,EXW,Air,2014-12-29,2015-02-20,2015-06-03,2015-06-03,2015-06-05,HRDT,HIV test,"Orgenics, Ltd","HIV 1/2, Determine Complete HIV Kit, 100 Tests","HIV 1/2, Determine Complete HIV Kit",Determine,no_dosage,Test kit,100,90,8010.0,89.0,0.89,"Alere Medical Co., Ltd.",False,39.0,2575.925,9.43
5756,67634,116-ZA-T30,FPQ-13973,SCMS-238554,ASN-28629,South Africa,PMO - US,Direct Drop,DDP,Truck,2014-04-30,2014-10-03,2014-10-03,2014-10-03,2014-10-03,ARV,Adult,PHARMACY DIRECT,"Etravirine 100mg [Intelence], tablets, 120 Tabs",Etravirine,Intelence,100mg,Tablet,120,33,1168.83,35.42,0.3,"Janssen-Cilag, Latina, IT",True,668.5,0.0,1.2
5757,67654,116-ZA-T30,FPQ-13973,SCMS-238551,ASN-26882,South Africa,PMO - US,Direct Drop,DDP,Truck,2014-04-30,2014-06-25,2014-06-25,2014-06-25,2014-06-25,ARV,Adult,PHARMACY DIRECT,"Emtricitabine/Tenofovir Disoproxil Fumarate 200/300mg, tablets, 30 Tabs",Emtricitabine/Tenofovir Disoproxil Fumarate,Generic,200/300mg,Tablet - FDC,30,11,332.32,30.21,1.01,"Aurobindo Unit III, India",False,17.0,0.0,0.34
5758,67661,105-GY-T30,FPQ-12626,SCMS-201380,ASN-22952,Guyana,PMO - US,Direct Drop,EXW,Air,2013-07-16,2013-08-02,2013-12-04,2013-12-04,2013-12-20,ARV,Pediatric,Aurobindo Pharma Limited,"Zidovudine 100mg, capsules, 100 Caps",Zidovudine,Generic,100mg,Capsule,100,114,513.0,4.5,0.04,"Aurobindo Unit III, India",True,5.0,672.49,0.63
5759,67666,116-ZA-T30,FPQ-14942,SCMS-259075,ASN-32122,South Africa,PMO - US,Direct Drop,DDP,Truck,2014-09-11,2015-05-11,2015-05-12,2015-05-12,2015-05-12,ARV,Pediatric,PHARMACY DIRECT,"Efavirenz 200mg, capsule, 90 Caps",Efavirenz,Generic,200mg,Capsule,90,12,204.53,17.04,0.19,"Aurobindo Unit III, India",False,48.0,0.0,0.21
5760,67703,104-CI-T30,FPQ-13155,SCMS-216970,ASN-25670,Côte d'Ivoire,PMO - US,Direct Drop,FCA,Air,2013-10-22,2013-12-04,2014-04-25,2014-04-25,2014-04-25,ARV,Adult,ABBVIE LOGISTICS (FORMERLY ABBOTT LOGISTICS BV),"Ritonavir 100mg [Norvir], film coated tablets, 60 Tabs",Ritonavir,Norvir,100mg,Tablet,60,3000,20550.0,6.85,0.11,ABBVIE Ludwigshafen Germany,True,385.0,3765.28,21.13
5761,67717,108-VN-T30,FPQ-5317,SCMS-69250,ASN-7661,Vietnam,PMO - US,Direct Drop,EXW,Air,2010-03-22,2010-03-25,2010-08-13,2010-08-13,2010-08-13,ARV,Adult,Aurobindo Pharma Limited,"Stavudine 30mg, capsules, 60 Caps",Stavudine,Generic,30mg,Capsule,60,21504,30105.6,1.4,0.02,"Aurobindo Unit III, India",False,1849.0,4400.805,64.91
5762,67720,105-SS-T30,FPQ-15569,SCMS-272160,ASN-31331,South Sudan,PMO - US,Direct Drop,EXW,Air,2014-12-29,2015-02-20,2015-06-03,2015-06-03,2015-06-05,HRDT,HIV test - Ancillary,"Orgenics, Ltd","Chase Buffer, Determine, 100 Tests, 2.5ml x 1 Vial","Chase Buffer, Determine, 100 Tests, 2.5ml x 1 Vial",Determine,no_dosage,Test kit - Ancillary,1,50,250.0,5.0,5.0,"Alere Medical Co., Ltd.",False,18.0,2575.925,0.29
5763,67739,104-CI-T30,FPQ-14068,SCMS-237930,ASN-26334,Côte d'Ivoire,PMO - US,Direct Drop,EXW,Air,2014-04-22,2014-05-07,2014-06-11,2014-06-11,2014-06-12,ARV,Adult,Aurobindo Pharma Limited,"Didanosine 250mg, delayed-release capsules, 30 Caps",Didanosine,Generic,250mg,Delayed-release capsules,30,1984,15038.72,7.58,0.25,"Aurobindo Unit III, India",True,46.0,1899.89,15.46
5764,67753,109-TZ-T30,FPQ-7680,SCMS-111660,ASN-11623,Tanzania,PMO - US,Direct Drop,EXW,Air,2011-06-06,2011-06-22,2011-09-29,2011-09-29,2011-09-29,ARV,Pediatric,EMCURE PHARMACEUTICALS LTD,"Atazanavir 150mg, capsules, 60 Caps",Atazanavir,Generic,150mg,Capsule,60,1028,22616.0,22.0,0.37,"Emcure Plot No.P-2, I.T-B.T. Park, Phase II, MIDC, Hinjwadi, Pune, India",True,107.0,1794.89,37.32
5765,67759,116-ZA-T30,FPQ-11828,SCMS-183950,ASN-19166,South Africa,South Africa Field Office,Direct Drop,DDP,Truck,2013-03-18,2012-10-16,2013-04-16,2013-04-16,2013-04-16,ARV,Adult,S. BUYS WHOLESALER,"Lamivudine/Zidovudine 150/300mg, tablets, 60 Tabs",Lamivudine/Zidovudine,Generic,150/300mg,Tablet - FDC,60,287,4059.7,14.15,0.24,"Cipla, Goa, India",False,668.5,0.0,5.02
5766,67769,105-DO-T30,FPQ-12359,SCMS-202330,ASN-22277,Dominican Republic,PMO - US,Direct Drop,EXW,Air,2013-06-04,2013-08-07,2013-10-29,2013-10-29,2013-11-01,HRDT,HIV test,"Standard Diagnostics, Inc.","HIV 1/2, Determine Complete HIV Kit, 100 Tests","HIV 1/2, Determine Complete HIV Kit",Determine,no_dosage,Test kit,100,112,0.0,0.0,0.0,"Alere Medical Co., Ltd.",False,46.0,3026.24,0.0
5767,67776,108-VN-T30,FPQ-4662,SCMS-58610,ASN-5841,Vietnam,PMO - US,Direct Drop,EXW,Air,2009-12-02,2009-12-08,2010-01-25,2010-01-25,2010-01-25,ARV,Adult,STRIDES ARCOLAB LIMITED,"Stavudine 30mg, capsules, 60 Caps",Stavudine,Generic,30mg,Capsule,60,672,940.8,1.4,0.02,"Strides, Bangalore, India.",True,32.0,1701.1,2.03
5768,67806,107-RW-T30,FPQ-8742,SCMS-137410,ASN-15442,Rwanda,PMO - US,Direct Drop,EXW,Air,2011-12-07,2012-05-18,2012-07-20,2012-07-20,2012-07-20,ARV,Adult,HETERO LABS LIMITED,"Efavirenz 600mg, tablets, 30 Tabs",Efavirenz,Generic,600mg,Tablet,30,3007,10734.99,3.57,0.12,Hetero Unit III Hyderabad IN,True,262.0,3840.85,15.05
5769,67854,108-VN-T30,FPQ-15692,SCMS-274360,ASN-32779,Vietnam,PMO - US,Direct Drop,EXW,Air,2015-01-28,2015-02-17,2015-07-30,2015-07-30,2015-07-30,ARV,Adult,MYLAN LABORATORIES LTD (FORMERLY MATRIX LABORATORIES),"Lamivudine/Zidovudine 150/300mg, tablets, 60 Tabs",Lamivudine/Zidovudine,Generic,150/300mg,Tablet - FDC,60,20000,129800.0,6.49,0.11,Mylan (formerly Matrix) Nashik,True,1748.0,3868.49,152.77
5770,67864,900-TZ-T30,FPQ-10396,SCMS-157661,ASN-17084,Tanzania,PMO - US,Direct Drop,EXW,Air,2012-07-31,2012-10-04,2012-12-07,2012-12-07,2012-12-07,HRDT,HIV test,"Orgenics, Ltd","HIV 1/2, Determine Complete HIV Kit, 100 Tests","HIV 1/2, Determine Complete HIV Kit",Determine,no_dosage,Test kit,100,2744,219520.0,80.0,0.8,"Alere Medical Co., Ltd.",True,1303.0,22617.38,307.77
5771,67868,104-CI-T30,FPQ-4381,SCMS-57601,ASN-10179,Côte d'Ivoire,PMO - US,Direct Drop,FCA,Air,2009-11-05,2009-11-23,2011-04-29,2011-04-29,2011-04-29,ARV,Adult,ABBVIE LOGISTICS (FORMERLY ABBOTT LOGISTICS BV),"Ritonavir 100mg [Norvir], film coated tablets, 60 Tabs",Ritonavir,Norvir,100mg,Tablet,60,3450,23632.5,6.85,0.11,ABBVIE Ludwigshafen Germany,True,440.0,4588.02,46.32
5772,67917,161-ZA-T30,FPQ-5648,SCMS-75460,ASN-8900,South Africa,PMO - US,Direct Drop,DDP,Ocean,2010-06-02,2010-06-17,2011-03-04,2011-01-06,2011-01-06,ARV,Adult,Aurobindo Pharma Limited,"Lamivudine 150mg, tablets, 60 Tabs",Lamivudine,Generic,150mg,Tablet,60,19172,46396.24,2.42,0.04,"Aurobindo Unit III, India",True,668.5,0.0,100.03
5773,67925,116-ZA-T30,FPQ-14942,SCMS-295800,ASN-33865,South Africa,PMO - US,Direct Drop,DDP,Truck,2014-09-11,2015-08-24,2015-08-24,2015-08-24,2015-08-24,ARV,Adult,PHARMACY DIRECT,"Nevirapine 200mg, tablets, 60 Tabs",Nevirapine,Generic,200mg,Tablet,60,18,247.28,13.74,0.23,"Aurobindo Unit III, India",False,55.0,0.0,0.25
5774,67980,133-NG-T30,FPQ-10765,SCMS-162440,ASN-17525,Nigeria,PMO - US,Direct Drop,EXW,Air,2012-10-05,2012-10-16,2013-01-09,2013-01-08,2013-01-08,HRDT,HIV test,"Orgenics, Ltd","HIV 1/2, Determine Complete HIV Kit, 100 Tests","HIV 1/2, Determine Complete HIV Kit",Determine,no_dosage,Test kit,100,2744,244216.0,89.0,0.89,"Alere Medical Co., Ltd.",True,1186.0,24927.19,342.39
5775,68007,100-ZW-T30,FPQ-5018,SCMS-65350,ASN-6752,Zimbabwe,PMO - US,Direct Drop,EXW,Air,2010-02-02,2010-02-17,2010-05-20,2010-05-20,2010-05-20,HRDT,HIV test,"Orgenics, Ltd","HIV 1/2, Determine Complete HIV Kit, 100 Tests","HIV 1/2, Determine Complete HIV Kit",Determine,no_dosage,Test kit,100,2100,151200.0,72.0,0.72,Inverness Japan,True,1016.0,18862.39,325.99
5776,68050,108-VN-T30,FPQ-11418,SCMS-176270,ASN-19859,Vietnam,PMO - US,Direct Drop,EXW,Air,2013-01-29,2013-02-06,2013-07-05,2013-07-05,2013-07-05,ARV,Adult,HETERO LABS LIMITED,"Lamivudine/Nevirapine/Zidovudine 150/200/300mg, tablets, 60 Tabs",Lamivudine/Nevirapine/Zidovudine,Generic,150/300/200mg,Tablet - FDC,60,4555,37396.55,8.21,0.14,Hetero Unit III Hyderabad IN,False,668.5,4400.805,46.26
5777,68096,108-VN-T30,FPQ-4266,SCMS-56290,ASN-6251,Vietnam,PMO - US,Direct Drop,EXW,Air,2009-10-20,2009-11-02,2010-03-22,2010-03-22,2010-03-22,ARV,Adult,MYLAN LABORATORIES LTD (FORMERLY MATRIX LABORATORIES),"Zidovudine 300mg, tablets, 60 Tabs",Zidovudine,Generic,300mg,Tablet,60,840,6300.0,7.5,0.12,Mylan (formerly Matrix) Nashik,True,57.0,8747.56,12.35
5778,68110,116-ZA-T30,FPQ-13973,SCMS-238554,ASN-28629,South Africa,PMO - US,Direct Drop,DDP,Truck,2014-04-30,2014-10-03,2014-10-03,2014-10-03,2014-10-03,ARV,Adult,PHARMACY DIRECT,"Darunavir 300mg [Prezista], tablets, 120 Tabs",Darunavir,Prezista,300mg,Tablet,120,36,2509.54,69.71,0.58,"Janssen-Cilag, Latina, IT",False,22.0,0.0,2.58
5779,68116,116-ZA-T30,FPQ-13973,SCMS-238551,ASN-26882,South Africa,PMO - US,Direct Drop,DDP,Truck,2014-04-30,2014-06-25,2014-06-25,2014-06-25,2014-06-25,ARV,Adult,PHARMACY DIRECT,"Efavirenz 600mg, tablets, 30 Tabs",Efavirenz,Generic,600mg,Tablet,30,106,1653.18,15.6,0.52,"Aurobindo Unit III, India",False,668.5,0.0,1.7
5780,68117,116-ZA-T30,FPQ-12522,SCMS-199280,ASN-24433,South Africa,PMO - US,Direct Drop,DDP,Truck,2013-07-11,2013-08-13,2014-02-07,2014-02-07,2014-02-07,ARV,Adult,S. BUYS WHOLESALER,"Lamivudine 150mg, tablets, 60 Tabs",Lamivudine,Generic,150mg,Tablet,60,415,4049.18,9.76,0.16,Hetero Unit III Hyderabad IN,False,668.5,0.0,5.01
5781,68126,109-TZ-T30,FPQ-9211,SCMS-135870,ASN-13851,Tanzania,PMO - US,Direct Drop,EXW,Air,2012-01-25,2012-01-27,2012-03-07,2012-03-08,2012-03-08,HRDT,HIV test,"Orgenics, Ltd","HIV 1/2, Determine Complete HIV Kit, 100 Tests","HIV 1/2, Determine Complete HIV Kit",Determine,no_dosage,Test kit,100,1044,83520.0,80.0,0.8,"Alere Medical Co., Ltd.",True,499.0,9894.85,117.1
5782,68128,105-SS-T30,FPQ-12623,SCMS-200920,ASN-21751,South Sudan,PMO - US,Direct Drop,EXW,Air,2013-07-18,2013-08-06,2013-10-18,2013-10-18,2013-10-18,HRDT,HIV test,"Trinity Biotech, Plc","HIV 1/2, Uni-Gold HIV Kit, 20 Tests","HIV 1/2, Uni-Gold HIV Kit",Uni-Gold,no_dosage,Test kit,20,25,800.0,32.0,1.6,"Trinity Biotech, Plc",False,39.5,2575.925,0.99
5783,68138,109-TZ-T30,FPQ-6936,SCMS-100630,ASN-10756,Tanzania,PMO - US,Direct Drop,EXW,Air,2010-12-27,2011-03-09,2011-06-09,2011-06-09,2011-06-09,HRDT,HIV test,"Standard Diagnostics, Inc.","HIV 1/2, Bioline 3.0 Kit, Lancets, Capillary pipets, Alcohol swabs included, 25 Tests","HIV 1/2, Bioline 3.0 Kit, Lancets, Capillary pipets, Alcohol swabs included",Bioline,no_dosage,Test kit,25,10000,200000.0,20.0,0.8,"Standard Diagnostics, Korea",True,3335.0,24382.98,330.0
5784,68186,109-TZ-T30,FPQ-12588,SCMS-200850,ASN-22193,Tanzania,PMO - US,Direct Drop,EXW,Air,2013-07-15,2013-08-02,2013-11-13,2013-11-13,2013-11-14,ARV,Pediatric,Aurobindo Pharma Limited,"Efavirenz 50mg, capsule, 30 Caps",Efavirenz,Generic,50mg,Capsule,30,3550,5538.0,1.56,0.05,"Aurobindo Unit III, India",True,255.0,2454.46,6.85
5785,68508,109-TZ-T30,FPQ-4157,SCMS-52771,ASN-5076,Tanzania,PMO - US,Direct Drop,EXW,Air,2009-08-27,2009-09-03,2009-12-15,2009-12-15,2009-12-15,HRDT,HIV test,"Standard Diagnostics, Inc.","HIV 1/2, Bioline 3.0 Kit, (no accessories), 30 Tests","HIV 1/2, Bioline 3.0 Kit (no accessories)",Bioline,no_dosage,Test kit,30,20000,480000.0,24.0,0.8,"Standard Diagnostics, Korea",True,6223.0,82236.74,940.8
5786,68207,116-ZA-T30,FPQ-4770,SCMS-60170,ASN-5934,South Africa,PMO - US,Direct Drop,DDP,Truck,2009-12-17,2009-12-23,2009-12-28,2009-12-28,2009-12-28,ARV,Pediatric,S. BUYS WHOLESALER,"Lamivudine 10mg/ml [Epivir], oral solution, Bottle, 240 ml",Lamivudine,Epivir,10mg/ml,Oral solution,240,800,4943.88,6.18,0.03,GSK Mississauga (Canada),False,98.0,0.0,10.66
5787,68219,104-CI-T30,FPQ-14372,SCMS-246570,ASN-31173,Côte d'Ivoire,PMO - US,Direct Drop,FCA,Air,2014-06-03,2014-07-31,2015-04-09,2015-04-09,2015-04-10,ARV,Pediatric,ABBVIE LOGISTICS (FORMERLY ABBOTT LOGISTICS BV),"Lopinavir/Ritonavir 80/20mg/ml [Kaletra], oral solution, cool, Bottle 5 x 60 ml",Lopinavir/Ritonavir,Kaletra,80/20mg/ml,Oral solution,300,745,22960.9,30.82,0.1,ABBVIE (Abbott) Logis. UK,True,844.0,9768.22,23.6
5788,68230,108-VN-T30,FPQ-4720,SCMS-62380,ASN-6188,Vietnam,PMO - US,Direct Drop,FCA,Air,2009-01-04,2010-01-11,2010-03-15,2010-03-15,2010-03-15,ARV,Adult,ABBVIE LOGISTICS (FORMERLY ABBOTT LOGISTICS BV),"Lopinavir/Ritonavir 200/50mg [Aluvia], tablets, 120 Tabs",Lopinavir/Ritonavir,Aluvia,200/50mg,Tablet,120,1820,149604.0,82.2,0.68,ABBVIE Ludwigshafen Germany,True,445.0,4755.76,322.55
5789,68231,116-ZA-T30,FPQ-13214,SCMS-215410,ASN-23875,South Africa,PMO - US,Direct Drop,DDP,Truck,2013-11-14,2013-12-02,2014-01-13,2014-01-13,2014-01-13,ARV,Adult,S. BUYS WHOLESALER,"Efavirenz 600mg, tablets, 30 Tabs",Efavirenz,Generic,600mg,Tablet,30,2157,33315.55,15.45,0.52,"Aurobindo Unit III, India",False,668.5,0.0,34.25
5790,68241,107-RW-T30,FPQ-8932,SCMS-129870,ASN-13372,Rwanda,PMO - US,Direct Drop,EXW,Air,2011-12-06,2011-12-13,2012-01-24,2012-01-25,2012-01-25,ARV,Adult,Aurobindo Pharma Limited,"Lamivudine/Tenofovir Disoproxil Fumarate 300/300mg, tablets, 30 Tabs",Lamivudine/Tenofovir Disoproxil Fumarate,Generic,300/300mg,Tablet - FDC,30,48640,260224.0,5.35,0.18,"Aurobindo Unit VII, IN",True,4746.0,98521.56,364.83
5791,68268,117-ET-T30,FPQ-9247,SCMS-135780,ASN-13723,Ethiopia,PMO - US,Direct Drop,FCA,Air,2012-01-26,2012-01-30,2012-02-20,2012-02-20,2012-02-20,ARV,Pediatric,ABBVIE LOGISTICS (FORMERLY ABBOTT LOGISTICS BV),"Lopinavir/Ritonavir 80/20mg/ml [Kaletra], oral solution, cool, Bottle 5 x 60 ml",Lopinavir/Ritonavir,Kaletra,80/20mg/ml,Oral solution,300,699,21543.18,30.82,0.1,ABBVIE (Abbott) Logis. UK,True,728.0,6941.12,30.2
5792,68281,116-ZA-T30,FPQ-14942,SCMS-259075,ASN-32122,South Africa,PMO - US,Direct Drop,DDP,Truck,2014-09-11,2015-05-11,2015-05-12,2015-05-12,2015-05-12,ARV,Adult,PHARMACY DIRECT,"Didanosine 250mg, delayed-release capsules, 30 Caps",Didanosine,Generic,250mg,Delayed-release capsules,30,5,55.08,11.02,0.37,"Aurobindo Unit III, India",False,842.0,0.0,0.06
5793,68341,161-ZA-T30,FPQ-6262,SCMS-84200,ASN-9514,South Africa,PMO - US,Direct Drop,DDP,Ocean,2010-08-31,2010-09-21,2011-02-23,2011-02-23,2011-02-23,ARV,Adult,CIPLA LIMITED,"Tenofovir Disoproxil Fumarate 300mg, tablets, 30 Tabs",Tenofovir Disoproxil Fumarate,Generic,300mg,Tablet,30,105278,740104.34,7.03,0.23,"Cipla, Goa, India",True,7225.0,6038.21,1595.66
5794,68361,108-VN-T30,FPQ-10286,SCMS-156270,ASN-17262,Vietnam,PMO - US,Direct Drop,EXW,Air,2012-07-25,2012-08-14,2012-12-19,2012-12-19,2012-12-19,ARV,Pediatric,MYLAN LABORATORIES LTD (FORMERLY MATRIX LABORATORIES),"Lamivudine/Nevirapine/Zidovudine 30/50/60mg, dispersible tablets, 60 Tabs",Lamivudine/Nevirapine/Zidovudine,Generic,30/50/60mg,Chewable/dispersible tablet - FDC,60,10508,43608.2,4.15,0.07,Mylan (formerly Matrix) Nashik,True,678.0,2148.1,61.14
5795,68367,107-RW-T30,FPQ-9168,SCMS-137550,ASN-15880,Rwanda,PMO - US,Direct Drop,EXW,Ocean,2012-01-13,2012-05-31,2012-10-08,2012-10-08,2012-10-08,ARV,Adult,MYLAN LABORATORIES LTD (FORMERLY MATRIX LABORATORIES),"Lamivudine/Tenofovir Disoproxil Fumarate 300/300mg, tablets, 30 Tabs",Lamivudine/Tenofovir Disoproxil Fumarate,Generic,300/300mg,Tablet - FDC,30,131704,683543.76,5.19,0.17,Mylan (formerly Matrix) Nashik,True,10116.0,24250.15,958.33
5796,68389,116-ZA-T30,FPQ-14942,SCMS-259072,ASN-30377,South Africa,PMO - US,Direct Drop,DDP,Truck,2014-09-11,2015-01-26,2015-01-26,2015-01-26,2015-01-26,ARV,Pediatric,PHARMACY DIRECT,"Efavirenz 50mg, capsule, 30 Caps",Efavirenz,Generic,50mg,Capsule,30,9,19.55,2.17,0.07,"Aurobindo Unit III, India",False,1.0,0.0,0.02
5797,68397,114-UG-T30,FPQ-12841,SCMS-205040,ASN-23308,Uganda,PMO - US,Direct Drop,EXW,Air,2013-08-19,2013-09-02,2014-01-17,2014-01-17,2014-01-21,ARV,Pediatric,Aurobindo Pharma Limited,"Nevirapine 50mg, dispersible tablets (tablets for oral suspension), 30 Tabs",Nevirapine,Generic,50mg,Chewable/dispersible tablet,30,9051,11313.75,1.25,0.04,"Aurobindo Unit III, India",True,575.0,3231.11,14.0
5798,68401,114-UG-T30,FPQ-4320,SCMS-58120,ASN-5947,Uganda,PMO - US,Direct Drop,CIP,Air,2009-11-16,2009-11-25,2010-02-18,2010-02-18,2010-02-18,ARV,Adult,MERCK SHARP & DOHME IDEA GMBH (FORMALLY MERCK SHARP & DOHME B.V.),"Indinavir 400mg [Crixivan], capsules, 180 Caps",Indinavir,Crixivan,400mg,Capsule,180,153,7650.0,50.0,0.28,"MSD, Haarlem, NL",True,34.0,395.0,14.99
5799,68437,111-MZ-T30,FPQ-6562,SCMS-93750,ASN-9835,Mozambique,PMO - US,Direct Drop,EXW,Air,2010-11-16,2011-01-12,2011-04-07,2011-04-07,2011-04-07,HRDT,HIV test,"Trinity Biotech, Plc","HIV 1/2, Uni-Gold HIV Kit, 20 Tests","HIV 1/2, Uni-Gold HIV Kit",Uni-Gold,no_dosage,Test kit,20,108,3456.0,32.0,1.6,"Trinity Biotech, Plc",True,41.0,897.87,5.7
5800,68457,161-ZA-T30,FPQ-6708,SCMS-93550,ASN-11511,South Africa,PMO - US,Direct Drop,DDP,Ocean,2010-11-26,2010-12-14,2011-06-13,2011-09-05,2011-09-05,ARV,Adult,Aurobindo Pharma Limited,"Tenofovir Disoproxil Fumarate 300mg, tablets, 30 Tabs",Tenofovir Disoproxil Fumarate,Generic,300mg,Tablet,30,29031,193056.15,6.65,0.22,"Aurobindo Unit III, India",True,668.5,0.0,318.54
5801,68462,107-RW-T30,FPQ-4850,SCMS-63640,ASN-6130,Rwanda,PMO - US,Direct Drop,FCA,Air,2010-01-06,2010-01-20,2010-03-03,2010-03-03,2010-03-03,ARV,Adult,ABBVIE LOGISTICS (FORMERLY ABBOTT LOGISTICS BV),"Ritonavir 100mg [Norvir], capsules, cool, 4 x 84 Caps",Ritonavir,Norvir,100mg,Capsule,336,120,4603.2,38.36,0.11,ABBVIE (Abbott) Logis. UK,True,298.0,2204.08,9.92
5802,68481,104-CI-T30,FPQ-11294,SCMS-173131,ASN-19634,Côte d'Ivoire,PMO - US,Direct Drop,EXW,Air,2012-12-14,2013-01-15,2013-06-04,2013-06-04,2013-06-04,HRDT,HIV test,"Orgenics, Ltd","HIV 1/2, Determine Complete HIV Kit, 100 Tests","HIV 1/2, Determine Complete HIV Kit",Determine,no_dosage,Test kit,100,601,48080.0,80.0,0.8,"Alere Medical Co., Ltd.",True,264.0,36428.24,59.47
5803,68482,106-HT-T30,FPQ-9621,SCMS-147130,ASN-15788,Haiti,PMO - US,Direct Drop,FCA,Air,2012-04-20,2012-06-13,2012-08-20,2012-08-20,2012-08-20,ARV,Pediatric,ABBVIE LOGISTICS (FORMERLY ABBOTT LOGISTICS BV),"Lopinavir/Ritonavir 80/20mg/ml [Kaletra], oral solution, cool, Bottle 5 x 60 ml",Lopinavir/Ritonavir,Kaletra,80/20mg/ml,Oral solution,300,40,1232.8,30.82,0.1,ABBVIE (Abbott) Logis. UK,True,56.5,2946.7200000000003,1.73
5804,68494,108-VN-T30,FPQ-4265,SCMS-56330,ASN-6062,Vietnam,PMO - US,Direct Drop,EXW,Air,2009-10-20,2009-11-03,2010-03-13,2010-03-13,2010-03-13,ARV,Adult,MYLAN LABORATORIES LTD (FORMERLY MATRIX LABORATORIES),"Efavirenz 600mg, tablets, 30 Tabs",Efavirenz,Generic,600mg,Tablet,30,19152,124488.0,6.5,0.22,Mylan (formerly Matrix) Nashik,True,1503.0,11884.14,244.0
5805,68496,106-HT-T30,FPQ-15038,SCMS-262980,ASN-30463,Haiti,PMO - US,Direct Drop,EXW,Ocean,2014-10-22,2015-01-07,2015-04-09,2015-04-09,2015-04-13,ARV,Adult,HETERO LABS LIMITED,"Tenofovir Disoproxil Fumarate 300mg, tablets, 30 Tabs",Tenofovir Disoproxil Fumarate,Generic,300mg,Tablet,30,336,1192.8,3.55,0.12,Hetero Unit III Hyderabad IN,False,30.0,7785.125,1.23
5806,68515,104-CI-T30,FPQ-7325,SCMS-106570,ASN-11058,Côte d'Ivoire,PMO - US,Direct Drop,EXW,Air,2011-03-09,2011-05-05,2011-06-17,2011-06-17,2011-06-17,HRDT,HIV test,"Standard Diagnostics, Inc.","HIV 1/2, Bioline 3.0 Kit, Lancets, Capillary pipets, Alcohol swabs included, 25 Tests","HIV 1/2, Bioline 3.0 Kit, Lancets, Capillary pipets, Alcohol swabs included",Bioline,no_dosage,Test kit,25,1354,27080.0,20.0,0.8,"Standard Diagnostics, Korea",True,422.0,5054.68,44.68
5807,68553,108-VN-T30,FPQ-11417,SCMS-174420,ASN-18913,Vietnam,PMO - US,Direct Drop,EXW,Air,2013-01-10,2013-01-22,2013-04-24,2013-04-24,2013-04-24,ARV,Adult,HETERO LABS LIMITED,"Tenofovir Disoproxil Fumarate 300mg, tablets, 30 Tabs",Tenofovir Disoproxil Fumarate,Generic,300mg,Tablet,30,42660,151443.0,3.55,0.12,Hetero Unit III Hyderabad IN,True,3442.0,10533.01,187.33
5808,68572,109-TZ-T30,FPQ-13569,SCMS-225820,ASN-25604,Tanzania,PMO - US,Direct Drop,EXW,Air,2014-01-21,2014-02-14,2014-05-27,2014-05-27,2014-05-28,ARV,Adult,MYLAN LABORATORIES LTD (FORMERLY MATRIX LABORATORIES),"Atazanavir/Ritonavir 300/100mg, tablets, 30 Tabs",Atazanavir/Ritonavir,Generic,300/100mg,Tablet,30,10565,211300.0,20.0,0.67,Mylan (formerly Matrix) Nashik,True,1412.0,6758.01,217.22
5809,68577,101-CD-T30,FPQ-10044,SCMS-149140,ASN-15986,"Congo, DRC",PMO - US,Direct Drop,EXW,Air,2012-06-05,2012-06-27,2013-02-27,2013-02-27,2013-02-27,HRDT,HIV test,"Orgenics, Ltd","HIV 1/2, Determine Complete HIV Kit, 100 Tests","HIV 1/2, Determine Complete HIV Kit",Determine,no_dosage,Test kit,100,1505,120400.0,80.0,0.8,"Alere Medical Co., Ltd.",True,746.0,13037.01,168.8
5810,68583,105-SS-T30,FPQ-12623,SCMS-200911,ASN-22749,South Sudan,PMO - US,Direct Drop,EXW,Air,2013-07-18,2013-08-05,2014-01-24,2014-01-24,2014-01-24,HRDT,HIV test - Ancillary,"Orgenics, Ltd","Chase Buffer, Determine, 100 Tests, 2.5ml x 1 Vial","Chase Buffer, Determine, 100 Tests, 2.5ml x 1 Vial",Determine,no_dosage,Test kit - Ancillary,1,160,800.0,5.0,5.0,"Alere Medical Co., Ltd.",False,104.0,2575.925,0.99
5811,68596,108-VN-T30,FPQ-13524,SCMS-226190,ASN-27098,Vietnam,PMO - US,Direct Drop,FCA,Air,2014-02-06,2014-03-10,2014-08-18,2014-08-18,2014-08-25,ARV,Adult,ABBVIE LOGISTICS (FORMERLY ABBOTT LOGISTICS BV),"Lopinavir/Ritonavir 200/50mg [Aluvia], tablets, 120 Tabs",Lopinavir/Ritonavir,Aluvia,200/50mg,Tablet,120,4800,291936.0,60.82,0.51,ABBVIE Ludwigshafen Germany,True,1175.0,1779.1,300.11
5812,68627,116-ZA-T30,FPQ-3596,SCMS-50363,ASN-6113,South Africa,PMO - US,Direct Drop,DDP,Truck,2009-05-07,2009-09-22,2010-01-27,2010-01-27,2010-01-27,ARV,Adult,S. BUYS WHOLESALER,"Stavudine 30mg, capsules, 60 Caps",Stavudine,Generic,30mg,Capsule,60,3000,13863.09,4.62,0.08,"Aurobindo Unit III, India",True,342.0,0.0,27.17
5813,68641,116-ZA-T30,FPQ-13973,SCMS-238552,ASN-27609,South Africa,PMO - US,Direct Drop,DDP,Truck,2014-04-30,2014-08-05,2014-08-05,2014-08-05,2014-08-05,ARV,Adult,PHARMACY DIRECT,"Raltegravir 400mg [Isentress], tablets, 60 Tabs",Raltegravir,Isentress,400mg,Tablet,60,40,3199.67,79.99,1.33,"MSD, Haarlem, NL",False,56.5,0.0,3.29
5814,68647,116-ZA-T30,FPQ-15950,SCMS-277984,ASN-33454,South Africa,PMO - US,Direct Drop,DDP,Truck,2015-02-20,2015-02-24,2015-07-23,2015-07-23,2015-07-23,ARV,Pediatric,PHARMACY DIRECT,"Ritonavir 80mg/ml [Norvir], oral solution, cool, Bottle, 90 ml",Ritonavir,Norvir,80mg/ml,Oral solution,90,3,14.91,4.97,0.06,ABBVIE (Abbott) France,True,1.0,0.0,0.02
5815,68651,111-MZ-T30,FPQ-4080,SCMS-51380,ASN-4927,Mozambique,PMO - US,Direct Drop,EXW,Air,2009-08-04,2009-08-11,2009-09-24,2009-09-24,2009-09-24,HRDT,HIV test,"Trinity Biotech, Plc","HIV 1/2, Uni-Gold HIV Kit, 20 Tests","HIV 1/2, Uni-Gold HIV Kit",Uni-Gold,no_dosage,Test kit,20,3700,118400.0,32.0,1.6,"Trinity Biotech, Plc",True,1265.0,18937.3,232.06
5816,68662,901-CM-T30,FPQ-12837,SCMS-204300,ASN-21703,Cameroon,PMO - US,Direct Drop,EXW,Air,2013-08-19,2013-08-23,2013-10-18,2013-10-11,2013-10-14,ARV,Adult,Aurobindo Pharma Limited,"Lamivudine/Nevirapine/Zidovudine 150/200/300mg, tablets, 60 Tabs",Lamivudine/Nevirapine/Zidovudine,Generic,150/300/200mg,Tablet - FDC,60,34910,283818.3,8.13,0.14,"Aurobindo Unit III, India",True,4426.0,37479.21,351.08
5817,68675,116-ZA-T30,FPQ-14942,SCMS-259079,ASN-33855,South Africa,PMO - US,Direct Drop,DDP,Truck,2014-09-11,2014-10-09,2015-08-24,2015-08-24,2015-08-24,ARV,Adult,PHARMACY DIRECT,"Darunavir 600mg [Prezista], tablets, 60 Tabs",Darunavir,Prezista,600mg,Tablet,60,1,50.66,50.66,0.84,"Janssen-Cilag, Latina, IT",False,63.0,0.0,0.05
5818,68680,108-VN-T30,FPQ-13976,SCMS-236120,ASN-27810,Vietnam,PMO - US,Direct Drop,EXW,Air,2014-04-08,2014-04-30,2014-09-16,2014-09-16,2014-11-04,ARV,Adult,HETERO LABS LIMITED,"Efavirenz/Lamivudine/Tenofovir Disoproxil Fumarate 600/300/300mg, tablets, 30 Tabs",Efavirenz/Lamivudine/Tenofovir Disoproxil Fumarate,Generic,600/300/300mg,Tablet - FDC,30,17188,180474.0,10.5,0.35,Hetero Unit III Hyderabad IN,True,2388.0,3790.32,185.53
5819,68735,109-TZ-T30,FPQ-7909,SCMS-114980,ASN-11974,Tanzania,PMO - US,Direct Drop,EXW,Air,2011-06-24,2011-07-18,2011-09-29,2011-09-29,2011-09-29,HRDT,HIV test,"Standard Diagnostics, Inc.","HIV 1/2, Bioline 3.0 Kit, Lancets, Capillary pipets, Alcohol swabs included, 25 Tests","HIV 1/2, Bioline 3.0 Kit, Lancets, Capillary pipets, Alcohol swabs included",Bioline,no_dosage,Test kit,25,10000,200000.0,20.0,0.8,"Standard Diagnostics, Korea",True,3334.0,22086.15,330.0
5820,68752,101-CD-T30,FPQ-13548,SCMS-224840,ASN-24721,"Congo, DRC",PMO - US,Direct Drop,EXW,Air,2014-01-22,2014-01-28,2014-04-04,2014-04-04,2014-04-28,HRDT,HIV test,"Trinity Biotech, Plc","HIV 1/2, Uni-Gold HIV Kit, 20 Tests","HIV 1/2, Uni-Gold HIV Kit",Uni-Gold,no_dosage,Test kit,20,7,224.0,32.0,1.6,"Trinity Biotech, Plc",False,5.0,2346.5699999999997,0.23
5821,68779,108-VN-T30,FPQ-5094,SCMS-68550,ASN-7301,Vietnam,PMO - US,Direct Drop,EXW,Air,2010-03-15,2010-03-24,2010-07-16,2010-07-16,2010-07-16,ARV,Adult,Aurobindo Pharma Limited,"Lamivudine/Zidovudine 150/300mg, tablets, 60 Tabs",Lamivudine/Zidovudine,Generic,150/300mg,Tablet - FDC,60,11004,94084.2,8.55,0.14,"Aurobindo Unit III, India",True,1073.0,9535.67,202.85
5822,68785,108-VN-T30,FPQ-4265,SCMS-57140,ASN-6264,Vietnam,PMO - US,Direct Drop,EXW,Air,2009-10-20,2009-11-13,2010-03-17,2010-03-17,2010-03-17,ARV,Adult,Aurobindo Pharma Limited,"Lamivudine 150mg, tablets, 60 Tabs",Lamivudine,Generic,150mg,Tablet,60,20520,49248.0,2.4,0.04,"Aurobindo Unit III, India",False,668.5,4400.805,96.53
5823,68820,107-RW-T30,FPQ-6186,SCMS-83340,ASN-9217,Rwanda,PMO - US,Direct Drop,CIP,Air,2010-08-13,2010-09-28,2010-12-12,2010-12-12,2010-12-12,ARV,Adult,MYLAN LABORATORIES LTD (FORMERLY MATRIX LABORATORIES),"Efavirenz/Lamivudine/Tenofovir Disoproxil Fumarate 600/300/300mg, tablets, 30 Tabs",Efavirenz/Lamivudine/Tenofovir Disoproxil Fumarate,Generic,600/300/300mg,Tablet - FDC,30,22347,390625.56,17.48,0.58,Mylan (formerly Matrix) Nashik,True,668.5,0.0,842.19
5824,68846,114-UG-T30,FPQ-3965,SCMS-52630,ASN-5160,Uganda,PMO - US,Direct Drop,EXW,Air,2009-07-30,2009-09-14,2009-10-26,2009-10-26,2009-10-26,ARV,Adult,ASPEN PHARMACARE,"Darunavir 300mg [Prezista], tablets, 120 Tabs",Darunavir,Prezista,300mg,Tablet,120,112,10080.0,90.0,0.75,"Aspen-OSD, Port Elizabeth, SA",True,16.0,1000.94,19.76
5825,68872,114-UG-T30,FPQ-9923,SCMS-149960,ASN-16320,Uganda,PMO - US,Direct Drop,EXW,Air,2012-05-28,2012-06-26,2012-09-21,2012-09-21,2012-09-21,ARV,Adult,MYLAN LABORATORIES LTD (FORMERLY MATRIX LABORATORIES),"Atazanavir/Ritonavir 300/100mg, tablets, 30 Tabs",Atazanavir/Ritonavir,Generic,300/100mg,Tablet,30,1262,28395.0,22.5,0.75,Mylan (formerly Matrix) Nashik,True,173.0,935.89,39.81
5826,68875,116-ZA-T30,FPQ-5381,SCMS-69590,ASN-6724,South Africa,PMO - US,Direct Drop,DDP,Truck,2010-03-23,2010-03-25,2010-04-01,2010-04-01,2010-04-01,ARV,Adult,S. BUYS WHOLESALER,"Tenofovir Disoproxil Fumarate 300mg [Viread], tablets, 30 Tabs",Tenofovir Disoproxil Fumarate,Viread,300mg,Tablet,30,240,6944.46,28.94,0.96,"Aspen-OSD, Port Elizabeth, SA",False,25.0,0.0,14.97
5827,68878,117-ET-T30,FPQ-6608,SCMS-92090,ASN-9248,Ethiopia,PMO - US,Direct Drop,EXW,Air,2010-11-09,2010-11-24,2011-01-05,2011-01-05,2011-01-05,HRDT,HIV test,"CHEMBIO DIAGNOSTIC SYSTEMS, INC.","HIV 1/2, Stat-Pak HIV, Kit, 20 Tests","HIV 1/2, Stat-Pak HIV, Kit",Stat-Pak,no_dosage,Test kit,20,545,16895.0,31.0,1.55,Chembio Diagnostics Sys. Inc.,True,204.0,1219.85,27.88
5828,68893,116-ZA-T30,FPQ-3560,SCMS-49631,ASN-5446,South Africa,PMO - US,Direct Drop,DDP,Truck,2009-05-07,2009-07-21,2009-09-30,2009-09-30,2009-09-30,ARV,Adult,S. BUYS WHOLESALER,"Efavirenz 600mg, tablets, 30 Tabs",Efavirenz,Generic,600mg,Tablet,30,15328,291978.46,19.05,0.64,"Cipla, Goa, India",False,668.5,0.0,572.28
5829,68937,114-UG-T30,FPQ-10787,SCMS-163440,ASN-17956,Uganda,PMO - US,Direct Drop,FCA,Air,2012-10-10,2012-10-25,2013-02-08,2013-02-08,2013-02-08,ARV,Adult,ABBVIE LOGISTICS (FORMERLY ABBOTT LOGISTICS BV),"Ritonavir 100mg [Norvir], film coated tablets, 60 Tabs",Ritonavir,Norvir,100mg,Tablet,60,587,4020.95,6.85,0.11,ABBVIE Ludwigshafen Germany,True,85.0,1253.45,4.97
5830,68938,104-CI-T30,FPQ-13602,SCMS-228040,ASN-28479,Côte d'Ivoire,PMO - US,Direct Drop,EXW,Air,2014-01-22,2014-02-27,2014-10-13,2014-10-13,2014-10-15,HRDT,HIV test,"CHEMBIO DIAGNOSTIC SYSTEMS, INC.","HIV 1/2, Stat-Pak HIV, Kit, 20 Tests","HIV 1/2, Stat-Pak HIV, Kit",Stat-Pak,no_dosage,Test kit,20,530,16430.0,31.0,1.55,Chembio Diagnostics Sys. Inc.,True,219.0,2516.62,16.89
5831,68949,113-ZW-T30,FPQ-13939,SCMS-234760,ASN-25890,Zimbabwe,PMO - US,Direct Drop,EXW,Air Charter,2014-04-01,2014-04-11,2014-06-14,2014-06-14,2014-06-16,ARV,Adult,STRIDES ARCOLAB LIMITED,"Nevirapine 200mg, tablets, 60 Tabs",Nevirapine,Generic,200mg,Tablet,60,158000,347600.0,2.2,0.04,"Strides, Bangalore, India.",True,9832.0,68350.52,357.33
5832,68993,161-ZA-T30,FPQ-5303,SCMS-69000,ASN-7022,South Africa,PMO - US,Direct Drop,DDP,Air,2010-03-18,2010-03-19,2010-06-08,2010-06-08,2010-06-08,ARV,Adult,Aurobindo Pharma Limited,"Zidovudine 300mg, tablets, 60 Tabs",Zidovudine,Generic,300mg,Tablet,60,57494,427180.42,7.43,0.12,"Aurobindo Unit III, India",True,3085.0,4885.2,921.0
5833,68998,117-ET-T30,FPQ-4981,SCMS-65780,ASN-6734,Ethiopia,Ethiopia Field Office,Direct Drop,DDP,Truck,2010-02-19,2010-03-04,2010-03-25,2010-03-25,2010-03-25,HRDT,HIV test,TURE PHARMACEUTICALS & MEDICAL SUPPLIES P.L.C.,"HIV 1/2, Uni-Gold HIV Kit, 20 Tests","HIV 1/2, Uni-Gold HIV Kit",Uni-Gold,no_dosage,Test kit,20,8,440.44,55.06,2.75,"Trinity Biotech, Plc",True,3.0,0.0,0.95
5834,69006,110-ZM-T30,FPQ-8315,SCMS-120570,ASN-13033,Zambia,PMO - US,Direct Drop,EXW,Air,2011-08-31,2011-09-22,2011-12-20,2011-12-16,2011-12-16,HRDT,HIV test,"Orgenics, Ltd","HIV 1/2, Determine Complete HIV Kit, 100 Tests","HIV 1/2, Determine Complete HIV Kit",Determine,no_dosage,Test kit,100,2618,209440.0,80.0,0.8,"Alere Medical Co., Ltd.",True,1246.0,22614.24,345.58
5835,69009,116-ZA-T30,FPQ-14942,SCMS-259079,ASN-33852,South Africa,PMO - US,Direct Drop,DDP,Truck,2014-09-11,2014-10-09,2015-08-24,2015-08-24,2015-08-24,ARV,Pediatric,PHARMACY DIRECT,"Efavirenz 200mg, capsule, 90 Caps",Efavirenz,Generic,200mg,Capsule,90,41,748.24,18.25,0.2,"Aurobindo Unit III, India",False,668.5,0.0,0.77
5836,69051,133-NG-T30,FPQ-14995,SCMS-260700,ASN-29936,Nigeria,PMO - US,Direct Drop,EXW,Air,2014-09-22,2014-10-29,2015-01-19,2015-01-20,2015-01-22,HRDT,HIV test,"Orgenics, Ltd","HIV 1/2, Determine Complete HIV Kit, 100 Tests","HIV 1/2, Determine Complete HIV Kit",Determine,no_dosage,Test kit,100,3180,283020.0,89.0,0.89,"Alere Medical Co., Ltd.",True,1290.0,15890.52,290.94
5837,69086,113-ZW-T30,FPQ-13939,SCMS-240570,ASN-27587,Zimbabwe,PMO - US,Direct Drop,EXW,Air Charter,2014-04-01,2014-05-27,2014-09-17,2014-09-17,2014-09-19,ARV,Adult,HETERO LABS LIMITED,"Lamivudine/Tenofovir Disoproxil Fumarate 300/300mg, tablets, 30 Tabs",Lamivudine/Tenofovir Disoproxil Fumarate,Generic,300/300mg,Tablet - FDC,30,16013,73980.06,4.62,0.15,Hetero Unit III Hyderabad IN,True,1468.0,12091.91,76.05
5838,69148,109-TZ-T30,FPQ-5900,SCMS-76980,ASN-7441,Tanzania,PMO - US,Direct Drop,EXW,Air,2010-06-21,2010-06-24,2010-08-07,2010-08-07,2010-08-07,ARV,Adult,Aurobindo Pharma Limited,"Nevirapine 200mg, tablets, 60 Tabs",Nevirapine,Generic,200mg,Tablet,60,6934,18028.4,2.6,0.04,"Aurobindo Unit III, India",True,820.0,18044.49,38.87
5839,69162,101-CD-T30,FPQ-14717,SCMS-251440,ASN-28024,"Congo, DRC",PMO - US,Direct Drop,EXW,Air,2014-07-28,2014-08-20,2014-12-19,2014-12-19,2015-01-26,ARV,Pediatric,Aurobindo Pharma Limited,"Didanosine 200mg, delayed-release capsules, 30 Caps",Didanosine,Generic,200mg,Delayed-release capsules,30,550,6050.0,11.0,0.37,"Aurobindo Unit III, India",True,54.0,1961.49,6.22
5840,69179,161-ZA-T30,FPQ-6708,SCMS-93590,ASN-10512,South Africa,PMO - US,Direct Drop,DDP,Ocean,2010-11-26,2010-12-14,2011-05-30,2011-05-30,2011-05-30,ARV,Adult,CIPLA LIMITED,"Tenofovir Disoproxil Fumarate 300mg, tablets, 30 Tabs",Tenofovir Disoproxil Fumarate,Generic,300mg,Tablet,30,150000,1029000.0,6.86,0.23,"Cipla, Goa, India",True,10156.0,13731.6,1697.85
5841,69198,144-BW-T30,FPQ-4167,SCMS-54100,ASN-7209,Botswana,PMO - US,Direct Drop,EXW,Air,2009-09-09,2009-09-30,2010-09-13,2010-09-13,2010-09-13,HRDT,HIV test,"Trinity Biotech, Plc","HIV 1/2, Uni-Gold HIV Kit, 20 Tests","HIV 1/2, Uni-Gold HIV Kit",Uni-Gold,no_dosage,Test kit,20,5,160.0,32.0,1.6,"Trinity Biotech, Plc",True,2.0,592.46,0.31
5842,69202,101-CD-T30,FPQ-14722,SCMS-253310,ASN-29481,"Congo, DRC",PMO - US,Direct Drop,EXW,Air,2014-08-11,2014-08-27,2015-05-19,2015-05-19,2015-05-26,HRDT,HIV test,"Orgenics, Ltd","HIV 1/2, DoubleCheck Gold Kit, 20 Tests","HIV 1/2, DoubleCheck Gold Kit",DoubleCheck,no_dosage,Test kit,20,540,19720.8,36.52,1.83,"Alere Medical Co., Ltd.",True,165.0,2346.5699999999997,20.27
5843,69208,106-HT-T30,FPQ-5526,SCMS-74050,ASN-7805,Haiti,PMO - US,Direct Drop,CIP,Air,2010-05-04,2010-05-25,2010-08-30,2010-08-30,2010-08-30,ARV,Pediatric,MERCK SHARP & DOHME IDEA GMBH (FORMALLY MERCK SHARP & DOHME B.V.),"Efavirenz 30mg/ml [Stocrin/Sustiva], oral solution, Bottle, 180 ml",Efavirenz,Stocrin/Sustiva,30mg/ml,Oral solution,180,342,5800.32,16.96,0.09,"MSD, Haarlem, NL",True,109.0,290.0,12.51
5844,69219,107-RW-T30,FPQ-12518,SCMS-198222,ASN-24439,Rwanda,PMO - US,Direct Drop,EXW,Air,2013-06-21,2013-08-12,2014-03-27,2014-03-27,2014-03-27,HRDT,HIV test,"SHANGHAI KEHUA BIOENGINEERING CO.,LTD.  (KHB)","HIV 1/2, SKB Colloidal Gold, Diagnostic Kit, Antibody, 50 Tests","HIV 1/2, Colloidal Gold, Diagnostic Kit, Antibody",Colloidal Gold,no_dosage,Test kit,1,2988,73206.0,24.5,24.5,"KHB Test Kit Facility, Shanghai China",True,1992.0,27313.0,90.56
5845,69235,116-ZA-T30,FPQ-13973,SCMS-238552,ASN-27609,South Africa,PMO - US,Direct Drop,DDP,Truck,2014-04-30,2014-08-05,2014-08-05,2014-08-05,2014-08-05,ARV,Adult,PHARMACY DIRECT,"Etravirine 100mg [Intelence], tablets, 120 Tabs",Etravirine,Intelence,100mg,Tablet,120,24,850.06,35.42,0.3,"Janssen-Cilag, Latina, IT",False,14.5,0.0,0.87
5846,69253,108-VN-T30,FPQ-11417,SCMS-174370,ASN-19620,Vietnam,PMO - US,Direct Drop,EXW,Air,2013-01-10,2013-01-22,2013-07-02,2013-07-02,2013-07-02,ARV,Adult,MICRO LABS LIMITED,"Lamivudine 150mg, tablets, 60 Tabs",Lamivudine,Generic,150mg,Tablet,60,46100,83441.0,1.81,0.03,"Micro labs, Verna, Goa, India",True,2350.0,10627.8,103.22
5847,69301,108-VN-T30,FPQ-15823,SCMS-277270,ASN-33526,Vietnam,PMO - US,Direct Drop,FCA,Air,2015-02-13,2015-03-04,2015-09-14,2015-09-14,2015-09-14,ARV,Adult,ABBVIE LOGISTICS (FORMERLY ABBOTT LOGISTICS BV),"Lopinavir/Ritonavir 200/50mg [Aluvia], tablets, 120 Tabs",Lopinavir/Ritonavir,Aluvia,200/50mg,Tablet,120,4500,273600.0,60.8,0.51,ABBVIE Ludwigshafen Germany,False,380.0,4400.805,322.03
5848,69314,111-MZ-T30,FPQ-13241,SCMS-226030,ASN-28449,Mozambique,PMO - US,Direct Drop,CIP,Air,2013-11-18,2014-03-14,2014-10-21,2014-10-21,2014-11-12,ARV,Adult,MERCK SHARP & DOHME IDEA GMBH (FORMALLY MERCK SHARP & DOHME B.V.),"Raltegravir 400mg [Isentress], tablets, 60 Tabs",Raltegravir,Isentress,400mg,Tablet,60,100,5550.0,55.5,0.92,"MSD, Haarlem, NL",True,36.0,0.0,5.71
5849,69354,161-ZA-T30,FPQ-5303,SCMS-68950,ASN-7103,South Africa,PMO - US,Direct Drop,DDP,Air,2010-03-18,2010-03-19,2010-06-11,2010-06-11,2010-06-11,ARV,Adult,Aurobindo Pharma Limited,"Lamivudine 150mg, tablets, 60 Tabs",Lamivudine,Generic,150mg,Tablet,60,66660,168649.8,2.53,0.04,"Aurobindo Unit III, India",True,3211.0,4116.81,363.61
5850,69366,117-ET-T30,FPQ-5582,SCMS-72350,ASN-6929,Ethiopia,PMO - US,Direct Drop,EXW,Air,2010-04-28,2010-04-29,2010-05-21,2010-05-21,2010-05-21,ARV,Adult,Aurobindo Pharma Limited,"Didanosine 400mg, delayed-release capsules, 30 Caps",Didanosine,Generic,400mg,Delayed-release capsules,30,500,10000.0,20.0,0.67,"Aurobindo Unit III, India",True,39.0,516.35,21.56
5851,69376,161-ZA-T30,FPQ-6262,SCMS-83820,ASN-9485,South Africa,PMO - US,Direct Drop,DDP,Ocean,2010-08-31,2010-09-24,2011-03-10,2011-03-10,2011-03-10,ARV,Adult,Aurobindo Pharma Limited,"Efavirenz 600mg, tablets, 30 Tabs",Efavirenz,Generic,600mg,Tablet,30,127904,579405.12,4.53,0.15,"Aurobindo Unit III, India",True,10980.0,15331.5,1249.2
5852,69461,116-ZA-T30,FPQ-13035,SCMS-215370,ASN-24415,South Africa,PMO - US,Direct Drop,DDP,Truck,2013-10-08,2013-12-02,2014-02-06,2014-02-06,2014-02-06,ARV,Adult,S. BUYS WHOLESALER,"Emtricitabine/Tenofovir Disoproxil Fumarate 200/300mg, tablets, 30 Tabs",Emtricitabine/Tenofovir Disoproxil Fumarate,Generic,200/300mg,Tablet - FDC,30,4,119.68,29.92,1.0,"Aurobindo Unit III, India",False,78.0,0.0,0.15
5853,69463,106-HT-T30,FPQ-14083,SCMS-240130,ASN-28761,Haiti,PMO - US,Direct Drop,EXW,Ocean,2014-05-11,2014-06-02,2015-01-09,2015-01-09,2015-01-12,ARV,Adult,MICRO LABS LIMITED,"Efavirenz 600mg, tablets, 30 Tabs",Efavirenz,Generic,600mg,Tablet,30,43065,128333.7,2.98,0.1,"Micro labs, Verna, Goa, India",False,668.5,7785.125,131.93
5854,69483,116-ZA-T30,FPQ-14942,SCMS-259071,ASN-29597,South Africa,PMO - US,Direct Drop,DDP,Truck,2014-09-11,2014-11-28,2014-11-28,2014-11-28,2014-11-28,ARV,Adult,PHARMACY DIRECT,"Abacavir 300mg, tablets, 60 Tabs",Abacavir,Generic,300mg,Tablet,60,39,1944.25,49.85,0.83,"Aurobindo Unit III, India",False,668.5,0.0,2.0
5855,69493,108-VN-T30,FPQ-15823,SCMS-277300,ASN-33327,Vietnam,PMO - US,Direct Drop,FCA,Air,2015-02-13,2015-03-02,2015-08-31,2015-08-31,2015-08-31,ARV,Adult,ABBVIE LOGISTICS (FORMERLY ABBOTT LOGISTICS BV),"Lopinavir/Ritonavir 200/50mg [Aluvia], tablets, 120 Tabs",Lopinavir/Ritonavir,Aluvia,200/50mg,Tablet,120,2700,164160.0,60.8,0.51,ABBVIE Ludwigshafen Germany,True,216.5,4400.805,193.22
5856,69505,116-ZA-T30,FPQ-12522,SCMS-199289,ASN-28033,South Africa,PMO - US,Direct Drop,DDP,Truck,2013-07-11,2014-08-29,2014-08-29,2014-08-29,2014-08-29,ARV,Adult,S. BUYS WHOLESALER,"Lamivudine/Nevirapine/Stavudine 150/200/30mg, tablets, 60 Tabs",Lamivudine/Nevirapine/Stavudine,Generic,150/200/30mg,Tablet - FDC,60,19,574.65,30.24,0.5,"Cipla, Goa, India",False,668.5,0.0,0.71
5857,69528,133-NG-T30,FPQ-10349,SCMS-155321,ASN-17167,Nigeria,PMO - US,Direct Drop,EXW,Air,2012-07-17,2012-08-13,2012-11-28,2012-11-27,2012-11-27,HRDT,HIV test,"Orgenics, Ltd","HIV 1/2, Determine Complete HIV Kit, 100 Tests","HIV 1/2, Determine Complete HIV Kit",Determine,no_dosage,Test kit,100,2744,244216.0,89.0,0.89,"Alere Medical Co., Ltd.",True,1303.0,28734.43,342.39
5858,69572,103-CM-T30,FPQ-16210,SCMS-289300,ASN-33116,Cameroon,PMO - US,Direct Drop,EXW,Air,2015-04-28,2015-06-02,2015-07-18,2015-07-18,2015-07-20,ARV,Adult,MYLAN LABORATORIES LTD (FORMERLY MATRIX LABORATORIES),"Atazanavir/Ritonavir 300/100mg, tablets, 30 Tabs",Atazanavir/Ritonavir,Generic,300/100mg,Tablet,30,7108,138606.0,19.5,0.65,Mylan (formerly Matrix) Nashik,True,949.0,8024.1,163.14
5859,69591,114-UG-T30,FPQ-13655,SCMS-226130,ASN-25990,Uganda,PMO - US,Direct Drop,EXW,Air,2014-02-04,2014-04-10,2014-06-10,2014-06-10,2014-07-07,HRDT,HIV test,BIO-RAD LABORATORIES (FRANCE),"HIV, Multispot HIV-1/HIV-2 Rapid Test Kit, 50 Tests","HIV, Multispot HIV-1/HIV-2 Rapid Test Kit",Multispot,no_dosage,Test kit,50,80,99402.4,1242.53,24.85,Bio-Rad Laboratories,True,72.0,2485.92,102.19
5860,69606,101-CD-T30,FPQ-16001,SCMS-280210,ASN-31750,"Congo, DRC",PMO - US,Direct Drop,EXW,Air,2015-03-10,2015-03-16,2015-07-02,2015-07-02,2015-07-30,HRDT,HIV test,"Trinity Biotech, Plc","HIV 1/2, Uni-Gold HIV Kit, 20 Tests","HIV 1/2, Uni-Gold HIV Kit",Uni-Gold,no_dosage,Test kit,20,15,480.0,32.0,1.6,"Trinity Biotech, Plc",False,5.0,2346.5699999999997,0.56
5861,69630,116-ZA-T30,FPQ-12522,SCMS-199283,ASN-27980,South Africa,PMO - US,Direct Drop,DDP,Truck,2013-07-11,2014-08-27,2014-08-27,2014-08-27,2014-08-27,ARV,Pediatric,S. BUYS WHOLESALER,"Efavirenz 200mg, capsule, 90 Caps",Efavirenz,Generic,200mg,Capsule,90,22,580.11,26.37,0.29,"Aurobindo Unit III, India",False,668.5,0.0,0.72
5862,69647,114-UG-T30,FPQ-10788,SCMS-162750,ASN-18152,Uganda,PMO - US,Direct Drop,DAP,Air,2012-10-10,2012-10-25,2013-02-13,2013-02-13,2013-02-13,ARV,Adult,ASPEN PHARMACARE,"Etravirine 100mg [Intelence], tablets, 120 Tabs",Etravirine,Intelence,100mg,Tablet,120,194,6984.0,36.0,0.3,"Janssen-Cilag, Latina, IT",False,390.0,2485.92,8.64
5863,69657,101-CD-T30,FPQ-16001,SCMS-280210,ASN-31750,"Congo, DRC",PMO - US,Direct Drop,EXW,Air,2015-03-10,2015-03-16,2015-07-02,2015-07-02,2015-07-30,HRDT,HIV test,"Trinity Biotech, Plc","HIV 1/2, Uni-Gold HIV Kit, 20 Tests","HIV 1/2, Uni-Gold HIV Kit",Uni-Gold,no_dosage,Test kit,20,214,6848.0,32.0,1.6,"Trinity Biotech, Plc",False,97.0,2346.5699999999997,8.06
5864,69659,106-HT-T30,FPQ-14083,SCMS-240202,ASN-28246,Haiti,PMO - US,Direct Drop,EXW,Ocean,2014-05-11,2014-07-31,2014-11-17,2014-11-17,2014-11-17,ARV,Pediatric,MYLAN LABORATORIES LTD (FORMERLY MATRIX LABORATORIES),"Lamivudine/Nevirapine/Zidovudine 30/50/60mg, dispersible tablets, 60 Tabs",Lamivudine/Nevirapine/Zidovudine,Generic,30/50/60mg,Chewable/dispersible tablet - FDC,60,1152,4147.2,3.6,0.06,Mylan (formerly Matrix) Nashik,False,81.5,7785.125,4.26
5865,69667,116-ZA-T30,FPQ-13035,SCMS-215370,ASN-24415,South Africa,PMO - US,Direct Drop,DDP,Truck,2013-10-08,2013-12-02,2014-02-06,2014-02-06,2014-02-06,ARV,Adult,S. BUYS WHOLESALER,"Tenofovir Disoproxil Fumarate 300mg, tablets, 30 Tabs",Tenofovir Disoproxil Fumarate,Generic,300mg,Tablet,30,141,2682.45,19.02,0.63,"Aurobindo Unit III, India",False,225.0,0.0,3.32
5866,70044,201-UG-T30,FPQ-14825,SCMS-254400,ASN-29338,Uganda,PMO - US,Direct Drop,EXW,Air,2014-08-19,2014-09-18,2014-12-19,2014-12-19,2014-12-22,HRDT,HIV test,"Orgenics, Ltd","HIV 1/2, Determine Complete HIV Kit, 100 Tests","HIV 1/2, Determine Complete HIV Kit",Determine,no_dosage,Test kit,100,2500,200000.0,80.0,0.8,"Alere Medical Co., Ltd.",True,1010.0,8399.6,205.6
5867,69683,109-TZ-T30,FPQ-6936,SCMS-100634,ASN-10903,Tanzania,PMO - US,Direct Drop,EXW,Air,2010-12-27,2011-05-02,2011-07-14,2011-07-14,2011-07-14,HRDT,HIV test,"Standard Diagnostics, Inc.","HIV 1/2, Bioline 3.0 Kit, Lancets, Capillary pipets, Alcohol swabs included, 25 Tests","HIV 1/2, Bioline 3.0 Kit, Lancets, Capillary pipets, Alcohol swabs included",Bioline,no_dosage,Test kit,25,10000,200000.0,20.0,0.8,"Standard Diagnostics, Korea",True,3334.0,23623.43,330.0
5868,69701,108-VN-T30,FPQ-13524,SCMS-226220,ASN-26923,Vietnam,PMO - US,Direct Drop,EXW,Air,2014-02-06,2014-03-10,2014-07-29,2014-07-29,2014-08-06,ARV,Adult,HETERO LABS LIMITED,"Zidovudine 300mg, tablets, 60 Tabs",Zidovudine,Generic,300mg,Tablet,60,300,1650.0,5.5,0.09,Hetero Unit III Hyderabad IN,False,42.0,4400.805,1.7
5869,69754,110-ZM-T30,FPQ-4691,SCMS-60710,ASN-6289,Zambia,PMO - US,Direct Drop,EXW,Air,2009-12-16,2009-12-22,2010-03-18,2010-03-18,2010-03-18,HRDT,HIV test,"Orgenics, Ltd","HIV 1/2, Determine Complete HIV Kit, 100 Tests","HIV 1/2, Determine Complete HIV Kit",Determine,no_dosage,Test kit,100,2100,151200.0,72.0,0.72,Inverness Japan,True,1016.0,16061.5,325.99
5870,69767,108-VN-T30,FPQ-4265,SCMS-56280,ASN-5739,Vietnam,PMO - US,Direct Drop,EXW,Air,2009-10-20,2009-11-02,2010-01-19,2010-01-19,2010-01-19,ARV,Adult,CIPLA LIMITED,"Lamivudine/Nevirapine/Stavudine 150/200/30mg, tablets, 60 Tabs",Lamivudine/Nevirapine/Stavudine,Generic,150/200/30mg,Tablet - FDC,60,40400,248460.0,6.15,0.1,"Cipla, Goa, India",True,3919.0,12704.0,486.98
5871,69783,106-HT-T30,FPQ-14083,SCMS-240110,ASN-27824,Haiti,PMO - US,Direct Drop,FCA,Air,2014-05-11,2014-05-28,2014-09-26,2014-09-26,2014-10-06,ARV,Pediatric,ABBVIE LOGISTICS (FORMERLY ABBOTT LOGISTICS BV),"Lopinavir/Ritonavir 100/25mg [Aluvia], tablets, 60 Tabs",Lopinavir/Ritonavir,Generic,100/25mg,Tablet,60,1320,7840.8,5.94,0.1,ABBVIE Ludwigshafen Germany,False,290.0,2946.7200000000003,8.06
5872,69790,114-UG-T30,FPQ-10788,SCMS-162670,ASN-17287,Uganda,PMO - US,Direct Drop,CIP,Air,2012-10-10,2012-10-25,2012-12-12,2012-12-12,2012-12-12,ARV,Adult,MERCK SHARP & DOHME IDEA GMBH (FORMALLY MERCK SHARP & DOHME B.V.),"Raltegravir 400mg [Isentress], tablets, 60 Tabs",Raltegravir,Isentress,400mg,Tablet,60,774,42957.0,55.5,0.92,"MSD, Haarlem, NL",True,92.0,1114.0,53.14
5873,69871,108-VN-T30,FPQ-7427,SCMS-105540,ASN-11855,Vietnam,PMO - US,Direct Drop,EXW,Air,2011-03-31,2011-04-14,2011-09-21,2011-09-21,2011-09-21,ARV,Adult,HETERO LABS LIMITED,"Lamivudine/Nevirapine/Stavudine 150/200/30mg, tablets, 60 Tabs",Lamivudine/Nevirapine/Stavudine,Generic,150/200/30mg,Tablet - FDC,60,22925,110040.0,4.8,0.08,Hetero Unit III Hyderabad IN,True,3723.0,19056.13,181.57
5874,69875,161-ZA-T30,FPQ-5303,SCMS-68750,ASN-8515,South Africa,PMO - US,Direct Drop,DDP,Air,2010-03-18,2010-03-19,2010-10-13,2010-11-17,2010-11-17,ARV,Adult,CIPLA LIMITED,"Tenofovir Disoproxil Fumarate 300mg, tablets, 30 Tabs",Tenofovir Disoproxil Fumarate,Generic,300mg,Tablet,30,51828,405294.96,7.82,0.26,"Cipla, Goa, India",True,3543.0,3646.13,873.82
5875,69881,106-HT-T30,FPQ-7066,SCMS-100140,ASN-10007,Haiti,PMO - US,Direct Drop,FCA,Air,2011-01-27,2011-02-15,2011-04-05,2011-04-05,2011-04-05,ARV,Pediatric,BRISTOL-MYERS SQUIBB,"Didanosine 50mg [Videx], chewable tablets, 60 Tabs",Didanosine,Videx,50mg,Chewable/dispersible tablet,60,300,2850.0,9.5,0.16,"BMS Meymac, France",False,42.0,2946.7200000000003,4.7
5876,69898,105-SS-T30,FPQ-15569,SCMS-272160,ASN-31335,South Sudan,PMO - US,Direct Drop,EXW,Air,2014-12-29,2015-02-20,2015-06-03,2015-06-03,2015-06-05,HRDT,HIV test,"Orgenics, Ltd","HIV 1/2, Determine Complete HIV Kit, 100 Tests","HIV 1/2, Determine Complete HIV Kit",Determine,no_dosage,Test kit,100,30,2670.0,89.0,0.89,"Alere Medical Co., Ltd.",False,59.0,2575.925,3.14
5877,69900,104-CI-T30,FPQ-11294,SCMS-173131,ASN-19635,Côte d'Ivoire,PMO - US,Direct Drop,EXW,Air,2012-12-14,2013-01-15,2013-06-04,2013-06-04,2013-06-04,HRDT,HIV test,"Orgenics, Ltd","HIV 1/2, Determine Complete HIV Kit, 100 Tests","HIV 1/2, Determine Complete HIV Kit",Determine,no_dosage,Test kit,100,2954,236320.0,80.0,0.8,"Alere Medical Co., Ltd.",True,1284.0,125.42,292.33
5878,69903,103-ZW-T30,FPQ-13969,SCMS-239210,ASN-29006,Zimbabwe,PMO - US,Direct Drop,EXW,Air,2014-04-08,2014-05-16,2014-11-28,2014-11-28,2014-12-16,ARV,Pediatric,MICRO LABS LIMITED,"Efavirenz 200mg, capsule, 90 Caps",Efavirenz,Generic,200mg,Capsule,90,5291,23386.22,4.42,0.05,"Micro labs, Verna, Goa, India",True,800.0,5697.64,24.04
5879,69908,161-ZA-T30,FPQ-6262,SCMS-83730,ASN-9943,South Africa,PMO - US,Direct Drop,DDP,Ocean,2010-08-31,2010-09-24,2011-04-26,2011-04-12,2011-04-12,ARV,Adult,Aurobindo Pharma Limited,"Efavirenz 600mg, tablets, 30 Tabs",Efavirenz,Generic,600mg,Tablet,30,128467,581955.51,4.53,0.15,"Aurobindo Unit III, India",True,11033.0,11203.81,1254.7
5880,69922,101-CD-T30,FPQ-16001,SCMS-280210,ASN-31750,"Congo, DRC",PMO - US,Direct Drop,EXW,Air,2015-03-10,2015-03-16,2015-07-02,2015-07-02,2015-07-30,HRDT,HIV test,"Trinity Biotech, Plc","HIV 1/2, Uni-Gold HIV Kit, 20 Tests","HIV 1/2, Uni-Gold HIV Kit",Uni-Gold,no_dosage,Test kit,20,77,2464.0,32.0,1.6,"Trinity Biotech, Plc",False,272.5,2346.5699999999997,2.9
5881,69925,127-KE-T30,FPQ-8155,SCMS-119170,ASN-12443,Kenya,PMO - US,Direct Drop,EXW,Air,2011-08-05,2011-08-29,2011-10-31,2011-10-31,2011-10-31,HRDT,HIV test,"Standard Diagnostics, Inc.","HIV 1/2, Bioline 3.0 Kit, Lancets, Capillary pipets, Alcohol swabs included, 25 Tests","HIV 1/2, Bioline 3.0 Kit, Lancets, Capillary pipets, Alcohol swabs included",Bioline,no_dosage,Test kit,25,15304,306080.0,20.0,0.8,"Standard Diagnostics, Korea",True,5102.0,33718.08,505.03
5882,69952,151-NG-T30,FPQ-15059,SCMS-260990,ASN-32010,Nigeria,PMO - US,Direct Drop,FCA,Air,2014-10-08,2014-10-23,2015-06-02,2015-06-02,2015-06-03,ARV,Pediatric,ABBVIE LOGISTICS (FORMERLY ABBOTT LOGISTICS BV),"Lopinavir/Ritonavir 80/20mg/ml [Kaletra], oral solution, cool, Bottle 5 x 60 ml",Lopinavir/Ritonavir,Kaletra,80/20mg/ml,Oral solution,300,789,24316.98,30.82,0.1,ABBVIE (Abbott) Logis. UK,True,794.0,5808.69,25.0
5883,69968,116-ZA-T30,FPQ-3560,SCMS-49681,ASN-5497,South Africa,PMO - US,Direct Drop,DDP,Truck,2009-05-07,2009-07-21,2009-10-30,2009-10-30,2009-10-30,ARV,Pediatric,S. BUYS WHOLESALER,"Efavirenz 50mg, capsule, 30 Caps",Efavirenz,Generic,50mg,Capsule,30,90,369.49,4.11,0.14,"Aurobindo Unit III, India",True,7.5,0.0,0.72
5884,70014,116-ZA-T30,FPQ-11828,SCMS-183950,ASN-19166,South Africa,South Africa Field Office,Direct Drop,DDP,Truck,2013-03-18,2012-10-16,2013-04-16,2013-04-16,2013-04-16,ARV,Adult,S. BUYS WHOLESALER,"Lamivudine/Zidovudine 150/300mg [Combivir], tablets, 60 Tabs",Lamivudine/Zidovudine,Combivir,150/300mg,Tablet - FDC,60,2,71.35,35.67,0.59,"GSK, U1, Poznan, Poland",False,1.0,0.0,0.09
5885,70029,108-VN-T30,FPQ-5094,SCMS-68530,ASN-7300,Vietnam,PMO - US,Direct Drop,EXW,Air,2010-03-15,2010-03-24,2010-07-29,2010-07-29,2010-07-29,ARV,Adult,Aurobindo Pharma Limited,"Lamivudine/Zidovudine 150/300mg, tablets, 60 Tabs",Lamivudine/Zidovudine,Generic,150/300mg,Tablet - FDC,60,9072,77565.6,8.55,0.14,"Aurobindo Unit III, India",True,902.0,7421.81,167.23
5886,70041,107-RW-T30,FPQ-14813,SCMS-261780,ASN-32156,Rwanda,PMO - US,Direct Drop,EXW,Air,2014-10-09,2014-12-15,2015-05-27,2015-05-27,2015-05-28,ARV,Adult,EMCURE PHARMACEUTICALS LTD,"Atazanavir/Ritonavir 300/100mg, tablets, 30 Tabs",Atazanavir/Ritonavir,Generic,300/100mg,Tablet,30,8000,144000.0,18.0,0.6,"Emcure Plot No.P-2, I.T-B.T. Park, Phase II, MIDC, Hinjwadi, Pune, India",True,1045.0,6949.93,148.03
5887,70131,108-VN-T30,FPQ-15292,SCMS-268450,ASN-30674,Vietnam,PMO - US,Direct Drop,FCA,Air,2014-12-05,2014-12-18,2015-03-31,2015-03-31,2015-03-31,ARV,Adult,ABBVIE LOGISTICS (FORMERLY ABBOTT LOGISTICS BV),"Ritonavir 100mg [Norvir], film coated tablets, 30 Tabs",Ritonavir,Norvir,100mg,Tablet,30,572,13304.72,23.26,0.78,ABBVIE Ludwigshafen Germany,False,33.0,4400.805,15.66
5888,70138,116-ZA-T30,FPQ-13973,SCMS-238553,ASN-28021,South Africa,PMO - US,Direct Drop,DDP,Truck,2014-04-30,2014-08-28,2014-08-28,2014-08-28,2014-08-28,ARV,Adult,PHARMACY DIRECT,"Efavirenz 600mg, tablets, 30 Tabs",Efavirenz,Generic,600mg,Tablet,30,120,1871.52,15.6,0.52,"Aurobindo Unit III, India",False,22.0,0.0,1.92
5889,70144,105-SS-T30,FPQ-14470,SCMS-245240,ASN-29503,South Sudan,PMO - US,Direct Drop,EXW,Air,2014-06-17,2014-07-01,2015-01-09,2015-01-09,2015-01-19,HRDT,HIV test,"Trinity Biotech, Plc","HIV 1/2, Uni-Gold HIV Kit, 20 Tests","HIV 1/2, Uni-Gold HIV Kit",Uni-Gold,no_dosage,Test kit,20,35,1120.0,32.0,1.6,"Trinity Biotech, Plc",False,94.0,2575.925,1.15
5890,70162,113-ZW-T30,FPQ-4483,SCMS-56170,ASN-5501,Zimbabwe,PMO - US,Direct Drop,EXW,Air,2009-10-27,2009-10-29,2010-01-04,2010-01-04,2010-01-04,HRDT,HIV test,"Standard Diagnostics, Inc.","HIV 1/2, Bioline 3.0 Kit, Lancets, Capillary pipets, Alcohol swabs included, 25 Tests","HIV 1/2, Bioline 3.0 Kit, Lancets, Capillary pipets, Alcohol swabs included",Bioline,no_dosage,Test kit,25,5080,101600.0,20.0,0.8,"Standard Diagnostics, Korea",True,1694.0,12127.58,219.05
5891,70184,116-ZA-T30,FPQ-7176,SCMS-104410,ASN-10873,South Africa,PMO - US,Direct Drop,DDP,Ocean,2011-03-10,2011-04-01,2011-08-06,2011-08-06,2011-08-06,ARV,Adult,CIPLA LIMITED,"Tenofovir Disoproxil Fumarate 300mg, tablets, 30 Tabs",Tenofovir Disoproxil Fumarate,Generic,300mg,Tablet,30,65000,420550.0,6.47,0.22,"Cipla, Goa, India",True,4364.0,10758.45,693.91
5892,70207,108-VN-T30,FPQ-9577,SCMS-145530,ASN-16123,Vietnam,PMO - US,Direct Drop,EXW,Air,2012-04-11,2012-06-12,2012-10-09,2012-10-09,2012-10-09,ARV,Adult,MYLAN LABORATORIES LTD (FORMERLY MATRIX LABORATORIES),"Lamivudine/Nevirapine/Zidovudine 150/200/300mg, tablets, 60 Tabs",Lamivudine/Nevirapine/Zidovudine,Generic,150/300/200mg,Tablet - FDC,60,12665,118417.75,9.35,0.16,Mylan (formerly Matrix) Nashik,False,668.5,4400.805,166.02
5893,70210,108-VN-T30,FPQ-6384,SCMS-87750,ASN-9090,Vietnam,PMO - US,Direct Drop,EXW,Air,2010-09-30,2010-10-14,2010-12-21,2010-12-21,2010-12-21,ARV,Adult,MYLAN LABORATORIES LTD (FORMERLY MATRIX LABORATORIES),"Tenofovir Disoproxil Fumarate 300mg, tablets, 30 Tabs",Tenofovir Disoproxil Fumarate,Generic,300mg,Tablet,30,5208,35154.0,6.75,0.22,Mylan (formerly Matrix) Nashik,False,668.5,4400.805,75.79
5894,70211,116-ZA-T30,FPQ-13973,SCMS-238553,ASN-28021,South Africa,PMO - US,Direct Drop,DDP,Truck,2014-04-30,2014-08-28,2014-08-28,2014-08-28,2014-08-28,ARV,Pediatric,PHARMACY DIRECT,"Lamivudine 10mg/ml, oral solution, Bottle, 240 ml",Lamivudine,Generic,10mg/ml,Oral solution,240,20,143.05,7.15,0.03,"Aurobindo Unit III, India",False,35.5,0.0,0.15
5895,70212,144-BW-T30,FPQ-4167,SCMS-54070,ASN-7749,Botswana,PMO - US,Direct Drop,EXW,Air,2009-09-09,2009-09-29,2010-09-06,2010-09-06,2010-09-06,HRDT,HIV test,"Orgenics, Ltd","HIV 1/2, Determine HIV Kit, without Lancets, 100 Tests","HIV 1/2, Determine HIV Kit, without Lancets",Determine,no_dosage,Test kit,100,8,560.0,70.0,0.7,Inverness Japan,True,2.0,807.65,1.1
5896,70219,133-NG-T30,FPQ-15504,SCMS-270771,ASN-32754,Nigeria,PMO - US,Direct Drop,EXW,Air,2014-12-08,2015-03-13,2015-06-30,2015-06-30,2015-07-02,HRDT,HIV test,"Orgenics, Ltd","HIV 1/2, Determine Complete HIV Kit, 100 Tests","HIV 1/2, Determine Complete HIV Kit",Determine,no_dosage,Test kit,100,5681,505609.0,89.0,0.89,"Alere Medical Co., Ltd.",True,2307.0,26294.95,595.1
5897,70230,107-RW-T30,FPQ-4032,SCMS-51670,ASN-5831,Rwanda,PMO - US,Direct Drop,EXW,Air,2009-08-05,2009-08-18,2010-02-16,2010-02-16,2010-02-16,HRDT,HIV test,"Orgenics, Ltd","HIV 1/2, Determine HIV Kit, without Lancets, 100 Tests","HIV 1/2, Determine HIV Kit, without Lancets",Determine,no_dosage,Test kit,100,5085,355950.0,70.0,0.7,Inverness Japan,True,1154.0,46723.42,697.66
5898,70236,202-GT-T30,FPQ-6964,SCMS-96160,ASN-10479,Guatemala,PMO - US,Direct Drop,FCA,Air,2010-12-29,2011-01-05,2011-04-18,2011-04-18,2011-04-18,ARV,Adult,Hoffmann-La Roche ltd Basel,"Saquinavir 500mg [Invirase], tablets, 120 Tabs",Saquinavir,Invirase,500mg,Tablet,120,175,41553.18,237.45,1.98,Roche Basel,True,31.0,566.56,68.56
5899,70259,901-CM-T30,FPQ-12528,SCMS-196530,ASN-20912,Cameroon,PMO - US,Direct Drop,EXW,Air,2013-06-21,2013-07-01,2013-08-28,2013-08-28,2013-08-28,ARV,Adult,HETERO LABS LIMITED,"Efavirenz 600mg, tablets, 30 Tabs",Efavirenz,Generic,600mg,Tablet,30,19195,62191.8,3.24,0.11,"Hetero, Jadcherla, unit 5, IN",True,1632.0,15773.2,76.93
5900,70260,116-ZA-T30,FPQ-4770,SCMS-60170,ASN-5933,South Africa,PMO - US,Direct Drop,DDP,Truck,2009-12-17,2009-12-23,2009-12-29,2009-12-29,2009-12-29,ARV,Adult,S. BUYS WHOLESALER,"Abacavir 300mg [Ziagen], tablets, Blister 6 x 10 Tabs",Abacavir,Ziagen,300mg,Tablet - blister,60,40,1607.43,40.19,0.67,GSK Ware (UK),False,56.5,0.0,3.47
5901,70299,161-ZA-T30,FPQ-6262,SCMS-83820,ASN-9480,South Africa,PMO - US,Direct Drop,DDP,Ocean,2010-08-31,2010-09-24,2011-01-11,2011-03-04,2011-03-04,ARV,Adult,Aurobindo Pharma Limited,"Zidovudine 300mg, tablets, 60 Tabs",Zidovudine,Generic,300mg,Tablet,60,86467,633803.11,7.33,0.12,"Aurobindo Unit III, India",True,4364.0,4295.6,1366.48
5902,70309,102-BI-T30,FPQ-14713,SCMS-251520,ASN-29870,Burundi,PMO - US,Direct Drop,EXW,Air,2014-07-29,2014-08-28,2015-02-02,2015-02-02,2015-02-02,HRDT,HIV test,"Orgenics, Ltd","HIV 1/2, Determine Complete HIV Kit, 100 Tests","HIV 1/2, Determine Complete HIV Kit",Determine,no_dosage,Test kit,100,1608,128640.0,80.0,0.8,"Alere Medical Co., Ltd.",True,958.0,15012.16,132.24
5903,70329,116-ZA-T30,FPQ-14942,SCMS-259075,ASN-32138,South Africa,PMO - US,Direct Drop,DDP,Truck,2014-09-11,2015-05-11,2015-05-12,2015-05-12,2015-05-12,ARV,Adult,PHARMACY DIRECT,"Raltegravir 400mg [Isentress], tablets, 60 Tabs",Raltegravir,Isentress,400mg,Tablet,60,3,183.49,61.16,1.02,"MSD, Haarlem, NL",False,1.0,0.0,0.19
5904,70356,161-ZA-T30,FPQ-7175,SCMS-123580,ASN-12993,South Africa,PMO - US,Direct Drop,DDP,Ocean,2011-03-10,2011-09-30,2011-12-22,2012-01-04,2012-01-04,ARV,Adult,Aurobindo Pharma Limited,"Efavirenz 600mg, tablets, 30 Tabs",Efavirenz,Generic,600mg,Tablet,30,246113,1048441.38,4.26,0.14,"Aurobindo Unit III, India",True,20896.0,16429.13,1729.93
5905,70366,104-CI-T30,FPQ-4381,SCMS-57280,ASN-6443,Côte d'Ivoire,PMO - US,Direct Drop,CIP,Air,2009-11-05,2009-11-17,2010-04-16,2010-04-16,2010-04-16,ARV,Adult,MERCK SHARP & DOHME IDEA GMBH (FORMALLY MERCK SHARP & DOHME B.V.),"Efavirenz/Emtricitabine/Tenofovir Disoproxil Fumarate 600/200/300mg [Atripla], tablets, 30 Tabs",Efavirenz/Emtricitabine/Tenofovir Disoproxil Fumarate,Atripla,600/200/300mg,Tablet - FDC,30,3600,181440.0,50.4,1.68,"MSD, Haarlem, NL",True,402.0,1924.57,355.62
5906,70368,116-ZA-T30,FPQ-13973,SCMS-238553,ASN-28021,South Africa,PMO - US,Direct Drop,DDP,Truck,2014-04-30,2014-08-28,2014-08-28,2014-08-28,2014-08-28,ARV,Pediatric,PHARMACY DIRECT,"Efavirenz 200mg, capsule, 90 Caps",Efavirenz,Generic,200mg,Capsule,90,58,1368.05,23.59,0.26,"Aurobindo Unit III, India",False,19.0,0.0,1.41
5907,70374,106-HT-T30,FPQ-15038,SCMS-262850,ASN-30567,Haiti,PMO - US,Direct Drop,EXW,Air,2014-10-22,2014-12-24,2015-03-13,2015-03-13,2015-03-13,ARV,Adult,MYLAN LABORATORIES LTD (FORMERLY MATRIX LABORATORIES),"Abacavir 300mg, tablets, 60 Tabs",Abacavir,Generic,300mg,Tablet,60,4680,51433.2,10.99,0.18,Mylan (formerly Matrix) Nashik,True,487.0,3463.53,52.87
5908,70404,108-VN-T30,FPQ-12051,SCMS-190510,ASN-21651,Vietnam,PMO - US,Direct Drop,EXW,Air,2013-05-03,2013-05-21,2013-09-24,2013-09-24,2013-09-24,ARV,Adult,HETERO LABS LIMITED,"Efavirenz 600mg, tablets, 30 Tabs",Efavirenz,Generic,600mg,Tablet,30,14374,46571.76,3.24,0.11,"Hetero, Jadcherla, unit 5, IN",True,1228.0,1849.17,57.61
5909,70461,107-RW-T30,FPQ-6186,SCMS-83320,ASN-9331,Rwanda,PMO - US,Direct Drop,CIP,Air,2010-08-13,2010-09-27,2011-01-07,2011-01-07,2011-01-07,ARV,Adult,CIPLA LIMITED,"Lopinavir/Ritonavir 200/50mg, tablets, 120 Tabs",Lopinavir/Ritonavir,Generic,200/50mg,Tablet,120,1802,61808.6,34.3,0.29,Cipla Ltd A-42 MIDC Mahar. IN,True,668.5,0.0,133.26
5910,70471,161-ZA-T30,FPQ-6708,SCMS-93430,ASN-11284,South Africa,PMO - US,Direct Drop,DDP,Air,2010-11-26,2010-12-14,2011-08-12,2011-08-12,2011-08-12,ARV,Pediatric,GLAXOSMITHKLINE EXPORT LIMITED,"Abacavir 20mg/ml [Ziagen], oral solution, Bottle, 240 ml",Abacavir,Ziagen,20mg/ml,Oral solution,240,32000,320640.0,10.02,0.04,GSK Mississauga (Canada),True,12264.0,10277.92,529.06
5911,70486,108-VN-T30,FPQ-7427,SCMS-105480,ASN-11710,Vietnam,PMO - US,Direct Drop,EXW,Air,2011-03-31,2011-04-14,2011-09-05,2011-09-05,2011-09-05,ARV,Adult,MYLAN LABORATORIES LTD (FORMERLY MATRIX LABORATORIES),"Lamivudine/Nevirapine/Zidovudine 150/200/300mg, tablets, 60 Tabs",Lamivudine/Nevirapine/Zidovudine,Generic,150/300/200mg,Tablet - FDC,60,24428,268463.72,10.99,0.18,Mylan (formerly Matrix) Nashik,True,3408.0,13674.64,442.97
5912,70505,114-UG-T30,FPQ-12477,SCMS-198700,ASN-21822,Uganda,PMO - US,Direct Drop,EXW,Ocean,2013-07-08,2013-07-30,2013-11-08,2013-11-08,2013-11-13,ARV,Adult,STRIDES ARCOLAB LIMITED,"Efavirenz 600mg, tablets, 30 Tabs",Efavirenz,Generic,600mg,Tablet,30,63652,203049.88,3.19,0.11,"Strides, Bangalore, India.",True,3914.0,7769.41,251.17
5913,70508,161-ZA-T30,FPQ-5648,SCMS-75990,ASN-8902,South Africa,PMO - US,Direct Drop,DDP,Ocean,2010-06-02,2010-06-17,2011-01-12,2011-01-06,2011-01-06,ARV,Adult,Aurobindo Pharma Limited,"Tenofovir Disoproxil Fumarate 300mg, tablets, 30 Tabs",Tenofovir Disoproxil Fumarate,Generic,300mg,Tablet,30,80381,555432.71,6.91,0.23,"Aurobindo Unit III, India",True,7503.0,6147.08,1197.51
5914,70511,104-CI-T30,FPQ-13167,SCMS-215460,ASN-24164,Côte d'Ivoire,PMO - US,Direct Drop,EXW,Air,2013-10-28,2013-12-16,2014-02-14,2014-02-14,2014-02-17,ARV,Pediatric,Aurobindo Pharma Limited,"Didanosine 200mg, delayed-release capsules, 30 Caps",Didanosine,Generic,200mg,Delayed-release capsules,30,827,9097.0,11.0,0.37,"Aurobindo Unit III, India",True,72.0,1721.91,9.35
5915,70516,133-NG-T30,FPQ-14995,SCMS-260700,ASN-29933,Nigeria,PMO - US,Direct Drop,EXW,Air,2014-09-22,2014-10-29,2015-01-19,2015-01-19,2015-01-22,HRDT,HIV test,"Orgenics, Ltd","HIV 1/2, Determine Complete HIV Kit, 100 Tests","HIV 1/2, Determine Complete HIV Kit",Determine,no_dosage,Test kit,100,3176,282664.0,89.0,0.89,"Alere Medical Co., Ltd.",True,1288.0,16002.97,290.58
5916,70526,108-VN-T30,FPQ-13524,SCMS-226260,ASN-26927,Vietnam,PMO - US,Direct Drop,EXW,Air,2014-02-06,2014-03-10,2014-08-13,2014-08-13,2014-08-25,ARV,Adult,HETERO LABS LIMITED,"Abacavir 300mg, tablets, 60 Tabs",Abacavir,Generic,300mg,Tablet,60,950,10877.5,11.45,0.19,Hetero Unit III Hyderabad IN,False,65.0,4400.805,11.18
5917,70531,106-HT-T30,FPQ-11443,SCMS-180960,ASN-20434,Haiti,PMO - US,Direct Drop,EXW,Air,2013-02-07,2013-03-22,2013-08-14,2013-08-14,2013-08-14,ARV,Adult,MICRO LABS LIMITED,"Nevirapine 200mg, tablets, 60 Tabs",Nevirapine,Generic,200mg,Tablet,60,15825,34815.0,2.2,0.04,"Micro labs, Verna, Goa, India",False,668.5,2946.7200000000003,43.07
5918,70553,106-HT-T30,FPQ-13797,SCMS-233980,ASN-26456,Haiti,PMO - US,Direct Drop,EXW,Air,2014-03-20,2014-04-30,2014-08-01,2014-08-01,2014-08-12,ARV,Pediatric,CIPLA LIMITED,"Lamivudine/Nevirapine/Zidovudine 30/50/60mg, dispersible tablets, 60 Tabs",Lamivudine/Nevirapine/Zidovudine,Generic,30/50/60mg,Chewable/dispersible tablet - FDC,60,2594,9338.4,3.6,0.06,"Cipla, Goa, India",True,231.0,2076.58,9.6
5919,70554,106-HT-T30,FPQ-6485,SCMS-89580,ASN-8883,Haiti,PMO - US,Direct Drop,EXW,Air,2010-10-07,2010-11-04,2010-12-17,2010-12-17,2010-12-17,HRDT,HIV test,Orasure Technologies Inc.,"HIV 1/2, OraQuick Advance HIV Rapid Antibody Kit, 100 Tests","HIV 1/2, OraQuick Advance HIV Rapid Antibody Kit",OraQuick,no_dosage,Test kit,100,85,29750.0,350.0,3.5,"Orasure Technologies, Inc",True,187.0,3254.23,64.14
5920,70559,108-VN-T30,FPQ-7565,SCMS-107631,ASN-11363,Vietnam,PMO - US,Direct Drop,EXW,Air,2011-04-21,2011-05-02,2011-07-26,2011-07-26,2011-07-26,ARV,Adult,STRIDES ARCOLAB LIMITED,"Lamivudine 150mg, tablets, 60 Tabs",Lamivudine,Generic,150mg,Tablet,60,50000,117500.0,2.35,0.04,"Strides, Bangalore, India.",True,2537.0,9145.1,193.88
5921,70573,116-ZA-T30,FPQ-12522,SCMS-199283,ASN-27979,South Africa,PMO - US,Direct Drop,DDP,Truck,2013-07-11,2014-08-27,2014-08-27,2014-08-27,2014-08-27,ARV,Pediatric,S. BUYS WHOLESALER,"Efavirenz 50mg, capsule, 30 Caps",Efavirenz,Generic,50mg,Capsule,30,19,63.01,3.32,0.11,"Aurobindo Unit III, India",False,668.5,0.0,0.08
5922,70577,108-VN-T30,FPQ-6384,SCMS-87740,ASN-9153,Vietnam,PMO - US,Direct Drop,EXW,Air,2010-09-30,2010-10-15,2010-12-23,2010-12-23,2010-12-23,ARV,Adult,STRIDES ARCOLAB LIMITED,"Lamivudine 150mg, tablets, 60 Tabs",Lamivudine,Generic,150mg,Tablet,60,29847,70140.45,2.35,0.04,"Strides, Bangalore, India.",True,1403.0,6475.64,151.22
5923,70582,101-CD-T30,FPQ-16001,SCMS-280220,ASN-32231,"Congo, DRC",PMO - US,Direct Drop,EXW,Air,2015-03-10,2015-03-17,2015-07-23,2015-07-23,2015-07-29,HRDT,HIV test,"Orgenics, Ltd","HIV 1/2, Determine Complete HIV Kit, 100 Tests","HIV 1/2, Determine Complete HIV Kit",Determine,no_dosage,Test kit,100,56,4480.0,80.0,0.8,"Alere Medical Co., Ltd.",False,394.0,2346.5699999999997,5.27
5924,70614,114-UG-T30,FPQ-11098,SCMS-171680,ASN-18882,Uganda,PMO - US,Direct Drop,EXW,Air,2012-12-13,2013-01-02,2013-04-29,2013-04-29,2013-04-29,HRDT,HIV test,"Orgenics, Ltd","HIV 1/2, Determine Complete HIV Kit, 100 Tests","HIV 1/2, Determine Complete HIV Kit",Determine,no_dosage,Test kit,100,3035,242800.0,80.0,0.8,"Alere Medical Co., Ltd.",True,1346.0,32471.83,300.34
5925,70619,108-VN-T30,FPQ-10267,SCMS-153090,ASN-16362,Vietnam,PMO - US,Direct Drop,EXW,Air,2012-07-10,2012-07-12,2012-10-09,2012-10-09,2012-10-09,ARV,Adult,HETERO LABS LIMITED,"Lamivudine 150mg, tablets, 60 Tabs",Lamivudine,Generic,150mg,Tablet,60,27634,58031.4,2.1,0.04,Hetero Unit III Hyderabad IN,True,1616.0,3147.88,81.36
5926,70714,133-NG-T30,FPQ-14305,SCMS-240830,ASN-27467,Nigeria,PMO - US,Direct Drop,EXW,Air,2014-05-16,2014-06-02,2014-08-19,2014-08-19,2014-09-17,HRDT,HIV test,"Orgenics, Ltd","HIV 1/2, Determine Complete HIV Kit, 100 Tests","HIV 1/2, Determine Complete HIV Kit",Determine,no_dosage,Test kit,100,6101,542989.0,89.0,0.89,"Alere Medical Co., Ltd.",True,2471.0,35912.43,558.19
5927,70733,108-VN-T30,FPQ-10644,SCMS-161070,ASN-17741,Vietnam,PMO - US,Direct Drop,EXW,Air,2012-09-19,2012-09-24,2013-01-30,2013-01-30,2013-01-30,ARV,Adult,MICRO LABS LIMITED,"Lamivudine 150mg, tablets, 60 Tabs",Lamivudine,Generic,150mg,Tablet,60,22430,41271.2,1.84,0.03,"Micro labs, Verna, Goa, India",True,939.0,2040.93,57.86
5928,70750,105-SS-T30,FPQ-14470,SCMS-245240,ASN-29503,South Sudan,PMO - US,Direct Drop,EXW,Air,2014-06-17,2014-07-01,2015-01-09,2015-01-09,2015-01-19,HRDT,HIV test,"Trinity Biotech, Plc","HIV 1/2, Uni-Gold HIV Kit, 20 Tests","HIV 1/2, Uni-Gold HIV Kit",Uni-Gold,no_dosage,Test kit,20,450,14400.0,32.0,1.6,"Trinity Biotech, Plc",False,159.5,2575.925,14.8
5929,70763,108-VN-T30,FPQ-5019,SCMS-64570,ASN-6261,Vietnam,PMO - US,Direct Drop,EXW,Air,2010-02-02,2010-02-03,2010-03-23,2010-03-23,2010-03-23,ARV,Adult,Aurobindo Pharma Limited,"Tenofovir Disoproxil Fumarate 300mg, tablets, 30 Tabs",Tenofovir Disoproxil Fumarate,Generic,300mg,Tablet,30,8400,65100.0,7.75,0.26,"Aurobindo Unit III, India",True,909.0,5964.52,140.36
5930,70788,133-NG-T30,FPQ-9599,SCMS-144200,ASN-15698,Nigeria,PMO - US,Direct Drop,EXW,Air,2012-03-27,2012-05-03,2012-08-01,2012-08-01,2012-08-01,HRDT,HIV test,"Orgenics, Ltd","HIV 1/2, Determine Complete HIV Kit, 100 Tests","HIV 1/2, Determine Complete HIV Kit",Determine,no_dosage,Test kit,100,3200,284800.0,89.0,0.89,"Alere Medical Co., Ltd.",True,1533.0,35813.98,399.29
5931,70795,109-TZ-T30,FPQ-10394,SCMS-156520,ASN-16037,Tanzania,PMO - US,Direct Drop,EXW,Air,2012-07-26,2012-08-09,2012-09-27,2012-10-04,2012-10-04,ARV,Adult,Aurobindo Pharma Limited,"Lamivudine/Zidovudine 150/300mg, tablets, 60 Tabs",Lamivudine/Zidovudine,Generic,150/300mg,Tablet - FDC,60,53051,379314.65,7.15,0.12,"Aurobindo Unit III, India",True,4611.0,21225.33,531.8
5932,70797,116-ZA-T30,FPQ-14942,SCMS-259075,ASN-32137,South Africa,PMO - US,Direct Drop,DDP,Truck,2014-09-11,2015-05-11,2015-05-12,2015-05-12,2015-05-12,ARV,Adult,PHARMACY DIRECT,"Raltegravir 400mg [Isentress], tablets, 60 Tabs",Raltegravir,Isentress,400mg,Tablet,60,6,366.99,61.16,1.02,"MSD, Haarlem, NL",False,9.0,0.0,0.38
5933,70812,109-TZ-T30,FPQ-10546,SCMS-159630,ASN-17948,Tanzania,PMO - US,Direct Drop,FCA,Air,2012-08-24,2012-09-12,2013-03-15,2013-03-15,2013-03-15,ARV,Pediatric,ABBVIE LOGISTICS (FORMERLY ABBOTT LOGISTICS BV),"Lopinavir/Ritonavir 100/25mg [Aluvia], tablets, 60 Tabs",Lopinavir/Ritonavir,Generic,100/25mg,Tablet,60,407,2592.59,6.37,0.11,ABBVIE Ludwigshafen Germany,True,68.0,1264.16,3.63
5934,70813,108-VN-T30,FPQ-10287,SCMS-156140,ASN-17077,Vietnam,PMO - US,Direct Drop,EXW,Air,2012-07-25,2012-08-14,2012-12-10,2012-12-10,2012-12-10,ARV,Pediatric,Aurobindo Pharma Limited,"Nevirapine 10mg/ml, oral suspension w/syringe, Bottle, 240 ml",Nevirapine,Generic,10mg/ml,Oral suspension,240,436,850.2,1.95,0.01,"Aurobindo Unit III, India",False,668.5,4400.805,1.19
5935,70823,114-UG-T30,FPQ-11141,SCMS-171970,ASN-20132,Uganda,PMO - US,Direct Drop,FCA,Air,2012-12-13,2013-01-11,2013-07-05,2013-07-05,2013-07-05,ARV,Adult,ABBVIE LOGISTICS (FORMERLY ABBOTT LOGISTICS BV),"Ritonavir 100mg [Norvir], film coated tablets, 60 Tabs",Ritonavir,Norvir,100mg,Tablet,60,337,2308.45,6.85,0.11,ABBVIE Ludwigshafen Germany,True,55.0,1013.7,2.86
5936,70844,105-SS-T30,FPQ-14470,SCMS-245260,ASN-29409,South Sudan,PMO - US,Direct Drop,EXW,Air,2014-06-17,2014-06-30,2014-12-22,2014-12-22,2015-01-13,HRDT,HIV test,"Orgenics, Ltd","HIV 1/2, Determine Complete HIV Kit, 100 Tests","HIV 1/2, Determine Complete HIV Kit",Determine,no_dosage,Test kit,100,350,31150.0,89.0,0.89,"Alere Medical Co., Ltd.",False,174.5,2575.925,32.02
5937,70912,107-RW-T30,FPQ-13874,SCMS-232310,ASN-25542,Rwanda,PMO - US,Direct Drop,EXW,Air,2014-03-12,2014-04-03,2014-04-28,2014-04-28,2014-04-28,HRDT,HIV test,"SHANGHAI KEHUA BIOENGINEERING CO.,LTD.  (KHB)","HIV 1/2, SKB Colloidal Gold, Diagnostic Kit, Antibody, 50 Tests","HIV 1/2, Colloidal Gold, Diagnostic Kit, Antibody",Colloidal Gold,no_dosage,Test kit,1,5994,146853.0,24.5,24.5,"KHB Test Kit Facility, Shanghai China",True,3996.0,53062.21,150.96
5938,70978,114-UG-T30,FPQ-12289,SCMS-192020,ASN-20948,Uganda,PMO - US,Direct Drop,EXW,Air,2013-05-14,2013-06-07,2013-08-19,2013-08-19,2013-08-19,ARV,Pediatric,MICRO LABS LIMITED,"Efavirenz 50mg, capsule, 30 Caps",Efavirenz,Generic,50mg,Capsule,30,252,509.04,2.02,0.07,"Micro labs, Verna, Goa, India",True,9.0,1678.53,0.63
5939,70979,107-RW-T30,FPQ-10223,SCMS-152910,ASN-15893,Rwanda,PMO - US,Direct Drop,EXW,Air,2012-07-05,2012-07-16,2012-09-09,2012-09-09,2012-09-09,ARV,Adult,Aurobindo Pharma Limited,"Nevirapine 200mg, tablets, 60 Tabs",Nevirapine,Generic,200mg,Tablet,60,58234,131026.5,2.25,0.04,"Aurobindo Unit III, India",True,5551.0,49069.74,183.7
5940,70981,102-KE-T30,FPQ-4250,SCMS-55902,ASN-5661,Kenya,PMO - US,Direct Drop,EXW,Air,2009-09-16,2009-10-23,2010-01-18,2010-01-18,2010-01-18,HRDT,HIV test,"Orgenics, Ltd","HIV 1/2, Determine Complete HIV Kit, 100 Tests","HIV 1/2, Determine Complete HIV Kit",Determine,no_dosage,Test kit,100,3250,260000.0,80.0,0.8,Inverness Japan,True,979.0,9507.81,509.6
5941,70991,161-ZA-T30,FPQ-7175,SCMS-103700,ASN-12628,South Africa,PMO - US,Direct Drop,DDP,Ocean,2011-03-10,2011-03-23,2011-12-07,2011-12-07,2011-12-07,ARV,Adult,HETERO LABS LIMITED,"Efavirenz 600mg, tablets, 30 Tabs",Efavirenz,Generic,600mg,Tablet,30,92500,435675.0,4.71,0.16,Hetero Unit III Hyderabad IN,True,7878.0,8134.37,718.86
5942,71001,110-ZM-T30,FPQ-14151,SCMS-240080,ASN-26469,Zambia,PMO - US,Direct Drop,EXW,Air,2014-04-30,2014-05-21,2014-07-20,2014-07-20,2014-08-01,ARV,Adult,Aurobindo Pharma Limited,"Nevirapine 200mg, tablets, 60 Tabs",Nevirapine,Generic,200mg,Tablet,60,12425,27956.25,2.25,0.04,"Aurobindo Unit III, India",True,1273.0,6637.36,28.74
5943,71009,901-LR-T30,FPQ-8135,SCMS-118690,ASN-12572,Liberia,PMO - US,Direct Drop,EXW,Air,2011-08-04,2011-08-18,2011-10-31,2011-10-31,2011-10-31,HRDT,HIV test,"Trinity Biotech, Plc","HIV 1/2, Uni-Gold HIV Kit, 20 Tests","HIV 1/2, Uni-Gold HIV Kit",Uni-Gold,no_dosage,Test kit,20,20,640.0,32.0,1.6,"Trinity Biotech, Plc",True,7.0,498.72,1.06
5944,71012,144-BW-T30,FPQ-4167,SCMS-54010,ASN-5830,Botswana,PMO - US,Direct Drop,EXW,Air,2009-09-09,2009-09-29,2010-03-03,2010-03-03,2010-03-03,HRDT,HIV test,"Orgenics, Ltd","HIV 1/2, Determine HIV Kit, without Lancets, 100 Tests","HIV 1/2, Determine HIV Kit, without Lancets",Determine,no_dosage,Test kit,100,8,560.0,70.0,0.7,Inverness Japan,True,3.0,690.02,1.1
5945,71016,105-GH-T30,FPQ-13872,SCMS-235791,ASN-26604,Ghana,PMO - US,Direct Drop,EXW,Air,2014-03-24,2014-05-07,2014-07-17,2014-07-17,2014-07-17,ARV,Pediatric,Aurobindo Pharma Limited,"Efavirenz 50mg, capsule, 30 Caps",Efavirenz,Generic,50mg,Capsule,30,38584,60191.04,1.56,0.05,"Aurobindo Unit III, India",True,2773.0,21807.62,61.88
5946,71045,105-SS-T30,FPQ-15569,SCMS-272170,ASN-32107,South Sudan,PMO - US,Direct Drop,EXW,Air,2014-12-29,2015-02-20,2015-07-02,2015-07-07,2015-07-07,HRDT,HIV test - Ancillary,"Orgenics, Ltd","Capillary Tubes, for Determine, EDTA, 50uL,100 Pcs","HIV, Capillary Tubes, for Determine, EDTA, 50uL,100 Pcs",Determine,no_dosage,Test kit - Ancillary,100,50,400.0,8.0,0.08,"Alere Medical Co., Ltd.",False,18.0,2575.925,0.47
5947,71060,116-ZA-T30,FPQ-3560,SCMS-49641,ASN-5136,South Africa,PMO - US,Direct Drop,DDP,Truck,2009-05-07,2009-07-21,2009-08-05,2009-08-05,2009-08-05,ARV,Adult,S. BUYS WHOLESALER,"Abacavir 300mg [Ziagen], tablets, Blister 6 x 10 Tabs",Abacavir,Ziagen,300mg,Tablet - blister,60,250,11850.3,47.4,0.79,GSK Ware (UK),False,73.5,0.0,23.23
5948,71064,107-RW-T30,FPQ-10092,SCMS-149432,ASN-15626,Rwanda,PMO - US,Direct Drop,EXW,Air,2012-06-04,2012-06-12,2012-08-04,2012-08-04,2012-08-04,ARV,Adult,HETERO LABS LIMITED,"Lamivudine/Tenofovir Disoproxil Fumarate 300/300mg, tablets, 30 Tabs",Lamivudine/Tenofovir Disoproxil Fumarate,Generic,300/300mg,Tablet - FDC,30,40805,195455.95,4.79,0.16,Hetero Unit III Hyderabad IN,True,4574.0,45060.6,274.03
5949,71076,116-ZA-T30,FPQ-13973,SCMS-238550,ASN-30792,South Africa,PMO - US,Direct Drop,DDP,Truck,2014-04-30,2014-05-08,2015-02-19,2015-02-19,2015-02-19,ARV,Adult,PHARMACY DIRECT,"Raltegravir 400mg [Isentress], tablets, 60 Tabs",Raltegravir,Isentress,400mg,Tablet,60,3,253.94,84.65,1.41,"MSD, Haarlem, NL",False,1.0,0.0,0.26
5950,71096,161-ZA-T30,FPQ-6262,SCMS-83770,ASN-10570,South Africa,PMO - US,Direct Drop,DDP,Ocean,2010-08-31,2010-09-24,2011-04-26,2011-06-08,2011-06-08,ARV,Adult,Aurobindo Pharma Limited,"Lamivudine 150mg, tablets, 60 Tabs",Lamivudine,Generic,150mg,Tablet,60,25342,60060.54,2.37,0.04,"Aurobindo Unit III, India",True,1279.0,11372.22,129.49
5951,71111,107-RW-T30,FPQ-11773,SCMS-179950,ASN-18798,Rwanda,PMO - US,Direct Drop,EXW,Air,2013-03-01,2013-03-01,2013-11-01,2013-11-01,2013-11-06,HRDT,HIV test,"Orgenics, Ltd","HIV 1/2, Determine HIV Kit, without Lancets, 100 Tests","HIV 1/2, Determine HIV Kit, without Lancets",Determine,no_dosage,Test kit,100,3500,271950.0,77.7,0.78,"Alere Medical Co., Ltd.",True,795.0,11855.59,336.4
5952,71116,106-HT-T30,FPQ-13797,SCMS-233981,ASN-27709,Haiti,PMO - US,Direct Drop,EXW,Ocean,2014-03-20,2014-05-30,2014-10-28,2014-10-28,2014-11-21,ARV,Adult,CIPLA LIMITED,"Lamivudine/Tenofovir Disoproxil Fumarate 300/300mg, tablets, 30 Tabs",Lamivudine/Tenofovir Disoproxil Fumarate,Generic,300/300mg,Tablet - FDC,30,11194,51380.46,4.59,0.15,"Cipla, Kurkumbh, India",True,668.5,7785.125,52.82
5953,71150,109-TZ-T30,FPQ-13048,SCMS-210880,ASN-25839,Tanzania,PMO - US,Direct Drop,FCA,Air,2013-10-03,2013-10-31,2014-06-24,2014-06-24,2014-06-24,ARV,Pediatric,ABBVIE LOGISTICS (FORMERLY ABBOTT LOGISTICS BV),"Lopinavir/Ritonavir 100/25mg [Aluvia], tablets, 60 Tabs",Lopinavir/Ritonavir,Generic,100/25mg,Tablet,60,1956,11618.64,5.94,0.1,ABBVIE Ludwigshafen Germany,True,230.0,2215.81,14.37
5954,71167,151-NG-T30,FPQ-12803,SCMS-207130,ASN-23375,Nigeria,PMO - US,Direct Drop,FCA,Air,2013-08-13,2013-09-17,2014-01-10,2014-01-10,2014-01-10,ARV,Pediatric,ABBVIE LOGISTICS (FORMERLY ABBOTT LOGISTICS BV),"Lopinavir/Ritonavir 80/20mg/ml [Kaletra], oral solution, cool, Bottle 5 x 60 ml",Lopinavir/Ritonavir,Kaletra,80/20mg/ml,Oral solution,300,1943,59883.26,30.82,0.1,ABBVIE (Abbott) Logis. UK,True,1848.0,17654.94,74.08
5955,71180,113-ZW-T30,FPQ-13939,SCMS-240580,ASN-27035,Zimbabwe,PMO - US,Direct Drop,EXW,Air Charter,2014-04-01,2014-05-26,2014-07-23,2014-07-23,2014-07-29,ARV,Adult,Aurobindo Pharma Limited,"Lamivudine/Tenofovir Disoproxil Fumarate 300/300mg, tablets, 30 Tabs",Lamivudine/Tenofovir Disoproxil Fumarate,Generic,300/300mg,Tablet - FDC,30,29146,135528.9,4.65,0.16,"Aurobindo Unit VII, IN",True,2870.0,19430.86,139.32
5956,71219,102-SZ-T30,FPQ-9212,SCMS-135100,ASN-14107,Swaziland,PMO - US,Direct Drop,EXW,Air,2012-01-19,2012-02-06,2012-04-02,2012-04-02,2012-04-02,HRDT,HIV test,"Orgenics, Ltd","HIV 1/2, Determine Complete HIV Kit, 100 Tests","HIV 1/2, Determine Complete HIV Kit",Determine,no_dosage,Test kit,100,130,10400.0,80.0,0.8,"Alere Medical Co., Ltd.",True,60.0,1360.14,14.58
5957,71237,110-ZM-T30,FPQ-11561,SCMS-183050,ASN-19390,Zambia,PMO - US,Direct Drop,FCA,Air,2013-02-13,2013-03-28,2013-05-22,2013-05-22,2013-05-22,ARV,Pediatric,ABBVIE LOGISTICS (FORMERLY ABBOTT LOGISTICS BV),"Lopinavir/Ritonavir 80/20mg/ml [Kaletra], oral solution, cool, Bottle 5 x 60 ml",Lopinavir/Ritonavir,Kaletra,80/20mg/ml,Oral solution,300,760,23423.2,30.82,0.1,ABBVIE (Abbott) Logis. UK,True,757.0,10365.14,28.97
5958,71241,103-CM-T30,FPQ-12659,SCMS-201930,ASN-21679,Cameroon,PMO - US,Direct Drop,EXW,Air,2013-07-26,2013-08-06,2013-10-10,2013-10-10,2013-10-18,HRDT,HIV test - Ancillary,"Orgenics, Ltd","Chase Buffer, Determine, 100 Tests, 2.5ml x 1 Vial","Chase Buffer, Determine, 100 Tests, 2.5ml x 1 Vial",Determine,no_dosage,Test kit - Ancillary,1,50,250.0,5.0,5.0,"Alere Medical Co., Ltd.",False,18.0,27460.25,0.31
5959,71244,116-ZA-T30,FPQ-11828,SCMS-183950,ASN-19166,South Africa,South Africa Field Office,Direct Drop,DDP,Truck,2013-03-18,2012-10-16,2013-04-16,2013-04-16,2013-04-16,ARV,Adult,S. BUYS WHOLESALER,"Nevirapine 200mg, tablets, 60 Tabs",Nevirapine,Generic,200mg,Tablet,60,5093,94109.04,18.48,0.31,"Cipla, Goa, India",False,668.5,0.0,116.41
5960,71245,108-VN-T30,FPQ-7427,SCMS-105450,ASN-11067,Vietnam,PMO - US,Direct Drop,EXW,Air,2011-03-31,2011-04-14,2011-07-05,2011-07-05,2011-07-05,ARV,Adult,STRIDES ARCOLAB LIMITED,"Lamivudine 150mg, tablets, 60 Tabs",Lamivudine,Generic,150mg,Tablet,60,50000,117500.0,2.35,0.04,"Strides, Bangalore, India.",True,2351.0,10122.75,193.88
5961,71263,119-NA-T30,FPQ-7679,SCMS-109950,ASN-11489,Namibia,PMO - US,Direct Drop,EXW,Air,2011-05-12,2011-05-31,2011-08-03,2011-08-03,2011-08-03,HRDT,HIV test,"Trinity Biotech, Plc","HIV 1/2, Uni-Gold HIV Kit, 20 Tests","HIV 1/2, Uni-Gold HIV Kit",Uni-Gold,no_dosage,Test kit,20,728,23296.0,32.0,1.6,"Trinity Biotech, Plc",True,245.0,6897.71,38.44
5962,71284,151-NG-T30,FPQ-16312,SCMS-287700,ASN-32527,Nigeria,PMO - US,Direct Drop,EXW,Air,2015-05-04,2015-05-07,2015-06-24,2015-06-24,2015-06-30,ARV,Adult,HETERO LABS LIMITED,"Lamivudine/Tenofovir Disoproxil Fumarate 300/300mg, tablets, 30 Tabs",Lamivudine/Tenofovir Disoproxil Fumarate,Generic,300/300mg,Tablet - FDC,30,7026,31617.0,4.5,0.15,Hetero Unit III Hyderabad IN,False,668.5,10144.765,37.21
5963,71293,107-RW-T30,FPQ-13853,SCMS-244220,ASN-27693,Rwanda,PMO - US,Direct Drop,FCA,Air,2014-03-25,2014-06-30,2014-08-22,2014-08-22,2014-08-26,ARV,Pediatric,LAWRENCE LABORATORIES (SUBSIDIARY OF BRISTOL MYERS SQUIBB),"Atazanavir 150mg [Reyataz], capsules, 60 Caps",Atazanavir,Reyataz,150mg,Capsule,60,216,7311.6,33.85,0.56,"BMS Evansville, US",True,17.0,733.64,7.52
5964,71308,144-BW-T30,FPQ-4167,SCMS-54190,ASN-6563,Botswana,PMO - US,Direct Drop,EXW,Air,2009-09-09,2009-09-30,2010-04-20,2010-04-20,2010-04-20,HRDT,HIV test - Ancillary,Orasure Technologies Inc.,"#109435**HIV, OraQuick Controls Kit, 3 Vials","HIV, OraQuick Controls Kit, 3 Vials",OraQuick,no_dosage,Test kit - Ancillary,3,10,250.0,25.0,8.33,"Orasure Technologies, Inc USA",True,7.0,403.66,0.49
5965,71309,102-SS-T30,FPQ-9038,SCMS-137200,ASN-14984,South Sudan,PMO - US,Direct Drop,EXW,Air,2012-01-17,2012-04-05,2012-06-15,2012-06-15,2012-06-15,HRDT,HIV test - Ancillary,"Orgenics, Ltd","Capillary Tubes, for Determine, EDTA, 50uL,100 Pcs","HIV, Capillary Tubes, for Determine, EDTA, 50uL,100 Pcs",Determine,no_dosage,Test kit - Ancillary,100,337,2696.0,8.0,0.08,"Alere Medical Co., Ltd.",False,181.0,2575.925,3.78
5966,71316,108-VN-T30,FPQ-15292,SCMS-268410,ASN-30672,Vietnam,PMO - US,Direct Drop,FCA,Air,2014-12-05,2014-12-18,2015-03-19,2015-03-19,2015-03-19,ARV,Adult,ABBVIE LOGISTICS (FORMERLY ABBOTT LOGISTICS BV),"Lopinavir/Ritonavir 200/50mg [Aluvia], tablets, 120 Tabs",Lopinavir/Ritonavir,Aluvia,200/50mg,Tablet,120,5000,304000.0,60.8,0.51,ABBVIE Ludwigshafen Germany,False,452.0,4400.805,357.81
5967,71320,106-HT-T30,FPQ-12682,SCMS-209710,ASN-27232,Haiti,PMO - US,Direct Drop,EXW,Air,2013-08-23,2013-10-08,2014-08-25,2014-08-25,2014-08-28,ARV,Pediatric,CIPLA LIMITED,"Abacavir 60mg, dispersible tablets, 60 Tabs",Abacavir,Generic,60mg,Chewable/dispersible tablet,60,482,2410.0,5.0,0.08,"Cipla, Patalganga, India",True,50.0,1342.44,2.98
5968,71323,127-KE-T30,FPQ-8155,SCMS-119190,ASN-12469,Kenya,PMO - US,Direct Drop,EXW,Air,2011-08-05,2011-08-28,2011-11-04,2011-11-04,2011-11-04,HRDT,HIV test,"Orgenics, Ltd","HIV 1/2, Determine Complete HIV Kit, 100 Tests","HIV 1/2, Determine Complete HIV Kit",Determine,no_dosage,Test kit,100,7238,644182.0,89.0,0.89,"Alere Medical Co., Ltd.",True,1246.0,13336.64,1062.9
5969,71382,133-NG-T30,FPQ-10349,SCMS-155321,ASN-17169,Nigeria,PMO - US,Direct Drop,EXW,Air,2012-07-17,2012-08-13,2012-11-28,2012-11-29,2012-11-29,HRDT,HIV test,"Orgenics, Ltd","HIV 1/2, Determine Complete HIV Kit, 100 Tests","HIV 1/2, Determine Complete HIV Kit",Determine,no_dosage,Test kit,100,2744,244216.0,89.0,0.89,"Alere Medical Co., Ltd.",True,1303.0,29251.24,342.39
5970,71386,133-NG-T30,FPQ-15504,SCMS-270771,ASN-32756,Nigeria,PMO - US,Direct Drop,EXW,Air,2014-12-08,2015-03-13,2015-06-30,2015-06-29,2015-07-02,HRDT,HIV test,"Orgenics, Ltd","HIV 1/2, Determine Complete HIV Kit, 100 Tests","HIV 1/2, Determine Complete HIV Kit",Determine,no_dosage,Test kit,100,6350,565150.0,89.0,0.89,"Alere Medical Co., Ltd.",True,2575.0,29274.16,665.18
5971,71388,161-ZA-T30,FPQ-6708,SCMS-93540,ASN-10572,South Africa,PMO - US,Direct Drop,DDP,Ocean,2010-11-26,2010-12-14,2011-05-31,2011-06-13,2011-06-13,ARV,Adult,Aurobindo Pharma Limited,"Tenofovir Disoproxil Fumarate 300mg, tablets, 30 Tabs",Tenofovir Disoproxil Fumarate,Generic,300mg,Tablet,30,100,665.0,6.65,0.22,"Aurobindo Unit III, India",True,11.0,8809.05,1.1
5972,71391,153-NA-T30,FPQ-9698,SCMS-144300,ASN-15068,Namibia,PMO - US,Direct Drop,EXW,Air,2012-04-12,2012-05-02,2012-07-16,2012-07-16,2012-07-16,HRDT,HIV test,"Trinity Biotech, Plc","HIV 1/2, Uni-Gold HIV Kit, 20 Tests","HIV 1/2, Uni-Gold HIV Kit",Uni-Gold,no_dosage,Test kit,20,416,13312.0,32.0,1.6,"Trinity Biotech, Plc",True,249.0,1640.99,18.66
5973,71402,106-HT-T30,FPQ-14895,SCMS-261980,ASN-29907,Haiti,PMO - US,Direct Drop,EXW,Air,2014-09-24,2014-11-14,2015-01-20,2015-01-20,2015-01-21,ARV,Pediatric,CIPLA LIMITED,"Lamivudine/Nevirapine/Zidovudine 30/50/60mg, dispersible tablets, 60 Tabs",Lamivudine/Nevirapine/Zidovudine,Generic,30/50/60mg,Chewable/dispersible tablet - FDC,60,7867,28321.2,3.6,0.06,"Cipla, Goa, India",True,811.0,5915.63,29.11
5974,71411,113-ZW-T30,FPQ-11161,SCMS-170110,ASN-18271,Zimbabwe,PMO - US,Direct Drop,EXW,Air,2012-12-12,2012-12-26,2013-03-15,2013-03-15,2013-03-15,HRDT,HIV test,Premier Medical Corporation Ltd.,"HIV 1/2/O, First Response HIV 1-2.0, v.3.0 Cards Kit, 30 Tests","HIV 1/2/O, First Response HIV 1-2.0, v.3.0 Cards Kit",First Response,no_dosage,Test kit,30,8000,180000.0,22.5,0.75,Premier Med. Corp Ltd. India,True,2460.0,13380.07,222.66
5975,71439,161-ZA-T30,FPQ-6262,SCMS-84250,ASN-9007,South Africa,PMO - US,Direct Drop,DDP,Ocean,2010-08-31,2010-09-21,2010-12-15,2010-12-15,2010-12-15,ARV,Adult,STRIDES ARCOLAB LIMITED,"Lamivudine 150mg, tablets, 60 Tabs",Lamivudine,Generic,150mg,Tablet,60,164908,407322.76,2.47,0.04,"Strides, Bangalore, India.",True,8048.0,12225.76,878.19
5976,71462,116-ZA-T30,FPQ-11828,SCMS-183950,ASN-19166,South Africa,South Africa Field Office,Direct Drop,DDP,Truck,2013-03-18,2012-10-16,2013-04-16,2013-04-16,2013-04-16,ARV,Adult,S. BUYS WHOLESALER,"Lopinavir/Ritonavir 200/50mg [Aluvia], tablets, 120 Tabs",Lopinavir/Ritonavir,Aluvia,200/50mg,Tablet,120,1473,36814.05,24.99,0.21,ABBVIE Ludwigshafen Germany,False,668.5,0.0,45.54
5977,71469,107-RW-T30,FPQ-8741,SCMS-129510,ASN-15329,Rwanda,PMO - US,Direct Drop,CIP,Air,2011-11-30,2012-03-09,2012-06-28,2012-06-28,2012-06-28,ARV,Pediatric,CIPLA LIMITED,"Lamivudine/Stavudine 60/12mg, dispersible tablets, 60 Tabs",Lamivudine/Stavudine,Generic,60/12mg,Chewable/dispersible tablet - FDC,60,672,2466.24,3.67,0.06,"Cipla, Goa, India",True,50.0,3011.72,3.46
5978,71477,108-VN-T30,FPQ-14516,SCMS-249050,ASN-29372,Vietnam,PMO - US,Direct Drop,EXW,Air,2014-07-09,2014-08-11,2014-12-17,2014-12-17,2014-12-17,ARV,Adult,HETERO LABS LIMITED,"Efavirenz/Lamivudine/Tenofovir Disoproxil Fumarate 600/300/300mg, tablets, 30 Tabs",Efavirenz/Lamivudine/Tenofovir Disoproxil Fumarate,Generic,600/300/300mg,Tablet - FDC,30,15840,166320.0,10.5,0.35,Hetero Unit III Hyderabad IN,True,2517.0,3789.5,170.98
5979,71487,133-NG-T30,FPQ-8117,SCMS-118190,ASN-12879,Nigeria,PMO - US,Direct Drop,EXW,Air,2011-07-28,2011-08-15,2011-12-19,2011-12-09,2011-12-09,HRDT,HIV test,"Orgenics, Ltd","HIV 1/2, Determine Complete HIV Kit, 100 Tests","HIV 1/2, Determine Complete HIV Kit",Determine,no_dosage,Test kit,100,2419,215291.0,89.0,0.89,"Alere Medical Co., Ltd.",True,933.0,27136.6,355.23
5980,71516,116-ZA-T30,FPQ-14942,SCMS-259072,ASN-30377,South Africa,PMO - US,Direct Drop,DDP,Truck,2014-09-11,2015-01-26,2015-01-26,2015-01-26,2015-01-26,ARV,Adult,PHARMACY DIRECT,"Lamivudine/Zidovudine 150/300mg, tablets, 60 Tabs",Lamivudine/Zidovudine,Generic,150/300mg,Tablet - FDC,60,19,428.24,22.54,0.38,"Aurobindo Unit III, India",False,668.5,0.0,0.44
5981,71518,108-VN-T30,FPQ-9576,SCMS-145310,ASN-16124,Vietnam,PMO - US,Direct Drop,EXW,Air,2012-04-11,2012-06-11,2012-10-02,2012-10-02,2012-10-02,ARV,Pediatric,MYLAN LABORATORIES LTD (FORMERLY MATRIX LABORATORIES),"Lamivudine/Nevirapine/Zidovudine 30/50/60mg, dispersible tablets, 60 Tabs",Lamivudine/Nevirapine/Zidovudine,Generic,30/50/60mg,Chewable/dispersible tablet - FDC,60,8698,36096.7,4.15,0.07,Mylan (formerly Matrix) Nashik,False,668.5,4400.805,50.61
5982,71532,101-CD-T30,FPQ-13555,SCMS-241110,ASN-26614,"Congo, DRC",PMO - US,Direct Drop,EXW,Air,2014-03-19,2014-05-27,2014-08-29,2014-08-29,2014-09-23,ARV,Pediatric,Aurobindo Pharma Limited,"Nevirapine 50mg, dispersible tablets (tablets for oral suspension), 30 Tabs",Nevirapine,Generic,50mg,Chewable/dispersible tablet,30,240,312.0,1.3,0.04,"Aurobindo Unit III, India",True,30.0,1678.57,0.32
5983,71536,108-VN-T30,FPQ-14516,SCMS-249050,ASN-29374,Vietnam,PMO - US,Direct Drop,EXW,Air,2014-07-09,2014-08-11,2014-12-17,2014-12-17,2014-12-17,ARV,Adult,HETERO LABS LIMITED,"Efavirenz/Lamivudine/Tenofovir Disoproxil Fumarate 600/300/300mg, tablets, 30 Tabs",Efavirenz/Lamivudine/Tenofovir Disoproxil Fumarate,Generic,600/300/300mg,Tablet - FDC,30,20856,218988.0,10.5,0.35,Hetero Unit III Hyderabad IN,True,2959.0,4427.52,225.12
5984,71554,105-GH-T30,FPQ-14052,SCMS-237840,ASN-27603,Ghana,PMO - US,Direct Drop,EXW,Ocean,2014-04-12,2014-05-23,2014-11-04,2014-11-04,2014-11-06,ARV,Pediatric,Aurobindo Pharma Limited,"Lamivudine 10mg/ml, oral solution, Bottle, 240 ml",Lamivudine,Generic,10mg/ml,Oral solution,240,13863,19824.09,1.43,0.01,"Aurobindo Unit III, India",True,5467.0,11447.38,20.38
5985,71574,105-SS-T30,FPQ-11539,SCMS-176930,ASN-19142,South Sudan,PMO - US,Direct Drop,EXW,Air,2013-01-24,2013-02-26,2013-07-20,2013-07-20,2013-07-20,HRDT,HIV test - Ancillary,"Orgenics, Ltd","Capillary Tubes, for Determine, EDTA, 50uL,100 Pcs","HIV, Capillary Tubes, for Determine, EDTA, 50uL,100 Pcs",Determine,no_dosage,Test kit - Ancillary,100,115,920.0,8.0,0.08,"Alere Medical Co., Ltd.",False,132.0,2575.925,1.14
5986,71594,101-CD-T30,FPQ-14100,SCMS-239410,ASN-26738,"Congo, DRC",PMO - US,Direct Drop,EXW,Air,2014-04-23,2014-05-20,2014-09-05,2014-09-05,2014-09-16,HRDT,HIV test,"Trinity Biotech, Plc","HIV 1/2, Uni-Gold HIV Kit, 20 Tests","HIV 1/2, Uni-Gold HIV Kit",Uni-Gold,no_dosage,Test kit,20,27,864.0,32.0,1.6,"Trinity Biotech, Plc",False,10.0,2346.5699999999997,0.89
5987,71606,116-ZA-T30,FPQ-14942,SCMS-259075,ASN-32138,South Africa,PMO - US,Direct Drop,DDP,Truck,2014-09-11,2015-05-11,2015-05-12,2015-05-12,2015-05-12,ARV,Pediatric,PHARMACY DIRECT,"Efavirenz 200mg, capsule, 90 Caps",Efavirenz,Generic,200mg,Capsule,90,3,51.13,17.04,0.19,"Aurobindo Unit III, India",False,1.0,0.0,0.05
5988,71649,116-ZA-T30,FPQ-11828,SCMS-183950,ASN-19166,South Africa,South Africa Field Office,Direct Drop,DDP,Truck,2013-03-18,2012-10-16,2013-04-16,2013-04-16,2013-04-16,ARV,Adult,S. BUYS WHOLESALER,"Didanosine 400mg, delayed-release capsules, 30 Caps",Didanosine,Generic,400mg,Delayed-release capsules,30,14,278.66,19.9,0.66,"Aurobindo Unit III, India",False,38.5,0.0,0.34
5989,71655,105-DO-T30,FPQ-11295,SCMS-172490,ASN-18314,Dominican Republic,PMO - US,Direct Drop,EXW,Air,2012-12-17,2013-01-11,2013-02-26,2013-02-26,2013-02-26,HRDT,HIV test,"Trinity Biotech, Plc","HIV 1/2, Uni-Gold HIV Kit, 20 Tests","HIV 1/2, Uni-Gold HIV Kit",Uni-Gold,no_dosage,Test kit,20,413,13216.0,32.0,1.6,"Trinity Biotech, Plc",True,134.0,1083.85,16.35
5990,71672,133-NG-T30,FPQ-4069,SCMS-51090,ASN-5225,Nigeria,PMO - US,Direct Drop,EXW,Air,2009-08-03,2009-08-07,2009-11-16,2009-11-16,2009-11-16,HRDT,HIV test,"Orgenics, Ltd","HIV 1/2, Determine Complete HIV Kit, 100 Tests","HIV 1/2, Determine Complete HIV Kit",Determine,no_dosage,Test kit,100,5100,408000.0,80.0,0.8,Inverness Japan,True,2440.0,43692.46,799.68
5991,71712,106-HT-T30,FPQ-15102,SCMS-260780,ASN-31453,Haiti,PMO - US,Direct Drop,EXW,Air,2014-10-10,2014-11-05,2015-05-05,2015-04-22,2015-04-23,HRDT,HIV test,"Orgenics, Ltd","HIV 1/2, Determine Complete HIV Kit, 100 Tests","HIV 1/2, Determine Complete HIV Kit",Determine,no_dosage,Test kit,100,5698,569800.0,100.0,1.0,"Alere Medical Co., Ltd.",True,2314.0,22194.09,670.65
5992,71753,116-ZA-T30,FPQ-13973,SCMS-238553,ASN-28021,South Africa,PMO - US,Direct Drop,DDP,Truck,2014-04-30,2014-08-28,2014-08-28,2014-08-28,2014-08-28,ARV,Adult,PHARMACY DIRECT,"Didanosine 400mg, delayed-release capsules, 30 Caps",Didanosine,Generic,400mg,Delayed-release capsules,30,7,137.73,19.68,0.66,"Aurobindo Unit III, India",False,668.5,0.0,0.14
5993,71767,108-VN-T30,FPQ-4720,SCMS-62460,ASN-6355,Vietnam,PMO - US,Direct Drop,EXW,Air,2009-01-04,2010-01-12,2010-03-29,2010-03-29,2010-03-29,ARV,Adult,MYLAN LABORATORIES LTD (FORMERLY MATRIX LABORATORIES),"Tenofovir Disoproxil Fumarate 300mg, tablets, 30 Tabs",Tenofovir Disoproxil Fumarate,Generic,300mg,Tablet,30,3192,23940.0,7.5,0.25,Mylan (formerly Matrix) Nashik,False,157.0,4400.805,51.61
5994,71773,114-UG-T30,FPQ-11371,SCMS-173110,ASN-18722,Uganda,PMO - US,Direct Drop,EXW,Air,2013-01-03,2013-01-11,2013-04-29,2013-04-29,2013-04-29,HRDT,HIV test - Ancillary,"Orgenics, Ltd","Capillary Tubes, for Determine, EDTA, 50uL,100 Pcs","HIV, Capillary Tubes, for Determine, EDTA, 50uL,100 Pcs",Determine,no_dosage,Test kit - Ancillary,100,100,800.0,8.0,0.08,"Alere Medical Co., Ltd.",True,74.0,1649.91,0.99
5995,71784,108-VN-T30,FPQ-13976,SCMS-236060,ASN-27812,Vietnam,PMO - US,Direct Drop,EXW,Air,2014-04-08,2014-04-30,2014-09-22,2014-09-22,2014-11-04,ARV,Adult,HETERO LABS LIMITED,"Abacavir 300mg, tablets, 60 Tabs",Abacavir,Generic,300mg,Tablet,60,500,5725.0,11.45,0.19,Hetero Unit III Hyderabad IN,False,83.0,4400.805,5.89
5996,71809,116-ZA-T30,FPQ-12522,SCMS-199289,ASN-28034,South Africa,PMO - US,Direct Drop,DDP,Truck,2013-07-11,2014-08-29,2014-08-29,2014-08-29,2014-08-29,ARV,Adult,S. BUYS WHOLESALER,"Lamivudine 150mg, tablets, 60 Tabs",Lamivudine,Generic,150mg,Tablet,60,592,5776.17,9.76,0.16,Hetero Unit III Hyderabad IN,False,195.0,0.0,7.15
5997,71840,104-CI-T30,FPQ-13603,SCMS-228090,ASN-29971,Côte d'Ivoire,PMO - US,Direct Drop,EXW,Air,2014-01-23,2014-02-27,2015-01-23,2015-01-23,2015-01-23,HRDT,HIV test,"CHEMBIO DIAGNOSTIC SYSTEMS, INC.","HIV 1/2, Stat-Pak HIV, Kit, 20 Tests","HIV 1/2, Stat-Pak HIV, Kit",Stat-Pak,no_dosage,Test kit,20,2120,65720.0,31.0,1.55,Chembio Diagnostics Sys. Inc.,True,610.0,8291.96,67.56
5998,71878,106-HT-T30,FPQ-7670,SCMS-109660,ASN-11484,Haiti,PMO - US,Direct Drop,FCA,Air,2011-05-06,2011-05-19,2011-08-08,2011-08-08,2011-08-08,ARV,Pediatric,ABBVIE LOGISTICS (FORMERLY ABBOTT LOGISTICS BV),"Lopinavir/Ritonavir 80/20mg/ml [Kaletra], oral solution, cool, Bottle 5 x 60 ml",Lopinavir/Ritonavir,Kaletra,80/20mg/ml,Oral solution,300,90,3033.0,33.7,0.11,ABBVIE (Abbott) Logis. UK,True,126.0,1767.91,5.0
5999,71893,106-HT-T30,FPQ-14895,SCMS-260970,ASN-31106,Haiti,PMO - US,Direct Drop,EXW,Ocean,2014-09-24,2014-11-14,2015-05-25,2015-05-25,2015-05-26,ARV,Adult,CIPLA LIMITED,"Efavirenz 600mg, tablets, 30 Tabs",Efavirenz,Generic,600mg,Tablet,30,21203,68697.72,3.24,0.11,"Cipla, Goa, India",True,2471.0,4532.44,70.62
6000,71909,104-CI-T30,FPQ-10764,SCMS-162871,ASN-19031,Côte d'Ivoire,PMO - US,Direct Drop,EXW,Air,2012-10-10,2012-10-22,2013-04-19,2013-04-19,2013-04-19,HRDT,HIV test,BIO-RAD LABORATORIES (FRANCE),"HIV 1/2, Genie III Kit, 50 Tests","HIV 1/2, Genie III Kit",Genie,no_dosage,Test kit,50,300,27300.0,91.0,1.82,Bio-Rad Laboratories,True,160.0,2595.63,38.27
6001,71917,107-RW-T30,FPQ-12518,SCMS-198222,ASN-24719,Rwanda,PMO - US,Direct Drop,EXW,Air,2013-06-21,2013-08-12,2014-03-27,2014-03-27,2014-05-08,HRDT,HIV test,"SHANGHAI KEHUA BIOENGINEERING CO.,LTD.  (KHB)","HIV 1/2, SKB Colloidal Gold, Diagnostic Kit, Antibody, 50 Tests","HIV 1/2, Colloidal Gold, Diagnostic Kit, Antibody",Colloidal Gold,no_dosage,Test kit,1,2988,73206.0,24.5,24.5,"KHB Test Kit Facility, Shanghai China",True,1992.0,26266.34,90.56
6002,71920,108-VN-T30,FPQ-10811,SCMS-164550,ASN-18970,Vietnam,PMO - US,Direct Drop,EXW,Air,2012-10-15,2012-07-11,2013-05-15,2013-05-15,2013-05-15,ARV,Pediatric,STRIDES ARCOLAB LIMITED,"Lamivudine/Nevirapine/Zidovudine 30/50/60mg, dispersible tablets, 60 Tabs",Lamivudine/Nevirapine/Zidovudine,Generic,30/50/60mg,Chewable/dispersible tablet - FDC,60,1119,4476.0,4.0,0.07,"Strides, Bangalore, India.",False,1581.0,4400.805,5.54
6003,71936,108-VN-T30,FPQ-9577,SCMS-145520,ASN-15795,Vietnam,PMO - US,Direct Drop,EXW,Air,2012-04-11,2012-06-12,2012-08-22,2012-08-22,2012-08-22,ARV,Pediatric,Aurobindo Pharma Limited,"Zidovudine 10mg/ml, oral solution w/syringe, Bottle, 240 ml",Zidovudine,Generic,10mg/ml,Oral solution,240,350,735.0,2.1,0.01,"Aurobindo Unit III, India",False,45.0,4400.805,1.03
6004,71956,106-HT-T30,FPQ-15038,SCMS-262980,ASN-30463,Haiti,PMO - US,Direct Drop,EXW,Ocean,2014-10-22,2015-01-07,2015-04-09,2015-04-09,2015-04-13,ARV,Adult,HETERO LABS LIMITED,"Lamivudine/Nevirapine/Zidovudine 150/200/300mg, tablets, 60 Tabs",Lamivudine/Nevirapine/Zidovudine,Generic,150/300/200mg,Tablet - FDC,60,36000,298440.0,8.29,0.14,Hetero Unit III Hyderabad IN,False,2205.0,7785.125,306.8
6005,71965,113-ZW-T30,FPQ-7521,SCMS-108000,ASN-12245,Zimbabwe,PMO - US,Direct Drop,EXW,Air,2011-04-07,2011-05-05,2011-10-19,2011-10-18,2011-10-18,HRDT,HIV test,"Orgenics, Ltd","HIV 1/2, Determine Complete HIV Kit, 100 Tests","HIV 1/2, Determine Complete HIV Kit",Determine,no_dosage,Test kit,100,1145,91600.0,80.0,0.8,Inverness Japan,True,647.0,13312.88,151.14
6006,71971,108-VN-T30,FPQ-5899,SCMS-77410,ASN-8343,Vietnam,PMO - US,Direct Drop,EXW,Air,2010-06-23,2010-07-01,2010-10-13,2010-10-13,2010-10-13,ARV,Adult,STRIDES ARCOLAB LIMITED,"Nevirapine 200mg, tablets, 60 Tabs",Nevirapine,Generic,200mg,Tablet,60,3753,9532.62,2.54,0.04,"Strides, Bangalore, India.",True,216.0,4146.33,20.55
6007,72047,116-ZA-T30,FPQ-12522,SCMS-199283,ASN-27975,South Africa,PMO - US,Direct Drop,DDP,Truck,2013-07-11,2014-08-27,2014-08-27,2014-08-27,2014-08-27,ARV,Adult,S. BUYS WHOLESALER,"Efavirenz 600mg, tablets, 30 Tabs",Efavirenz,Generic,600mg,Tablet,30,1,16.73,16.73,0.56,Hetero Unit III Hyderabad IN,False,63.0,0.0,0.02
6008,72049,900-UG-T30,FPQ-10089,SCMS-149400,ASN-15429,Uganda,PMO - US,Direct Drop,EXW,Air,2012-06-07,2012-06-12,2012-07-12,2012-07-12,2012-07-12,ARV,Adult,Aurobindo Pharma Limited,"Nevirapine 200mg, tablets, 60 Tabs",Nevirapine,Generic,200mg,Tablet,60,22500,52875.0,2.35,0.04,"Aurobindo Unit III, India",True,2145.0,8143.97,74.13
6009,72066,116-ZA-T30,FPQ-12522,SCMS-199289,ASN-28033,South Africa,PMO - US,Direct Drop,DDP,Truck,2013-07-11,2014-08-29,2014-08-29,2014-08-29,2014-08-29,ARV,Adult,S. BUYS WHOLESALER,"Lopinavir/Ritonavir 200/50mg [Aluvia], tablets, 120 Tabs",Lopinavir/Ritonavir,Aluvia,200/50mg,Tablet,120,70,1803.18,25.76,0.21,ABBVIE Ludwigshafen Germany,False,43.5,0.0,2.23
6010,72085,107-RW-T30,FPQ-8742,SCMS-137420,ASN-15492,Rwanda,PMO - US,Direct Drop,EXW,Ocean,2011-12-07,2012-05-18,2012-08-02,2012-08-02,2012-08-02,ARV,Adult,HETERO LABS LIMITED,"Efavirenz 600mg, tablets, 30 Tabs",Efavirenz,Generic,600mg,Tablet,30,20370,72720.9,3.57,0.12,Hetero Unit III Hyderabad IN,True,1619.0,9054.61,101.95
6011,72088,116-ZA-T30,FPQ-12522,SCMS-199280,ASN-24433,South Africa,PMO - US,Direct Drop,DDP,Truck,2013-07-11,2013-08-13,2014-02-07,2014-02-07,2014-02-07,ARV,Adult,S. BUYS WHOLESALER,"Zidovudine 300mg, tablets, 60 Tabs",Zidovudine,Generic,300mg,Tablet,60,12,325.33,27.11,0.45,Mylan (formerly Matrix) Nashik,False,48.0,0.0,0.4
6012,72142,107-RW-T30,FPQ-8365,SCMS-126480,ASN-15215,Rwanda,PMO - US,Direct Drop,FCA,Air,2011-10-26,2011-11-11,2012-06-29,2012-06-29,2012-06-29,ARV,Pediatric,ABBVIE LOGISTICS (FORMERLY ABBOTT LOGISTICS BV),"Lopinavir/Ritonavir 100/25mg [Aluvia], tablets, 60 Tabs",Lopinavir/Ritonavir,Generic,100/25mg,Tablet,60,1575,12143.25,7.71,0.13,ABBVIE Ludwigshafen Germany,True,186.0,2874.03,20.04
6013,72150,116-ZA-T30,FPQ-13035,SCMS-215370,ASN-24415,South Africa,PMO - US,Direct Drop,DDP,Truck,2013-10-08,2013-12-02,2014-02-06,2014-02-06,2014-02-06,ARV,Adult,S. BUYS WHOLESALER,"Nevirapine 200mg, tablets, 60 Tabs",Nevirapine,Generic,200mg,Tablet,60,872,14909.0,17.1,0.29,"Cipla, Goa, India",False,668.5,0.0,18.44
6014,72158,109-TZ-T30,FPQ-5174,SCMS-66910,ASN-6720,Tanzania,PMO - US,Direct Drop,FCA,Air,2010-03-01,2010-03-12,2010-06-11,2010-06-11,2010-06-11,ARV,Adult,ABBVIE LOGISTICS (FORMERLY ABBOTT LOGISTICS BV),"Lopinavir/Ritonavir 200/50mg [Aluvia], tablets, 120 Tabs",Lopinavir/Ritonavir,Aluvia,200/50mg,Tablet,120,7145,258363.2,36.16,0.3,ABBVIE Ludwigshafen Germany,True,1604.0,9915.56,557.03
6015,72193,161-ZA-T30,FPQ-5648,SCMS-75750,ASN-9177,South Africa,PMO - US,Direct Drop,DDP,Ocean,2010-06-02,2010-06-17,2011-02-01,2011-02-01,2011-02-01,ARV,Adult,Aurobindo Pharma Limited,"Efavirenz 600mg, tablets, 30 Tabs",Efavirenz,Generic,600mg,Tablet,30,64260,289812.6,4.51,0.15,"Aurobindo Unit III, India",True,5623.0,630.5,624.84
6016,72239,105-SS-T30,FPQ-15569,SCMS-272170,ASN-32108,South Sudan,PMO - US,Direct Drop,EXW,Air,2014-12-29,2015-02-20,2015-07-02,2015-07-07,2015-07-07,HRDT,HIV test - Ancillary,"Orgenics, Ltd","Capillary Tubes, for Determine, EDTA, 50uL,100 Pcs","HIV, Capillary Tubes, for Determine, EDTA, 50uL,100 Pcs",Determine,no_dosage,Test kit - Ancillary,100,15,120.0,8.0,0.08,"Alere Medical Co., Ltd.",False,5.0,2575.925,0.14
6017,72240,151-NG-T30,FPQ-16312,SCMS-287710,ASN-33334,Nigeria,PMO - US,Direct Drop,EXW,Air,2015-05-04,2015-05-07,2015-08-07,2015-08-07,2015-08-10,ARV,Adult,EMCURE PHARMACEUTICALS LTD,"Atazanavir/Ritonavir 300/100mg, tablets, 30 Tabs",Atazanavir/Ritonavir,Generic,300/100mg,Tablet,30,6878,123804.0,18.0,0.6,"Emcure Plot No.P-2, I.T-B.T. Park, Phase II, MIDC, Hinjwadi, Pune, India",True,668.5,10144.765,145.72
6018,72241,107-RW-T30,FPQ-13874,SCMS-232310,ASN-25540,Rwanda,PMO - US,Direct Drop,EXW,Air,2014-03-12,2014-04-03,2014-04-28,2014-04-28,2014-04-28,HRDT,HIV test,"SHANGHAI KEHUA BIOENGINEERING CO.,LTD.  (KHB)","HIV 1/2, SKB Colloidal Gold, Diagnostic Kit, Antibody, 50 Tests","HIV 1/2, Colloidal Gold, Diagnostic Kit, Antibody",Colloidal Gold,no_dosage,Test kit,1,5994,146853.0,24.5,24.5,"KHB Test Kit Facility, Shanghai China",True,3996.0,53062.21,150.96
6019,72256,106-HT-T30,FPQ-15038,SCMS-262840,ASN-31822,Haiti,PMO - US,Direct Drop,EXW,Ocean,2014-10-22,2014-12-24,2015-07-03,2015-07-03,2015-07-13,ARV,Pediatric,MYLAN LABORATORIES LTD (FORMERLY MATRIX LABORATORIES),"Lamivudine/Nevirapine/Zidovudine 30/50/60mg, dispersible tablets, 60 Tabs",Lamivudine/Nevirapine/Zidovudine,Generic,30/50/60mg,Chewable/dispersible tablet - FDC,60,6500,22750.0,3.5,0.06,Mylan (formerly Matrix) Nashik,True,667.0,7785.125,23.39
6020,72263,161-ZA-T30,FPQ-5303,SCMS-68910,ASN-7469,South Africa,PMO - US,Direct Drop,DDP,Air,2010-03-18,2010-03-19,2010-08-24,2010-08-24,2010-08-24,ARV,Adult,Aurobindo Pharma Limited,"Efavirenz 600mg, tablets, 30 Tabs",Efavirenz,Generic,600mg,Tablet,30,56970,266049.9,4.67,0.16,"Aurobindo Unit III, India",True,4822.0,5886.9,573.6
6021,72281,119-NA-T30,FPQ-3983,SCMS-50160,ASN-4754,Namibia,PMO - US,Direct Drop,EXW,Air,2009-07-17,2009-07-25,2009-08-25,2009-08-25,2009-08-25,HRDT,HIV test,"Orgenics, Ltd","HIV 1/2, Determine HIV Kit, without Lancets, 100 Tests","HIV 1/2, Determine HIV Kit, without Lancets",Determine,no_dosage,Test kit,100,150,10500.0,70.0,0.7,Inverness Japan,True,37.0,2541.8,20.58
6022,72291,107-RW-T30,FPQ-4047,SCMS-50820,ASN-7096,Rwanda,PMO - US,Direct Drop,CIP,Air,2009-07-28,2009-08-18,2010-06-13,2010-06-13,2010-06-13,ARV,Adult,HETERO LABS LIMITED,"Lamivudine 150mg, tablets, 60 Tabs",Lamivudine,Generic,150mg,Tablet,60,15750,40792.5,2.59,0.04,Hetero Unit III Hyderabad IN,True,986.0,4015.82,79.95
6023,72293,110-ZM-T30,FPQ-14151,SCMS-239800,ASN-27557,Zambia,PMO - US,Direct Drop,EXW,Air,2014-04-30,2014-05-20,2014-10-01,2014-10-01,2014-10-01,ARV,Adult,HETERO LABS LIMITED,"Nevirapine 200mg, tablets, 60 Tabs",Nevirapine,Generic,200mg,Tablet,60,100000,218000.0,2.18,0.04,Hetero Unit III Hyderabad IN,True,6304.0,34182.97,224.1
6024,72300,106-HT-T30,FPQ-9066,SCMS-138560,ASN-14157,Haiti,PMO - US,Direct Drop,FCA,Air,2012-01-06,2012-02-24,2012-03-27,2012-03-27,2012-03-27,ARV,Pediatric,ABBVIE LOGISTICS (FORMERLY ABBOTT LOGISTICS BV),"Lopinavir/Ritonavir 100/25mg [Aluvia], tablets, 60 Tabs",Lopinavir/Ritonavir,Generic,100/25mg,Tablet,60,360,2775.6,7.71,0.13,ABBVIE Ludwigshafen Germany,True,46.0,984.39,3.89
6025,72336,102-KE-T30,FPQ-4591,SCMS-58382,ASN-7491,Kenya,PMO - US,Direct Drop,EXW,Air,2009-11-18,2010-05-27,2010-07-29,2010-07-30,2010-07-30,HRDT,HIV test,"Orgenics, Ltd","HIV 1/2, Determine Complete HIV Kit, 100 Tests","HIV 1/2, Determine Complete HIV Kit",Determine,no_dosage,Test kit,100,4555,364400.0,80.0,0.8,Inverness Japan,True,974.0,9456.46,785.65
6026,72377,110-ZM-T30,FPQ-14827,SCMS-256330,ASN-28820,Zambia,PMO - US,Direct Drop,EXW,Air,2014-08-19,2014-09-25,2015-03-26,2015-03-26,2015-03-31,HRDT,HIV test,"Trinity Biotech, Plc","HIV 1/2, Uni-Gold HIV Kit, 20 Tests","HIV 1/2, Uni-Gold HIV Kit",Uni-Gold,no_dosage,Test kit,20,3000,96000.0,32.0,1.6,"Trinity Biotech, Plc",True,909.0,10203.1,98.69
6027,72420,161-ZA-T30,FPQ-6708,SCMS-93550,ASN-10571,South Africa,PMO - US,Direct Drop,DDP,Ocean,2010-11-26,2010-12-14,2011-06-13,2011-06-13,2011-06-13,ARV,Adult,Aurobindo Pharma Limited,"Tenofovir Disoproxil Fumarate 300mg, tablets, 30 Tabs",Tenofovir Disoproxil Fumarate,Generic,300mg,Tablet,30,21896,145608.4,6.65,0.22,"Aurobindo Unit III, India",True,2044.0,5768.66,240.25
6028,72424,161-ZA-T30,FPQ-5648,SCMS-75670,ASN-9183,South Africa,PMO - US,Direct Drop,DDP,Ocean,2010-06-02,2010-06-17,2011-02-01,2011-02-01,2011-02-01,ARV,Pediatric,Aurobindo Pharma Limited,"Efavirenz 50mg, capsule, 30 Caps",Efavirenz,Generic,50mg,Capsule,30,92000,216200.0,2.35,0.08,"Aurobindo Unit III, India",True,5184.0,9592.95,466.13
6029,74268,119-NA-T30,FPQ-4398,SCMS-54920,ASN-6026,Namibia,PMO - US,Direct Drop,EXW,Air,2009-10-07,2009-10-13,2010-02-18,2010-02-18,2010-02-18,HRDT,HIV test,"Orgenics, Ltd","HIV 1/2, Determine HIV Kit, without Lancets, 100 Tests","HIV 1/2, Determine HIV Kit, without Lancets",Determine,no_dosage,Test kit,100,200,14000.0,70.0,0.7,Inverness Japan,True,45.0,10486.42,30.18
6030,72425,116-ZA-T30,FPQ-13973,SCMS-238556,ASN-31854,South Africa,PMO - US,Direct Drop,DDP,Truck,2014-04-30,2015-04-28,2015-04-28,2015-04-28,2015-04-28,ARV,Adult,PHARMACY DIRECT,"Emtricitabine/Tenofovir Disoproxil Fumarate 200/300mg, tablets, 30 Tabs",Emtricitabine/Tenofovir Disoproxil Fumarate,Generic,200/300mg,Tablet - FDC,30,2,60.42,30.21,1.01,"Aurobindo Unit III, India",False,1.0,0.0,0.06
6031,72426,101-CD-T30,FPQ-12035,SCMS-188850,ASN-20251,"Congo, DRC",PMO - US,Direct Drop,EXW,Air,2013-04-12,2013-05-17,2013-09-30,2013-09-30,2013-09-30,ANTM,Malaria,IMRES B.V.,"Sulfadoxine/Pyrimethamine 500/25mg, tablets, 1000 Tabs",Sulfadoxine/Pyrimethamine,Generic,500/25mg,Tablet - FDC,1000,720,16164.0,22.45,0.02,"Guilin OSD site, No 17, China",True,578.0,3089.83,19.99
6032,72445,104-CI-T30,FPQ-10764,SCMS-162872,ASN-20045,Côte d'Ivoire,PMO - US,Direct Drop,EXW,Air,2012-10-10,2013-04-17,2013-06-24,2013-06-24,2013-06-24,HRDT,HIV test,BIO-RAD LABORATORIES (FRANCE),"HIV 1/2, Genie III Kit, 50 Tests","HIV 1/2, Genie III Kit",Genie,no_dosage,Test kit,50,300,27300.0,91.0,1.82,Bio-Rad Laboratories,True,728.0,6879.32,38.27
6033,72454,101-KE-T30,FPQ-10314,SCMS-153912,ASN-17291,Kenya,PMO - US,Direct Drop,CIP,Air,2012-07-12,2012-11-21,2012-12-10,2012-12-10,2012-12-10,HRDT,HIV test,"Orgenics, Ltd","HIV 1/2, Determine Complete HIV Kit, 100 Tests","HIV 1/2, Determine Complete HIV Kit",Determine,no_dosage,Test kit,100,5995,533555.0,89.0,0.89,"Alere Medical Co., Ltd.",True,394.0,0.0,748.04
6034,72467,A01-BF-T50,FPQ-15908,SCMS-285170,ASN-33458,Burkina Faso,PMO - US,Direct Drop,FCA,Air,2015-02-19,2015-04-24,2015-08-04,2015-08-04,2015-08-04,ARV,Adult,ABBVIE LOGISTICS (FORMERLY ABBOTT LOGISTICS BV),"Ritonavir 100mg [Norvir], film coated tablets, 60 Tabs",Ritonavir,Norvir,100mg,Tablet,60,25,171.25,6.85,0.11,ABBVIE Ludwigshafen Germany,True,3.0,3790.6549999999997,0.2
6035,72485,102-KE-T30,FPQ-4591,SCMS-58381,ASN-7199,Kenya,PMO - US,Direct Drop,EXW,Air,2009-11-18,2009-12-02,2010-07-07,2010-07-07,2010-07-07,HRDT,HIV test,"Orgenics, Ltd","HIV 1/2, Determine Complete HIV Kit, 100 Tests","HIV 1/2, Determine Complete HIV Kit",Determine,no_dosage,Test kit,100,5361,428880.0,80.0,0.8,Inverness Japan,True,1098.0,10929.38,924.67
6036,72492,133-NG-T30,FPQ-10765,SCMS-162450,ASN-19648,Nigeria,PMO - US,Direct Drop,EXW,Air,2012-10-05,2012-10-16,2013-06-12,2013-06-12,2013-06-12,HRDT,HIV test,"CHEMBIO DIAGNOSTIC SYSTEMS, INC.","HIV 1/2, Stat-Pak HIV, Kit, 20 Tests","HIV 1/2, Stat-Pak HIV, Kit",Stat-Pak,no_dosage,Test kit,20,4848,140592.0,29.0,1.45,Chembio Diagnostics Sys. Inc.,True,1784.0,8248.33,197.11
6037,72535,106-HT-T30,FPQ-14895,SCMS-261012,ASN-32854,Haiti,PMO - US,Direct Drop,EXW,Air,2014-09-24,2014-11-14,2015-07-21,2015-07-21,2015-07-22,ARV,Adult,EMCURE PHARMACEUTICALS LTD,"Atazanavir/Ritonavir 300/100mg, tablets, 30 Tabs",Atazanavir/Ritonavir,Generic,300/100mg,Tablet,30,8000,144000.0,18.0,0.6,"Emcure Plot No.P-2, I.T-B.T. Park, Phase II, MIDC, Hinjwadi, Pune, India",True,1023.0,6433.8,148.03
6038,72538,114-UG-T30,FPQ-14254,SCMS-239770,ASN-27174,Uganda,PMO - US,Direct Drop,EXW,Air,2014-05-12,2014-05-20,2014-07-30,2014-07-30,2014-08-07,HRDT,HIV test,"Orgenics, Ltd","HIV 1/2, Determine Complete HIV Kit, 100 Tests","HIV 1/2, Determine Complete HIV Kit",Determine,no_dosage,Test kit,100,6000,480000.0,80.0,0.8,"Alere Medical Co., Ltd.",True,2432.0,23482.06,493.44
6039,72546,108-VN-T30,FPQ-12539,SCMS-199700,ASN-23139,Vietnam,PMO - US,Direct Drop,FCA,Air,2013-07-11,2013-07-30,2014-01-06,2014-01-06,2014-01-13,ARV,Adult,ABBVIE LOGISTICS (FORMERLY ABBOTT LOGISTICS BV),"Lopinavir/Ritonavir 200/50mg [Aluvia], tablets, 120 Tabs",Lopinavir/Ritonavir,Aluvia,200/50mg,Tablet,120,4033,245287.06,60.82,0.51,ABBVIE Ludwigshafen Germany,True,668.5,4400.805,303.42
6040,72557,114-UG-T30,FPQ-12154,SCMS-188330,ASN-20241,Uganda,PMO - US,Direct Drop,EXW,Air,2013-04-23,2013-05-09,2013-07-11,2013-07-15,2013-07-15,HRDT,HIV test,"Orgenics, Ltd","HIV 1/2, Determine Complete HIV Kit, 100 Tests","HIV 1/2, Determine Complete HIV Kit",Determine,no_dosage,Test kit,100,3032,242560.0,80.0,0.8,"Alere Medical Co., Ltd.",True,1317.0,47892.57,300.05
6041,72572,102-BW-T30,FPQ-6652,SCMS-93790,ASN-9739,Botswana,PMO - US,Direct Drop,EXW,Air,2010-11-19,2010-12-09,2011-03-14,2011-03-14,2011-03-14,HRDT,HIV test,"SHANGHAI KEHUA BIOENGINEERING CO.,LTD.  (KHB)","HIV 1/2, SKB Colloidal Gold, Diagnostic Kit, Antibody, 50 Tests","HIV 1/2, Colloidal Gold, Diagnostic Kit, Antibody",Colloidal Gold,no_dosage,Test kit,1,20,460.0,23.0,23.0,"KHB Test Kit Facility, Shanghai China",True,16.0,486.18,0.76
6042,72586,111-MZ-T30,FPQ-8527,SCMS-130161,ASN-14527,Mozambique,PMO - US,Direct Drop,EXW,Ocean,2011-10-05,2012-04-09,2012-08-20,2012-08-20,2012-08-20,HRDT,HIV test,"Orgenics, Ltd","HIV 1/2, Determine Complete HIV Kit, 100 Tests","HIV 1/2, Determine Complete HIV Kit",Determine,no_dosage,Test kit,100,7882,630560.0,80.0,0.8,"Alere Medical Co., Ltd.",True,3757.0,15105.99,1040.42
6043,72597,116-ZA-T30,FPQ-14942,SCMS-259072,ASN-30377,South Africa,PMO - US,Direct Drop,DDP,Truck,2014-09-11,2015-01-26,2015-01-26,2015-01-26,2015-01-26,ARV,Adult,PHARMACY DIRECT,"Nevirapine 200mg, tablets, 60 Tabs",Nevirapine,Generic,200mg,Tablet,60,22,282.13,12.82,0.21,"Aurobindo Unit III, India",False,668.5,0.0,0.29
6044,72625,106-HT-T30,FPQ-4337,SCMS-56130,ASN-5752,Haiti,PMO - US,Direct Drop,CIP,Air,2009-10-13,2009-11-06,2010-01-27,2010-01-27,2010-01-27,ARV,Pediatric,MERCK SHARP & DOHME IDEA GMBH (FORMALLY MERCK SHARP & DOHME B.V.),"Efavirenz 30mg/ml [Stocrin/Sustiva], oral solution, Bottle, 180 ml",Efavirenz,Stocrin/Sustiva,30mg/ml,Oral solution,180,167,2832.32,16.96,0.09,"MSD, Haarlem, NL",True,47.0,290.0,5.55
6045,72639,104-CI-T30,FPQ-5207,SCMS-75361,ASN-7945,Côte d'Ivoire,PMO - US,Direct Drop,EXW,Air,2010-02-25,2010-06-07,2010-08-27,2010-08-27,2010-08-27,HRDT,HIV test,"CHEMBIO DIAGNOSTIC SYSTEMS, INC.","HIV 1/2, Stat-Pak HIV, Kit, 20 Tests","HIV 1/2, Stat-Pak HIV, Kit",Stat-Pak,no_dosage,Test kit,20,2068,55836.0,27.0,1.35,Chembio Diagnostics Sys. Inc.,True,685.0,5557.27,120.38
6046,72695,107-RW-T30,FPQ-6185,SCMS-84400,ASN-10663,Rwanda,PMO - US,Direct Drop,CIP,Air,2010-09-03,2010-09-27,2011-04-25,2011-04-25,2011-04-25,ARV,Adult,Aurobindo Pharma Limited,"Didanosine 250mg, delayed-release capsules, 30 Caps",Didanosine,Generic,250mg,Delayed-release capsules,30,570,7552.5,13.25,0.44,"Aurobindo Unit III, India",False,30.5,5865.805,16.28
6047,72698,108-VN-T30,FPQ-12539,SCMS-199720,ASN-22937,Vietnam,PMO - US,Direct Drop,EXW,Air,2013-07-11,2013-07-25,2013-12-16,2013-12-16,2013-12-16,ARV,Adult,Aurobindo Pharma Limited,"Abacavir 300mg, tablets, 60 Tabs",Abacavir,Generic,300mg,Tablet,60,591,6737.4,11.4,0.19,"Aurobindo Unit III, India",True,36.0,430.5,8.33
6048,72719,104-CI-T30,FPQ-10764,SCMS-162870,ASN-17621,Côte d'Ivoire,PMO - US,Direct Drop,EXW,Air,2012-10-10,2012-10-22,2013-01-09,2013-01-09,2013-01-09,HRDT,HIV test,BIO-RAD LABORATORIES (FRANCE),"HIV 1/2, Genie III Kit, 50 Tests","HIV 1/2, Genie III Kit",Genie,no_dosage,Test kit,50,500,45500.0,91.0,1.82,Bio-Rad Laboratories,True,284.0,32609.44,63.79
6049,72767,106-HT-T30,FPQ-14895,SCMS-260980,ASN-29499,Haiti,PMO - US,Direct Drop,FCA,Air,2014-09-24,2014-11-04,2014-12-10,2014-12-10,2014-12-10,ARV,Adult,JANSSEN SCIENCES IRELAND UC (FORMERLY JANSSEN R&D IRELAND),"Darunavir 600mg [Prezista], tablets, 60 Tabs",Darunavir,Prezista,600mg,Tablet,60,111,5994.0,54.0,0.9,"Janssen-Cilag, Latina, IT",True,42.0,926.3,6.16
6050,72770,101-CD-T30,FPQ-14654,SCMS-253270,ASN-28379,"Congo, DRC",PMO - US,Direct Drop,EXW,Air,2014-08-11,2014-08-27,2014-12-31,2014-12-31,2014-12-31,HRDT,HIV test - Ancillary,"Orgenics, Ltd","Chase Buffer, Determine, 100 Tests, 2.5ml x 1 Vial","Chase Buffer, Determine, 100 Tests, 2.5ml x 1 Vial",Determine,no_dosage,Test kit - Ancillary,1,2683,13415.0,5.0,5.0,"Alere Medical Co., Ltd.",False,394.0,2346.5699999999997,13.79
6051,72776,102-GY-T30,FPQ-6983,SCMS-97150,ASN-9832,Guyana,PMO - US,Direct Drop,EXW,Air,2011-01-05,2011-02-02,2011-03-28,2011-03-28,2011-03-28,HRDT,HIV test,"Trinity Biotech, Plc","HIV 1/2, Uni-Gold HIV Kit, 20 Tests","HIV 1/2, Uni-Gold HIV Kit",Uni-Gold,no_dosage,Test kit,20,1975,63200.0,32.0,1.6,"Trinity Biotech, Plc",True,659.0,9106.51,104.28
6052,72821,105-SS-T30,FPQ-15569,SCMS-272170,ASN-31958,South Sudan,PMO - US,Direct Drop,EXW,Air,2014-12-29,2015-02-20,2015-07-02,2015-07-02,2015-07-03,HRDT,HIV test - Ancillary,"Orgenics, Ltd","Capillary Tubes, for Determine, EDTA, 50uL,100 Pcs","HIV, Capillary Tubes, for Determine, EDTA, 50uL,100 Pcs",Determine,no_dosage,Test kit - Ancillary,100,45,360.0,8.0,0.08,"Alere Medical Co., Ltd.",False,29.0,2575.925,0.42
6053,72832,901-CM-T30,FPQ-12837,SCMS-204300,ASN-21709,Cameroon,PMO - US,Direct Drop,EXW,Air,2013-08-19,2013-08-23,2013-11-07,2013-10-30,2013-10-29,ARV,Adult,Aurobindo Pharma Limited,"Lamivudine/Tenofovir Disoproxil Fumarate 300/300mg, tablets, 30 Tabs",Lamivudine/Tenofovir Disoproxil Fumarate,Generic,300/300mg,Tablet - FDC,30,20993,97617.45,4.65,0.16,"Aurobindo Unit VII, IN",True,2100.0,17568.6,120.75
6054,72836,105-GH-T30,FPQ-14052,SCMS-237810,ASN-28672,Ghana,PMO - US,Direct Drop,EXW,Air,2014-04-12,2014-05-23,2014-11-10,2014-11-10,2014-11-12,ARV,Adult,Aurobindo Pharma Limited,"Lamivudine/Nevirapine/Zidovudine 150/200/300mg, tablets, 60 Tabs",Lamivudine/Nevirapine/Zidovudine,Generic,150/300/200mg,Tablet - FDC,60,29107,238677.4,8.2,0.14,"Aurobindo Unit III, India",True,3647.0,18545.17,245.36
6055,72885,111-MZ-T30,FPQ-13093,SCMS-211551,ASN-26131,Mozambique,PMO - US,Direct Drop,EXW,Air,2013-10-15,2013-11-12,2014-06-02,2014-06-02,2014-06-04,HRDT,HIV test,"Trinity Biotech, Plc","HIV 1/2, Uni-Gold HIV Kit, 20 Tests","HIV 1/2, Uni-Gold HIV Kit",Uni-Gold,no_dosage,Test kit,20,3962,126784.0,32.0,1.6,"Trinity Biotech, Plc",True,1153.0,7754.14,130.33
6056,72892,161-ZA-T30,FPQ-6262,SCMS-83730,ASN-10576,South Africa,PMO - US,Direct Drop,DDP,Ocean,2010-08-31,2010-09-24,2011-05-03,2011-06-03,2011-06-03,ARV,Pediatric,Aurobindo Pharma Limited,"Efavirenz 200mg, capsule, 90 Caps",Efavirenz,Generic,200mg,Capsule,90,17357,173222.86,9.98,0.11,"Aurobindo Unit III, India",True,2301.0,4573.2,373.47
6057,72914,901-NA-T30,FPQ-14728,SCMS-252640,ASN-28483,Namibia,PMO - US,Direct Drop,EXW,Air,2014-07-30,2014-08-14,2014-10-22,2014-10-22,2014-10-22,ARV,Adult,HETERO LABS LIMITED,"Lamivudine/Tenofovir Disoproxil Fumarate 300/300mg, tablets, 30 Tabs",Lamivudine/Tenofovir Disoproxil Fumarate,Generic,300/300mg,Tablet - FDC,30,23322,107747.64,4.62,0.15,Hetero Unit III Hyderabad IN,True,2637.0,13397.02,110.76
6058,72918,116-ZA-T30,FPQ-13973,SCMS-238554,ASN-28627,South Africa,PMO - US,Direct Drop,DDP,Truck,2014-04-30,2014-10-03,2014-10-03,2014-10-03,2014-10-03,ARV,Adult,PHARMACY DIRECT,"Lamivudine/Zidovudine 150/300mg, tablets, 60 Tabs",Lamivudine/Zidovudine,Generic,150/300mg,Tablet - FDC,60,9,280.73,31.19,0.52,"Aurobindo Unit III, India",False,1.0,0.0,0.29
6059,72922,109-TZ-T30,FPQ-12024,SCMS-189130,ASN-20469,Tanzania,PMO - US,Direct Drop,EXW,Air,2013-04-08,2013-05-22,2013-09-20,2013-09-20,2013-09-20,HRDT,HIV test,"Standard Diagnostics, Inc.","HIV 1/2, Determine Complete HIV Kit, 100 Tests","HIV 1/2, Determine Complete HIV Kit",Determine,no_dosage,Test kit,100,3781,0.0,0.0,0.0,"Alere Medical Co., Ltd.",True,1642.0,25778.9,0.0
6060,72933,105-GH-T30,FPQ-14667,SCMS-254770,ASN-30499,Ghana,PMO - US,Direct Drop,EXW,Air,2014-08-11,2014-09-25,2015-04-10,2015-04-10,2015-04-13,ARV,Pediatric,MYLAN LABORATORIES LTD (FORMERLY MATRIX LABORATORIES),"Lamivudine/Zidovudine 30/60mg, dispersible tablets, 60 Tabs",Lamivudine/Zidovudine,Generic,30/60mg,Chewable/dispersible tablet - FDC,60,11538,22960.62,1.99,0.03,"Mylan,  H-12 & H-13, India",False,668.5,10790.63,23.6
6061,72948,116-ZA-T30,FPQ-14942,SCMS-259077,ASN-33477,South Africa,PMO - US,Direct Drop,DDP,Truck,2014-09-11,2014-10-09,2015-07-24,2015-07-24,2015-07-24,ARV,Adult,PHARMACY DIRECT,"Tenofovir Disoproxil Fumarate 300mg, tablets, 30 Tabs",Tenofovir Disoproxil Fumarate,Generic,300mg,Tablet,30,32,475.28,14.85,0.5,Mylan (formerly Matrix) Nashik,False,668.5,0.0,0.49
6062,72976,109-TZ-T30,FPQ-9211,SCMS-135870,ASN-13852,Tanzania,PMO - US,Direct Drop,EXW,Air,2012-01-25,2012-01-27,2012-03-07,2012-03-07,2012-03-07,HRDT,HIV test,"Orgenics, Ltd","HIV 1/2, Determine Complete HIV Kit, 100 Tests","HIV 1/2, Determine Complete HIV Kit",Determine,no_dosage,Test kit,100,2884,230720.0,80.0,0.8,"Alere Medical Co., Ltd.",True,1374.0,24000.91,323.47
6063,72981,161-ZA-T30,FPQ-7175,SCMS-103680,ASN-13133,South Africa,PMO - US,Direct Drop,DDP,Ocean,2011-03-10,2011-03-23,2011-12-01,2011-12-19,2011-12-19,ARV,Adult,EMCURE PHARMACEUTICALS LTD,"Efavirenz 600mg, tablets, 30 Tabs",Efavirenz,Generic,600mg,Tablet,30,47963,206240.9,4.3,0.14,"Emcure Plot No.P-2, I.T-B.T. Park, Phase II, MIDC, Hinjwadi, Pune, India",True,3789.0,9582.55,340.3
6064,72988,101-CD-T30,FPQ-13548,SCMS-224840,ASN-24721,"Congo, DRC",PMO - US,Direct Drop,EXW,Air,2014-01-22,2014-01-28,2014-04-04,2014-04-04,2014-04-28,HRDT,HIV test,"Trinity Biotech, Plc","HIV 1/2, Uni-Gold HIV Kit, 20 Tests","HIV 1/2, Uni-Gold HIV Kit",Uni-Gold,no_dosage,Test kit,20,34,1088.0,32.0,1.6,"Trinity Biotech, Plc",False,62.5,2346.5699999999997,1.12
6065,73003,108-VN-T30,FPQ-14516,SCMS-249050,ASN-29375,Vietnam,PMO - US,Direct Drop,EXW,Air,2014-07-09,2014-08-11,2014-12-17,2014-12-17,2014-12-17,ARV,Adult,HETERO LABS LIMITED,"Efavirenz/Lamivudine/Tenofovir Disoproxil Fumarate 600/300/300mg, tablets, 30 Tabs",Efavirenz/Lamivudine/Tenofovir Disoproxil Fumarate,Generic,600/300/300mg,Tablet - FDC,30,19200,201600.0,10.5,0.35,Hetero Unit III Hyderabad IN,True,2719.0,4084.56,207.24
6066,73018,161-ZA-T30,FPQ-5648,SCMS-75750,ASN-9114,South Africa,PMO - US,Direct Drop,DDP,Ocean,2010-06-02,2010-06-17,2011-02-01,2011-02-01,2011-02-01,ARV,Adult,Aurobindo Pharma Limited,"Efavirenz 600mg, tablets, 30 Tabs",Efavirenz,Generic,600mg,Tablet,30,118537,534601.87,4.51,0.15,"Aurobindo Unit III, India",True,10373.0,630.5,1152.6
6067,73056,111-MZ-T30,FPQ-14054,SCMS-240820,ASN-27372,Mozambique,PMO - US,Direct Drop,EXW,Air,2014-04-10,2014-05-29,2014-10-01,2014-10-01,2014-10-01,HRDT,HIV test,BIO-RAD LABORATORIES (FRANCE),"HIV, Multispot HIV-1/HIV-2 Rapid Test Kit, 50 Tests","HIV, Multispot HIV-1/HIV-2 Rapid Test Kit",Multispot,no_dosage,Test kit,50,80,99402.4,1242.53,24.85,Bio-Rad Laboratories,True,111.0,1368.78,102.19
6068,73059,116-ZA-T30,FPQ-15269,SCMS-267020,ASN-29764,South Africa,PMO - US,Direct Drop,DDP,Truck,2014-10-29,2014-12-10,2014-12-10,2014-12-10,2014-12-10,ARV,Pediatric,S. BUYS WHOLESALER,"Efavirenz 50mg, capsule, 30 Caps",Efavirenz,Generic,50mg,Capsule,30,172,457.9,2.66,0.09,"Aurobindo Unit III, India",False,33.0,0.0,0.54
6069,73079,109-TZ-T30,FPQ-10394,SCMS-156520,ASN-16038,Tanzania,PMO - US,Direct Drop,EXW,Air,2012-07-26,2012-08-09,2012-09-27,2012-10-04,2012-10-04,ARV,Adult,Aurobindo Pharma Limited,"Lamivudine/Zidovudine 150/300mg, tablets, 60 Tabs",Lamivudine/Zidovudine,Generic,150/300mg,Tablet - FDC,60,39360,281424.0,7.15,0.12,"Aurobindo Unit III, India",True,3421.0,15241.75,394.56
6070,73087,108-VN-T30,FPQ-6384,SCMS-87780,ASN-9408,Vietnam,PMO - US,Direct Drop,EXW,Air,2010-09-30,2010-10-18,2011-02-16,2011-02-16,2011-02-16,ARV,Adult,HETERO LABS LIMITED,"Lamivudine/Zidovudine 150/300mg, tablets, 60 Tabs",Lamivudine/Zidovudine,Generic,150/300mg,Tablet - FDC,60,35000,292250.0,8.35,0.14,Hetero Unit III Hyderabad IN,False,2657.0,4400.805,630.09
6071,73089,105-GY-T30,FPQ-10249,SCMS-153870,ASN-17103,Guyana,PMO - US,Direct Drop,EXW,Air,2012-07-05,2012-07-26,2012-11-21,2012-11-21,2012-11-21,HRDT,HIV test,"CHEMBIO DIAGNOSTIC SYSTEMS, INC.","HIV 1/2, Stat-Pak HIV, Kit, 20 Tests","HIV 1/2, Stat-Pak HIV, Kit",Stat-Pak,no_dosage,Test kit,20,6,174.0,29.0,1.45,Chembio Diagnostics Sys. Inc.,True,2.0,297.0,0.24
6072,73095,116-ZA-T30,FPQ-14942,SCMS-259073,ASN-30671,South Africa,PMO - US,Direct Drop,DDP,Truck,2014-09-11,2015-02-12,2015-02-12,2015-02-12,2015-02-12,ARV,Adult,PHARMACY DIRECT,"Zidovudine 300mg, tablets, 60 Tabs",Zidovudine,Generic,300mg,Tablet,60,11,198.34,18.03,0.3,"Aurobindo Unit III, India",False,17.0,0.0,0.2
6073,73115,111-MZ-T30,FPQ-11915,SCMS-185220,ASN-21586,Mozambique,PMO - US,Direct Drop,FCA,Air,2013-03-20,2013-05-01,2013-10-08,2013-10-08,2013-10-08,ARV,Adult,ABBVIE LOGISTICS (FORMERLY ABBOTT LOGISTICS BV),"Ritonavir 100mg [Norvir], film coated tablets, 60 Tabs",Ritonavir,Norvir,100mg,Tablet,60,616,4219.6,6.85,0.11,ABBVIE Ludwigshafen Germany,True,87.0,1053.88,5.22
6074,73122,111-MZ-T30,FPQ-15221,SCMS-270120,ASN-32420,Mozambique,PMO - US,Direct Drop,CIP,Air,2014-10-28,2014-12-19,2015-06-09,2015-06-09,2015-07-16,ARV,Adult,MERCK SHARP & DOHME IDEA GMBH (FORMALLY MERCK SHARP & DOHME B.V.),"Raltegravir 400mg [Isentress], tablets, 60 Tabs",Raltegravir,Isentress,400mg,Tablet,60,100,5550.0,55.5,0.92,"MSD, Haarlem, NL",False,36.0,0.0,6.53
6075,73145,104-CI-T30,FPQ-4698,SCMS-62950,ASN-6669,Côte d'Ivoire,PMO - US,Direct Drop,EXW,Air,2009-12-28,2010-01-15,2010-05-12,2010-05-12,2010-05-12,ARV,Adult,MYLAN LABORATORIES LTD (FORMERLY MATRIX LABORATORIES),"Abacavir/Lamivudine/Zidovudine 300/150/300mg, tablets, 60 Tabs",Abacavir/Lamivudine/Zidovudine,Generic,300/150/300mg,Tablet - FDC,60,4448,133440.0,30.0,0.5,Mylan (formerly Matrix) Nashik,True,693.0,5066.44,287.7
6076,73152,106-HT-T30,FPQ-15038,SCMS-263170,ASN-31572,Haiti,PMO - US,Direct Drop,EXW,Air,2014-10-22,2014-12-24,2015-05-11,2015-05-11,2015-05-13,ARV,Adult,Aurobindo Pharma Limited,"Lamivudine/Zidovudine 150/300mg, tablets, 60 Tabs",Lamivudine/Zidovudine,Generic,150/300mg,Tablet - FDC,60,19987,135311.99,6.77,0.11,"Aurobindo Unit III, India",False,668.5,2946.7200000000003,139.1
6077,73176,116-ZA-T30,FPQ-13035,SCMS-215370,ASN-24415,South Africa,PMO - US,Direct Drop,DDP,Truck,2013-10-08,2013-12-02,2014-02-06,2014-02-06,2014-02-06,ARV,Pediatric,S. BUYS WHOLESALER,"Abacavir 20mg/ml, oral solution w/syringe, Bottle, 240 ml",Abacavir,Generic,20mg/ml,Oral solution,240,258,5919.28,22.94,0.1,"Aurobindo Unit III, India",False,668.5,0.0,7.32
6078,73177,108-VN-T30,FPQ-12539,SCMS-210810,ASN-23667,Vietnam,PMO - US,Direct Drop,EXW,Air,2013-07-11,2013-10-14,2014-01-22,2014-01-22,2014-01-22,ARV,Adult,HETERO LABS LIMITED,"Efavirenz 600mg, tablets, 30 Tabs",Efavirenz,Generic,600mg,Tablet,30,983,3184.92,3.24,0.11,Hetero Unit III Hyderabad IN,True,93.0,668.75,3.94
6079,73211,114-UG-T30,FPQ-12290,SCMS-192070,ASN-21522,Uganda,PMO - US,Direct Drop,FCA,Air,2013-05-17,2013-06-13,2013-09-23,2013-09-23,2013-09-23,ARV,Adult,ABBVIE LOGISTICS (FORMERLY ABBOTT LOGISTICS BV),"Ritonavir 100mg [Norvir], film coated tablets, 60 Tabs",Ritonavir,Norvir,100mg,Tablet,60,210,1438.5,6.85,0.11,ABBVIE Ludwigshafen Germany,True,32.0,852.02,1.78
6080,73220,161-ZA-T30,FPQ-7175,SCMS-103820,ASN-13285,South Africa,PMO - US,Direct Drop,DDP,Ocean,2011-03-10,2011-03-28,2012-01-27,2012-01-27,2012-01-27,ARV,Pediatric,CIPLA LIMITED,"Lamivudine 10mg/ml, oral solution, Bottle, 240 ml",Lamivudine,Generic,10mg/ml,Oral solution,240,50000,103000.0,2.06,0.01,"Cipla, Goa, India",True,4502.0,0.0,169.95
6081,73239,108-VN-T30,FPQ-4265,SCMS-57140,ASN-6264,Vietnam,PMO - US,Direct Drop,EXW,Air,2009-10-20,2009-11-13,2010-03-17,2010-03-17,2010-03-17,ARV,Adult,Aurobindo Pharma Limited,"Lamivudine/Zidovudine 150/300mg, tablets, 60 Tabs",Lamivudine/Zidovudine,Generic,150/300mg,Tablet - FDC,60,19740,169961.4,8.61,0.14,"Aurobindo Unit III, India",False,2941.0,4400.805,333.12
6082,73261,116-ZA-T30,FPQ-12522,SCMS-199283,ASN-27980,South Africa,PMO - US,Direct Drop,DDP,Truck,2013-07-11,2014-08-27,2014-08-27,2014-08-27,2014-08-27,ARV,Pediatric,S. BUYS WHOLESALER,"Lamivudine 10mg/ml, oral solution w/syringe, Bottle, 240 ml",Lamivudine,Generic,10mg/ml,Oral solution,240,12,95.96,8.0,0.03,"Aurobindo Unit III, India",False,48.0,0.0,0.12
6083,73275,116-ZA-T30,FPQ-12522,SCMS-199288,ASN-27195,South Africa,PMO - US,Direct Drop,DDP,Truck,2013-07-11,2014-07-10,2014-07-10,2014-07-10,2014-07-10,ARV,Pediatric,S. BUYS WHOLESALER,"Lopinavir/Ritonavir 80/20mg/ml [Kaletra], oral solution, cool, Bottle 5 x 60 ml",Lopinavir/Ritonavir,Kaletra,80/20mg/ml,Oral solution,300,3,70.35,23.45,0.08,ABBVIE (Abbott) Logis. UK,True,1.0,0.0,0.09
6084,73287,116-ZA-T30,FPQ-13973,SCMS-238550,ASN-30792,South Africa,PMO - US,Direct Drop,DDP,Truck,2014-04-30,2014-05-08,2015-02-19,2015-02-19,2015-02-19,ARV,Adult,PHARMACY DIRECT,"Darunavir 300mg [Prezista], tablets, 120 Tabs",Darunavir,Prezista,300mg,Tablet,120,3,209.13,69.71,0.58,"Janssen-Cilag, Latina, IT",False,1.0,0.0,0.21
6085,73301,114-UG-T30,FPQ-6563,SCMS-91740,ASN-9071,Uganda,PMO - US,Direct Drop,FCA,Air,2010-10-31,2010-11-17,2010-12-21,2010-12-21,2010-12-21,ARV,Adult,Hoffmann-La Roche ltd Basel,"Saquinavir 500mg [Invirase], tablets, 120 Tabs",Saquinavir,Invirase,500mg,Tablet,120,98,10150.19,103.57,0.86,Roche Madrid,True,18.0,968.25,16.75
6086,73314,111-MZ-T30,FPQ-8527,SCMS-130160,ASN-13819,Mozambique,PMO - US,Direct Drop,EXW,Air,2011-10-05,2011-12-29,2012-05-02,2012-05-02,2012-05-02,HRDT,HIV test,"Orgenics, Ltd","HIV 1/2, Determine Complete HIV Kit, 100 Tests","HIV 1/2, Determine Complete HIV Kit",Determine,no_dosage,Test kit,100,2891,231280.0,80.0,0.8,"Alere Medical Co., Ltd.",True,1378.0,25607.44,381.61
6087,73326,161-ZA-T30,FPQ-7175,SCMS-103800,ASN-12625,South Africa,PMO - US,Direct Drop,DDP,Ocean,2011-03-10,2011-03-28,2011-11-25,2011-11-25,2011-11-25,ARV,Pediatric,CIPLA LIMITED,"Lamivudine 10mg/ml, oral solution, Bottle, 240 ml",Lamivudine,Generic,10mg/ml,Oral solution,240,50000,103000.0,2.06,0.01,"Cipla, Goa, India",True,18462.0,22647.81,169.95
6088,73335,133-NG-T30,FPQ-15504,SCMS-270751,ASN-31318,Nigeria,PMO - US,Direct Drop,EXW,Air,2014-12-08,2015-01-28,2015-04-15,2015-04-15,2015-04-23,HRDT,HIV test,"Trinity Biotech, Plc","HIV 1/2, Uni-Gold HIV Kit, 20 Tests","HIV 1/2, Uni-Gold HIV Kit",Uni-Gold,no_dosage,Test kit,20,6704,214528.0,32.0,1.6,"Trinity Biotech, Plc",True,2134.0,13771.63,252.5
6089,73348,103-ZW-T30,FPQ-15021,SCMS-261410,ASN-30816,Zimbabwe,PMO - US,Direct Drop,FCA,Air,2014-10-15,2014-10-30,2015-02-28,2015-02-28,2015-02-28,ARV,Pediatric,ABBVIE LOGISTICS (FORMERLY ABBOTT LOGISTICS BV),"Lopinavir/Ritonavir 80/20mg/ml [Kaletra], oral solution, cool, Bottle 5 x 60 ml",Lopinavir/Ritonavir,Kaletra,80/20mg/ml,Oral solution,300,5362,165256.84,30.82,0.1,ABBVIE (Abbott) Logis. UK,True,5060.0,44952.61,169.88
6090,73360,108-VN-T30,FPQ-3896,SCMS-48270,ASN-5131,Vietnam,PMO - US,Direct Drop,EXW,Air,2009-06-25,2009-06-26,2009-10-26,2009-10-26,2009-10-26,ARV,Adult,Aurobindo Pharma Limited,"Didanosine 250mg, delayed-release capsules, 30 Caps",Didanosine,Generic,250mg,Delayed-release capsules,30,180,2340.0,13.0,0.43,"Aurobindo Unit III, India",False,80.5,4400.805,4.59
6091,73373,101-CD-T30,FPQ-16001,SCMS-280210,ASN-31750,"Congo, DRC",PMO - US,Direct Drop,EXW,Air,2015-03-10,2015-03-16,2015-07-02,2015-07-02,2015-07-30,HRDT,HIV test,"Trinity Biotech, Plc","HIV 1/2, Uni-Gold HIV Kit, 20 Tests","HIV 1/2, Uni-Gold HIV Kit",Uni-Gold,no_dosage,Test kit,20,89,2848.0,32.0,1.6,"Trinity Biotech, Plc",False,394.0,2346.5699999999997,3.35
6092,73379,116-ZA-T30,FPQ-13035,SCMS-215370,ASN-24415,South Africa,PMO - US,Direct Drop,DDP,Truck,2013-10-08,2013-12-02,2014-02-06,2014-02-06,2014-02-06,ARV,Adult,S. BUYS WHOLESALER,"Zidovudine 300mg, tablets, 60 Tabs",Zidovudine,Generic,300mg,Tablet,60,22,543.68,24.71,0.41,"Aurobindo Unit III, India",False,668.5,0.0,0.67
6093,73403,101-AF-T30,FPQ-15746,SCMS-275090,ASN-30861,Afghanistan,PMO - US,Direct Drop,EXW,Air,2015-01-20,2015-02-09,2015-07-12,2015-07-12,2015-07-13,ANTM,Malaria,IMRES B.V.,"Quinine sulphate 300mg, film coated tablet, 1000 Tabs",Quinine,Generic,300mg,Tablet,1000,57,2881.35,50.55,0.05,Mepro Pharm Wadhwan Unit II,False,488.0,540.525,3.39
6094,73507,111-MZ-T30,FPQ-9671,SCMS-145150,ASN-15699,Mozambique,PMO - US,Direct Drop,EXW,Air,2012-04-10,2012-05-04,2012-09-04,2012-09-04,2012-09-04,HRDT,HIV test,"Orgenics, Ltd","HIV 1/2, Determine Complete HIV Kit, 100 Tests","HIV 1/2, Determine Complete HIV Kit",Determine,no_dosage,Test kit,100,5000,400000.0,80.0,0.8,"Alere Medical Co., Ltd.",True,2384.0,43848.04,560.8
6095,73567,133-NG-T30,FPQ-15504,SCMS-270750,ASN-31313,Nigeria,PMO - US,Direct Drop,EXW,Air,2014-12-08,2015-01-26,2015-04-22,2015-04-22,2015-04-22,HRDT,HIV test,"Trinity Biotech, Plc","HIV 1/2, Uni-Gold HIV Kit, 20 Tests","HIV 1/2, Uni-Gold HIV Kit",Uni-Gold,no_dosage,Test kit,20,6705,214560.0,32.0,1.6,"Trinity Biotech, Plc",True,394.0,10144.765,252.54
6096,73569,108-VN-T30,FPQ-7565,SCMS-107630,ASN-11362,Vietnam,PMO - US,Direct Drop,EXW,Air,2011-04-21,2011-05-02,2011-07-26,2011-07-26,2011-07-26,ARV,Adult,STRIDES ARCOLAB LIMITED,"Nevirapine 200mg, tablets, 60 Tabs",Nevirapine,Generic,200mg,Tablet,60,15000,38100.0,2.54,0.04,"Strides, Bangalore, India.",False,1442.0,4400.805,62.86
6097,73585,116-ZA-T30,FPQ-14942,SCMS-259074,ASN-31069,South Africa,PMO - US,Direct Drop,DDP,Truck,2014-09-11,2015-03-09,2015-03-09,2015-03-09,2015-03-09,ARV,Adult,PHARMACY DIRECT,"Raltegravir 400mg [Isentress], tablets, 60 Tabs",Raltegravir,Isentress,400mg,Tablet,60,62,3792.2,61.16,1.02,"MSD, Haarlem, NL",False,5.0,0.0,3.9
6098,73596,133-NG-T30,FPQ-14305,SCMS-240830,ASN-27473,Nigeria,PMO - US,Direct Drop,EXW,Air,2014-05-16,2014-06-02,2014-08-19,2014-09-04,2014-09-17,HRDT,HIV test,"Orgenics, Ltd","HIV 1/2, Determine Complete HIV Kit, 100 Tests","HIV 1/2, Determine Complete HIV Kit",Determine,no_dosage,Test kit,100,2769,246441.0,89.0,0.89,"Alere Medical Co., Ltd.",True,2355.0,16816.33,253.34
6099,73607,104-CI-T30,FPQ-3882,SCMS-51820,ASN-4980,Côte d'Ivoire,PMO - US,Direct Drop,FCA,Air,2009-07-24,2009-08-24,2009-10-16,2009-10-16,2009-10-16,ARV,Adult,ABBVIE LOGISTICS (FORMERLY ABBOTT LOGISTICS BV),"Ritonavir 100mg [Norvir], capsules, cool, 4 x 84 Caps",Ritonavir,Norvir,100mg,Capsule,336,300,11508.0,38.36,0.11,ABBVIE (Abbott) France,True,546.0,8956.05,22.56
6100,73661,161-ZA-T30,FPQ-7175,SCMS-103400,ASN-12381,South Africa,PMO - US,Direct Drop,DDP,Ocean,2011-03-10,2011-03-24,2011-11-22,2011-11-22,2011-11-22,ARV,Adult,Aurobindo Pharma Limited,"Zidovudine 300mg, tablets, 60 Tabs",Zidovudine,Generic,300mg,Tablet,60,90171,658248.3,7.3,0.12,"Aurobindo Unit III, India",True,4670.0,3341.45,1086.11
6101,73665,161-ZA-T30,FPQ-6262,SCMS-83770,ASN-9944,South Africa,PMO - US,Direct Drop,DDP,Ocean,2010-08-31,2010-09-24,2011-04-26,2011-04-12,2011-04-12,ARV,Adult,Aurobindo Pharma Limited,"Lamivudine 150mg, tablets, 60 Tabs",Lamivudine,Generic,150mg,Tablet,60,185748,440222.76,2.37,0.04,"Aurobindo Unit III, India",True,9374.0,11372.23,949.12
6102,73675,108-VN-T30,FPQ-12051,SCMS-188710,ASN-21667,Vietnam,PMO - US,Direct Drop,EXW,Air,2013-05-03,2013-05-15,2013-09-28,2013-09-28,2013-09-28,ARV,Adult,HETERO LABS LIMITED,"Abacavir 300mg, tablets, 60 Tabs",Abacavir,Generic,300mg,Tablet,60,429,5255.25,12.25,0.2,Hetero Unit III Hyderabad IN,False,43.0,4400.805,6.5
6103,73724,106-HT-T30,FPQ-14895,SCMS-261013,ASN-33599,Haiti,PMO - US,Direct Drop,EXW,Air,2014-09-24,2014-11-14,2015-09-02,2015-09-02,2015-09-03,ARV,Adult,EMCURE PHARMACEUTICALS LTD,"Atazanavir/Ritonavir 300/100mg, tablets, 30 Tabs",Atazanavir/Ritonavir,Generic,300/100mg,Tablet,30,3320,59760.0,18.0,0.6,"Emcure Plot No.P-2, I.T-B.T. Park, Phase II, MIDC, Hinjwadi, Pune, India",True,668.5,2946.7200000000003,61.43
6104,73726,106-HT-T30,FPQ-11442,SCMS-177180,ASN-18919,Haiti,PMO - US,Direct Drop,EXW,Ocean,2013-01-30,2013-03-11,2013-08-07,2013-08-07,2013-08-07,ARV,Pediatric,Aurobindo Pharma Limited,"Zidovudine 10mg/ml, oral solution w/syringe, Bottle, 240 ml",Zidovudine,Generic,10mg/ml,Oral solution,240,1999,4197.9,2.1,0.01,"Aurobindo Unit III, India",False,668.5,7785.125,5.19
6105,73727,114-UG-T30,FPQ-15303,SCMS-264960,ASN-31187,Uganda,PMO - US,Direct Drop,EXW,Air,2014-11-11,2014-11-25,2015-04-08,2015-04-08,2015-04-08,ARV,Adult,EMCURE PHARMACEUTICALS LTD,"Atazanavir/Ritonavir 300/100mg, tablets, 30 Tabs",Atazanavir/Ritonavir,Generic,300/100mg,Tablet,30,1776,31968.0,18.0,0.6,"Emcure Plot No.P-2, I.T-B.T. Park, Phase II, MIDC, Hinjwadi, Pune, India",True,237.0,1794.89,37.63
6106,73748,109-TZ-T30,FPQ-12286,SCMS-193850,ASN-20159,Tanzania,PMO - US,Direct Drop,EXW,Air,2013-05-16,2013-06-11,2013-08-24,2013-08-24,2013-08-24,ARV,Adult,Aurobindo Pharma Limited,"Lamivudine/Nevirapine/Zidovudine 150/200/300mg, tablets, 60 Tabs",Lamivudine/Nevirapine/Zidovudine,Generic,150/300/200mg,Tablet - FDC,60,36451,297075.65,8.15,0.14,"Aurobindo Unit III, India",True,4611.0,20618.55,367.48
6107,73757,110-ZM-T30,FPQ-14790,SCMS-253022,ASN-31640,Zambia,PMO - US,Direct Drop,FCA,Air,2014-08-13,2014-08-20,2015-05-18,2015-05-18,2015-05-19,ARV,Pediatric,ABBVIE LOGISTICS (FORMERLY ABBOTT LOGISTICS BV),"Lopinavir/Ritonavir 80/20mg/ml [Kaletra], oral solution, cool, Bottle 5 x 60 ml",Lopinavir/Ritonavir,Kaletra,80/20mg/ml,Oral solution,300,2265,69807.3,30.82,0.1,ABBVIE (Abbott) Logis. UK,True,2272.0,13303.8,71.76
6108,73776,101-CD-T30,FPQ-16001,SCMS-280220,ASN-32231,"Congo, DRC",PMO - US,Direct Drop,EXW,Air,2015-03-10,2015-03-17,2015-07-23,2015-07-23,2015-07-29,HRDT,HIV test,"Orgenics, Ltd","HIV 1/2, Determine Complete HIV Kit, 100 Tests","HIV 1/2, Determine Complete HIV Kit",Determine,no_dosage,Test kit,100,128,10240.0,80.0,0.8,"Alere Medical Co., Ltd.",False,394.0,2346.5699999999997,12.05
6109,73782,106-HT-T30,FPQ-16241,SCMS-288890,ASN-32682,Haiti,PMO - US,Direct Drop,EXW,Ocean,2015-05-05,2015-05-27,2015-08-13,2015-08-13,2015-08-14,ARV,Adult,HETERO LABS LIMITED,"Lamivudine/Zidovudine 150/300mg, tablets, 60 Tabs",Lamivudine/Zidovudine,Generic,150/300mg,Tablet - FDC,60,65760,434673.6,6.61,0.11,"Hetero, Jadcherla, unit 5, IN",False,668.5,7785.125,511.61
6110,73804,108-VN-T30,FPQ-16194,SCMS-285500,ASN-33268,Vietnam,PMO - US,Direct Drop,EXW,Air,2015-04-14,2015-05-13,2015-09-03,2015-09-03,2015-09-03,ARV,Adult,HETERO LABS LIMITED,"Efavirenz/Lamivudine/Tenofovir Disoproxil Fumarate 600/300/300mg, tablets, 30 Tabs",Efavirenz/Lamivudine/Tenofovir Disoproxil Fumarate,Generic,600/300/300mg,Tablet - FDC,30,17760,168720.0,9.5,0.32,Hetero Unit III Hyderabad IN,True,2519.5,4400.805,198.58
6111,73806,116-ZA-T30,FPQ-14942,SCMS-259071,ASN-29597,South Africa,PMO - US,Direct Drop,DDP,Truck,2014-09-11,2014-11-28,2014-11-28,2014-11-28,2014-11-28,ARV,Adult,PHARMACY DIRECT,"Didanosine 250mg, delayed-release capsules, 30 Caps",Didanosine,Generic,250mg,Delayed-release capsules,30,6,66.1,11.02,0.37,"Aurobindo Unit III, India",False,9.0,0.0,0.07
6112,73807,161-ZA-T30,FPQ-5303,SCMS-68940,ASN-8041,South Africa,PMO - US,Direct Drop,DDP,Air,2010-03-18,2010-03-19,2010-09-07,2010-10-27,2010-10-27,ARV,Adult,Aurobindo Pharma Limited,"Efavirenz 600mg, tablets, 30 Tabs",Efavirenz,Generic,600mg,Tablet,30,29380,137204.6,4.67,0.16,"Aurobindo Unit III, India",True,668.5,0.0,295.81
6113,73818,104-CI-T30,FPQ-6037,SCMS-80630,ASN-8532,Côte d'Ivoire,PMO - US,Direct Drop,EXW,Air,2010-07-14,2010-07-30,2010-11-10,2010-11-10,2010-11-10,HRDT,HIV test,"Orgenics, Ltd","HIV 1/2, Determine HIV Kit, without Lancets, 100 Tests","HIV 1/2, Determine HIV Kit, without Lancets",Determine,no_dosage,Test kit,100,5408,420201.6,77.7,0.78,Inverness Japan,True,1229.0,17085.16,905.95
6114,73843,161-ZA-T30,FPQ-6262,SCMS-83790,ASN-9179,South Africa,PMO - US,Direct Drop,DDP,Ocean,2010-08-31,2010-09-24,2011-01-31,2011-01-31,2011-01-31,ARV,Adult,Aurobindo Pharma Limited,"Lamivudine 150mg, tablets, 60 Tabs",Lamivudine,Generic,150mg,Tablet,60,19177,45449.49,2.37,0.04,"Aurobindo Unit III, India",False,668.5,7526.14,97.99
6115,73861,108-VN-T30,FPQ-8428,SCMS-123520,ASN-13475,Vietnam,PMO - US,Direct Drop,EXW,Air,2011-09-21,2011-10-04,2012-03-01,2012-03-01,2012-03-01,ARV,Adult,Aurobindo Pharma Limited,"Efavirenz 600mg, tablets, 30 Tabs",Efavirenz,Generic,600mg,Tablet,30,49452,200280.6,4.05,0.13,"Aurobindo Unit III, India",False,668.5,4400.805,330.46
6116,73867,105-SS-T30,FPQ-15569,SCMS-272140,ASN-31129,South Sudan,PMO - US,Direct Drop,EXW,Air,2014-12-29,2015-02-20,2015-05-08,2015-05-08,2015-05-11,HRDT,HIV test,"Trinity Biotech, Plc","HIV 1/2, Uni-Gold HIV Kit, 20 Tests","HIV 1/2, Uni-Gold HIV Kit",Uni-Gold,no_dosage,Test kit,20,25,800.0,32.0,1.6,"Trinity Biotech, Plc",False,39.5,2575.925,0.94
6117,73906,105-GH-T30,FPQ-13809,SCMS-234090,ASN-27340,Ghana,PMO - US,Direct Drop,EXW,Air,2014-03-07,2014-04-15,2014-09-11,2014-09-11,2014-09-11,ARV,Adult,MYLAN LABORATORIES LTD (FORMERLY MATRIX LABORATORIES),"Emtricitabine/Tenofovir Disoproxil Fumarate 200/300mg, tablets, 30 Tabs",Emtricitabine/Tenofovir Disoproxil Fumarate,Generic,200/300mg,Tablet - FDC,30,8458,47364.8,5.6,0.19,Mylan (formerly Matrix) Nashik,True,758.0,6956.18,48.69
6118,73918,113-ZW-T30,FPQ-7521,SCMS-108000,ASN-12247,Zimbabwe,PMO - US,Direct Drop,EXW,Air,2011-04-07,2011-05-05,2011-10-19,2011-10-19,2011-10-19,HRDT,HIV test,"Orgenics, Ltd","HIV 1/2, Determine Complete HIV Kit, 100 Tests","HIV 1/2, Determine Complete HIV Kit",Determine,no_dosage,Test kit,100,2499,199920.0,80.0,0.8,Inverness Japan,True,1191.0,23808.37,329.87
6119,73961,114-UG-T30,FPQ-4130,SCMS-53050,ASN-5064,Uganda,PMO - US,Direct Drop,FCA,Air,2009-08-25,2009-09-10,2009-10-20,2009-10-20,2009-10-20,ARV,Adult,ABBVIE LOGISTICS (FORMERLY ABBOTT LOGISTICS BV),"Lopinavir/Ritonavir 200/50mg [Aluvia], tablets, 120 Tabs",Lopinavir/Ritonavir,Aluvia,200/50mg,Tablet,120,480,17356.8,36.16,0.3,ABBVIE Ludwigshafen Germany,True,126.0,1360.34,34.02
6120,73986,133-NG-T30,FPQ-12456,SCMS-196561,ASN-22353,Nigeria,PMO - US,Direct Drop,EXW,Air,2013-06-10,2013-07-10,2013-11-07,2013-11-11,2013-11-17,HRDT,HIV test,"Orgenics, Ltd","HIV 1/2, Determine Complete HIV Kit, 100 Tests","HIV 1/2, Determine Complete HIV Kit",Determine,no_dosage,Test kit,100,3041,270649.0,89.0,0.89,"Alere Medical Co., Ltd.",True,1235.0,21084.84,334.79
6121,73996,104-CI-T30,FPQ-12806,SCMS-206580,ASN-22054,Côte d'Ivoire,PMO - US,Direct Drop,EXW,Air,2013-08-09,2013-09-16,2013-11-04,2013-11-04,2013-11-05,ARV,Adult,MYLAN LABORATORIES LTD (FORMERLY MATRIX LABORATORIES),"Atazanavir/Ritonavir 300/100mg, tablets, 30 Tabs",Atazanavir/Ritonavir,Generic,300/100mg,Tablet,30,4500,90000.0,20.0,0.67,Mylan (formerly Matrix) Nashik,True,608.0,4568.92,111.33
6122,74008,161-ZA-T30,FPQ-7400,SCMS-104210,ASN-12078,South Africa,PMO - US,Direct Drop,DDP,Ocean,2011-03-11,2011-03-30,2011-12-02,2011-12-02,2011-12-02,ARV,Pediatric,GLAXOSMITHKLINE EXPORT LIMITED,"Abacavir 20mg/ml [Ziagen], oral solution, Bottle, 240 ml",Abacavir,Ziagen,20mg/ml,Oral solution,240,20000,185600.0,9.28,0.04,GSK Mississauga (Canada),True,7664.0,8301.76,306.24
6123,74035,116-ZA-T30,FPQ-12522,SCMS-199283,ASN-27979,South Africa,PMO - US,Direct Drop,DDP,Truck,2013-07-11,2014-08-27,2014-08-27,2014-08-27,2014-08-27,ARV,Adult,S. BUYS WHOLESALER,"Zidovudine 300mg, tablets, 60 Tabs",Zidovudine,Generic,300mg,Tablet,60,11,306.08,27.83,0.46,"Aurobindo Unit III, India",False,17.0,0.0,0.38
6124,74135,161-ZA-T30,FPQ-7175,SCMS-104020,ASN-12033,South Africa,PMO - US,Direct Drop,DDP,Ocean,2011-03-10,2011-03-28,2011-07-14,2011-11-18,2011-11-18,ARV,Adult,CIPLA LIMITED,"Tenofovir Disoproxil Fumarate 300mg, tablets, 30 Tabs",Tenofovir Disoproxil Fumarate,Generic,300mg,Tablet,30,51382,332441.54,6.47,0.22,"Cipla, Goa, India",True,668.5,0.0,548.53
6125,74156,105-SS-T30,FPQ-15569,SCMS-272170,ASN-31958,South Sudan,PMO - US,Direct Drop,EXW,Air,2014-12-29,2015-02-20,2015-07-02,2015-07-02,2015-07-03,HRDT,HIV test,"Orgenics, Ltd","HIV 1/2, Determine Complete HIV Kit, 100 Tests","HIV 1/2, Determine Complete HIV Kit",Determine,no_dosage,Test kit,100,90,8010.0,89.0,0.89,"Alere Medical Co., Ltd.",False,39.0,2575.925,9.43
6126,74178,114-UG-T30,FPQ-12309,SCMS-192040,ASN-22130,Uganda,PMO - US,Direct Drop,EXW,Air,2013-05-17,2013-06-14,2013-10-28,2013-10-28,2013-10-30,ARV,Pediatric,MYLAN LABORATORIES LTD (FORMERLY MATRIX LABORATORIES),"Efavirenz 200mg, tablets, 30 Tabs",Efavirenz,Generic,200mg,Tablet,30,61386,92079.0,1.5,0.05,Mylan (formerly Matrix) Nashik,True,3262.0,12034.96,113.9
6127,74183,102-BI-T30,FPQ-13998,SCMS-235540,ASN-26174,Burundi,PMO - US,Direct Drop,EXW,Air,2014-04-01,2014-04-29,2014-06-13,2014-06-13,2014-06-13,HRDT,HIV test,"Orgenics, Ltd","HIV 1/2, Determine Complete HIV Kit, 100 Tests","HIV 1/2, Determine Complete HIV Kit",Determine,no_dosage,Test kit,100,2114,169120.0,80.0,0.8,"Alere Medical Co., Ltd.",True,822.0,21348.51,173.86
6128,74213,116-ZA-T30,FPQ-11828,SCMS-183950,ASN-19166,South Africa,South Africa Field Office,Direct Drop,DDP,Truck,2013-03-18,2012-10-16,2013-04-16,2013-04-16,2013-04-16,ARV,Adult,S. BUYS WHOLESALER,"Abacavir 300mg, tablets, 60 Tabs",Abacavir,Generic,300mg,Tablet,60,537,14023.43,26.11,0.44,"Cipla, Patalganga, India",False,143.0,0.0,17.35
6129,74260,114-UG-T30,FPQ-7816,SCMS-111210,ASN-13118,Uganda,PMO - US,Direct Drop,CIP,Air,2011-06-02,2011-06-14,2012-01-04,2012-01-04,2012-01-04,ARV,Adult,MERCK SHARP & DOHME IDEA GMBH (FORMALLY MERCK SHARP & DOHME B.V.),"Indinavir 400mg [Crixivan], capsules, 180 Caps",Indinavir,Crixivan,400mg,Capsule,180,36,1800.0,50.0,0.28,"MSD, Haarlem, NL",True,9.0,286.0,2.97
6130,74273,116-ZA-T30,FPQ-14942,SCMS-259076,ASN-32524,South Africa,PMO - US,Direct Drop,DDP,Truck,2014-09-11,2015-06-02,2015-06-02,2015-06-02,2015-06-02,ARV,Adult,PHARMACY DIRECT,"Nevirapine 200mg, tablets, 60 Tabs",Nevirapine,Generic,200mg,Tablet,60,19,243.66,12.82,0.21,"Aurobindo Unit III, India",False,668.5,0.0,0.25
6131,74288,108-VN-T30,FPQ-14516,SCMS-251680,ASN-29386,Vietnam,PMO - US,Direct Drop,EXW,Air,2014-07-09,2014-08-11,2014-12-19,2014-12-19,2014-12-19,ARV,Adult,HETERO LABS LIMITED,"Efavirenz 600mg, tablets, 30 Tabs",Efavirenz,Generic,600mg,Tablet,30,10000,35000.0,3.5,0.12,Hetero Unit III Hyderabad IN,False,1097.5,4400.805,35.98
6132,74320,106-HT-T30,FPQ-12590,SCMS-210510,ASN-24412,Haiti,PMO - US,Direct Drop,EXW,Ocean,2013-08-21,2013-10-25,2014-05-09,2014-05-09,2014-05-12,ARV,Adult,HETERO LABS LIMITED,"Nevirapine 200mg, tablets, 60 Tabs",Nevirapine,Generic,200mg,Tablet,60,10725,23595.0,2.2,0.04,Hetero Unit III Hyderabad IN,False,668.5,7785.125,29.19
6133,74329,103-CM-T30,FPQ-8396,SCMS-122260,ASN-12662,Cameroon,PMO - US,Direct Drop,EXW,Air,2011-09-13,2011-09-15,2011-11-18,2011-11-18,2011-11-18,HRDT,HIV test,"Orgenics, Ltd","HIV 1/2, Determine Kit without Lancets, Buffer or Caplillary Tubes, 100 Tests","HIV 1/2, Determine Kit without Lancets, Buffer or Capillary Tubes, 100 Tests",Determine,no_dosage,Test kit,100,100,7215.0,72.15,0.72,Inverness Japan,True,18.0,1278.12,11.9
6134,74333,116-ZA-T30,FPQ-14942,SCMS-259079,ASN-33852,South Africa,PMO - US,Direct Drop,DDP,Truck,2014-09-11,2014-10-09,2015-08-24,2015-08-24,2015-08-24,ARV,Adult,PHARMACY DIRECT,"Zidovudine 300mg, tablets, 60 Tabs",Zidovudine,Generic,300mg,Tablet,60,15,289.91,19.33,0.32,"Aurobindo Unit III, India",False,5256.0,0.0,0.3
6135,74337,116-ZA-T30,FPQ-13035,SCMS-215370,ASN-24415,South Africa,PMO - US,Direct Drop,DDP,Truck,2013-10-08,2013-12-02,2014-02-06,2014-02-06,2014-02-06,ARV,Adult,S. BUYS WHOLESALER,"Efavirenz 600mg, tablets, 30 Tabs",Efavirenz,Generic,600mg,Tablet,30,2348,34277.51,14.6,0.49,"Aurobindo Unit III, India",False,668.5,0.0,42.4
6136,74343,117-ET-T30,FPQ-14357,SCMS-244840,ASN-28571,Ethiopia,PMO - US,Direct Drop,EXW,Air,2014-06-03,2014-06-18,2014-11-17,2014-11-17,2014-11-18,HRDT,HIV test,"Trinity Biotech, Plc","HIV 1/2, Uni-Gold HIV Kit, 20 Tests","HIV 1/2, Uni-Gold HIV Kit",Uni-Gold,no_dosage,Test kit,20,540,17280.0,32.0,1.6,"Trinity Biotech, Plc",True,165.0,1442.44,17.76
6137,74357,103-KE-T30,FPQ-10018,SCMS-149610,ASN-15668,Kenya,PMO - US,Direct Drop,EXW,Air,2012-06-05,2012-06-14,2012-07-09,2012-07-28,2012-07-28,HRDT,HIV test,"Orgenics, Ltd","HIV 1/2, Determine Complete HIV Kit, 100 Tests","HIV 1/2, Determine Complete HIV Kit",Determine,no_dosage,Test kit,100,6618,589002.0,89.0,0.89,"Alere Medical Co., Ltd.",True,1139.0,11827.07,825.78
6138,74364,116-ZA-T30,FPQ-11828,SCMS-183950,ASN-19166,South Africa,South Africa Field Office,Direct Drop,DDP,Truck,2013-03-18,2012-10-16,2013-04-16,2013-04-16,2013-04-16,ARV,Pediatric,S. BUYS WHOLESALER,"Efavirenz 50mg, capsule, 30 Caps",Efavirenz,Generic,50mg,Capsule,30,2146,6526.5,3.04,0.1,"Aurobindo Unit III, India",False,668.5,0.0,8.07
6139,74385,105-SS-T30,FPQ-12623,SCMS-200921,ASN-22955,South Sudan,PMO - US,Direct Drop,EXW,Air,2013-07-18,2013-08-06,2014-02-11,2014-02-11,2014-02-11,HRDT,HIV test,"Trinity Biotech, Plc","HIV 1/2, Uni-Gold HIV Kit, 20 Tests","HIV 1/2, Uni-Gold HIV Kit",Uni-Gold,no_dosage,Test kit,20,35,1120.0,32.0,1.6,"Trinity Biotech, Plc",False,94.0,2575.925,1.39
6140,74398,161-ZA-T30,FPQ-7175,SCMS-103390,ASN-11889,South Africa,PMO - US,Direct Drop,DDP,Ocean,2011-03-10,2011-03-24,2011-10-10,2011-10-10,2011-10-10,ARV,Adult,Aurobindo Pharma Limited,"Efavirenz 600mg, tablets, 30 Tabs",Efavirenz,Generic,600mg,Tablet,30,78595,354463.45,4.51,0.15,"Aurobindo Unit III, India",True,6681.0,9323.27,584.86
6141,74417,116-ZA-T30,FPQ-12522,SCMS-199280,ASN-24433,South Africa,PMO - US,Direct Drop,DDP,Truck,2013-07-11,2013-08-13,2014-02-07,2014-02-07,2014-02-07,ARV,Adult,S. BUYS WHOLESALER,"Efavirenz 600mg, tablets, 30 Tabs",Efavirenz,Generic,600mg,Tablet,30,676,11202.19,16.57,0.55,Hetero Unit III Hyderabad IN,False,668.5,0.0,13.86
6142,74419,101-CD-T30,FPQ-8792,SCMS-131070,ASN-14078,"Congo, DRC",PMO - US,Direct Drop,EXW,Air,2011-12-14,2012-01-09,2012-06-18,2012-06-18,2012-06-18,HRDT,HIV test,"Orgenics, Ltd","HIV 1/2, Determine Complete HIV Kit, 100 Tests","HIV 1/2, Determine Complete HIV Kit",Determine,no_dosage,Test kit,100,1265,101200.0,80.0,0.8,"Alere Medical Co., Ltd.",True,657.0,15722.05,141.88
6143,74439,133-NG-T30,FPQ-7634,SCMS-108740,ASN-11757,Nigeria,PMO - US,Direct Drop,EXW,Air,2011-04-28,2011-05-23,2011-08-31,2011-08-25,2011-08-25,HRDT,HIV test,"Orgenics, Ltd","HIV 1/2, Determine Complete HIV Kit, 100 Tests","HIV 1/2, Determine Complete HIV Kit",Determine,no_dosage,Test kit,100,2853,253917.0,89.0,0.89,Inverness Japan,True,1360.0,32499.11,418.96
6144,74465,106-HT-T30,FPQ-6941,SCMS-100090,ASN-10006,Haiti,PMO - US,Direct Drop,FCA,Air,2011-01-03,2011-02-15,2011-04-05,2011-04-05,2011-04-05,ARV,Pediatric,BRISTOL-MYERS SQUIBB,"Didanosine 50mg [Videx], chewable tablets, 60 Tabs",Didanosine,Videx,50mg,Chewable/dispersible tablet,60,200,1900.0,9.5,0.16,"BMS Meymac, France",True,94.0,757.42,3.14
6145,74479,117-ET-T30,FPQ-4873,SCMS-63002,ASN-6034,Ethiopia,PMO - US,Direct Drop,EXW,Air,2010-01-05,2010-01-12,2010-02-11,2010-02-11,2010-02-11,HRDT,HIV test,"SHANGHAI KEHUA BIOENGINEERING CO.,LTD.  (KHB)","HIV 1/2, SKB Colloidal Gold, Diagnostic Kit, Antibody, 50 Tests","HIV 1/2, Colloidal Gold, Diagnostic Kit, Antibody",Colloidal Gold,no_dosage,Test kit,1,800,18400.0,23.0,23.0,"KHB Test Kit Facility, Shanghai China",True,543.0,5456.44,39.67
6146,74492,107-RW-T30,FPQ-8742,SCMS-137540,ASN-14799,Rwanda,PMO - US,Direct Drop,EXW,Ocean,2011-12-07,2012-04-03,2012-07-16,2012-07-16,2012-07-16,ARV,Adult,MYLAN LABORATORIES LTD (FORMERLY MATRIX LABORATORIES),"Efavirenz/Lamivudine/Tenofovir Disoproxil Fumarate 600/300/300mg, tablets, 30 Tabs",Efavirenz/Lamivudine/Tenofovir Disoproxil Fumarate,Generic,600/300/300mg,Tablet - FDC,30,39330,511290.0,13.0,0.43,Mylan (formerly Matrix) Nashik,True,4426.0,66916.5,716.83
6147,74499,106-HT-T30,FPQ-6802,SCMS-96310,ASN-12382,Haiti,PMO - US,Direct Drop,CIP,Air,2010-12-21,2011-01-06,2011-10-18,2011-10-18,2011-10-18,ARV,Pediatric,MERCK SHARP & DOHME IDEA GMBH (FORMALLY MERCK SHARP & DOHME B.V.),"Efavirenz 30mg/ml [Stocrin/Sustiva], oral solution, Bottle, 180 ml",Efavirenz,Stocrin/Sustiva,30mg/ml,Oral solution,180,270,4579.2,16.96,0.09,"MSD Patheon, Canada",True,76.0,290.0,7.56
6148,74502,106-HT-T30,FPQ-11304,SCMS-176451,ASN-19216,Haiti,PMO - US,Direct Drop,DAP,Truck,2013-01-22,2013-02-12,2013-04-12,2013-04-12,2013-04-12,HRDT,HIV test,REINBOLD EXPORT IMPORT,"HIV 1/2, Determine Complete HIV Kit, 100 Tests","HIV 1/2, Determine Complete HIV Kit",Determine,no_dosage,Test kit,100,11,1375.0,125.0,1.25,"Alere Medical Co., Ltd.",True,4.5,0.0,1.7
6149,74517,103-ZW-T30,FPQ-15220,SCMS-261591,ASN-31190,Zimbabwe,PMO - US,Direct Drop,FCA,Air,2014-10-27,2014-10-30,2015-05-14,2015-05-14,2015-05-14,ARV,Pediatric,ABBVIE LOGISTICS (FORMERLY ABBOTT LOGISTICS BV),"Lopinavir/Ritonavir 80/20mg/ml [Kaletra], oral solution, cool, Bottle 5 x 60 ml",Lopinavir/Ritonavir,Kaletra,80/20mg/ml,Oral solution,300,2625,80902.5,30.82,0.1,ABBVIE (Abbott) Logis. UK,True,2583.0,20559.39,95.22
6150,74569,116-ZA-T30,FPQ-3560,SCMS-50941,ASN-5498,South Africa,PMO - US,Direct Drop,DDP,Truck,2009-05-07,2009-08-03,2009-10-30,2009-10-30,2009-10-30,ARV,Pediatric,S. BUYS WHOLESALER,"Efavirenz 50mg, capsule, 30 Caps",Efavirenz,Generic,50mg,Capsule,30,1261,5063.76,4.02,0.13,"Aurobindo Unit III, India",False,668.5,0.0,9.92
6151,74602,161-ZA-T30,FPQ-6262,SCMS-83910,ASN-9171,South Africa,PMO - US,Direct Drop,DDP,Ocean,2010-08-31,2010-09-28,2011-02-14,2011-02-14,2011-02-14,ARV,Adult,CIPLA LIMITED,"Nevirapine 200mg, tablets, 60 Tabs",Nevirapine,Generic,200mg,Tablet,60,158000,440820.0,2.79,0.05,"Cipla, Goa, India",True,16768.0,23721.9,950.41
6152,74609,101-KE-T30,FPQ-10314,SCMS-153910,ASN-17660,Kenya,PMO - US,Direct Drop,CIP,Air,2012-07-12,2012-11-06,2013-02-28,2013-02-28,2013-02-28,HRDT,HIV test,"Orgenics, Ltd","HIV 1/2, Determine Complete HIV Kit, 100 Tests","HIV 1/2, Determine Complete HIV Kit",Determine,no_dosage,Test kit,100,1,89.0,89.0,0.89,"Alere Medical Co., Ltd.",True,1476.0,91.66,0.12
6153,74610,108-VN-T30,FPQ-7898,SCMS-113670,ASN-12274,Vietnam,PMO - US,Direct Drop,EXW,Air,2011-06-27,2011-07-08,2011-10-24,2011-10-24,2011-10-24,ARV,Adult,HETERO LABS LIMITED,"Lamivudine/Zidovudine 150/300mg, tablets, 60 Tabs",Lamivudine/Zidovudine,Generic,150/300mg,Tablet - FDC,60,11755,96391.0,8.2,0.14,Hetero Unit III Hyderabad IN,True,1083.0,9046.76,159.05
6154,74660,107-RW-T30,FPQ-6186,SCMS-83370,ASN-9435,Rwanda,PMO - US,Direct Drop,CIP,Air,2010-08-13,2010-09-27,2011-01-11,2011-01-11,2011-01-11,ARV,Adult,HETERO LABS LIMITED,"Efavirenz 600mg, tablets, 30 Tabs",Efavirenz,Generic,600mg,Tablet,30,1396,6044.68,4.33,0.14,Hetero Unit III Hyderabad IN,True,668.5,0.0,13.03
6155,74674,116-ZA-T30,FPQ-3560,SCMS-49610,ASN-5003,South Africa,PMO - US,Direct Drop,DDP,Truck,2009-05-07,2009-07-21,2009-08-11,2009-08-11,2009-08-11,ARV,Adult,S. BUYS WHOLESALER,"Tenofovir Disoproxil Fumarate 300mg [Viread], tablets, 30 Tabs",Tenofovir Disoproxil Fumarate,Viread,300mg,Tablet,30,163,4195.98,25.74,0.86,"Aspen-OSD, Port Elizabeth, SA",True,668.5,0.0,8.22
6156,74683,109-TZ-T30,FPQ-7239,SCMS-102040,ASN-10625,Tanzania,PMO - US,Direct Drop,EXW,Air,2011-02-25,2011-03-23,2011-06-20,2011-06-20,2011-06-20,HRDT,HIV test,"Orgenics, Ltd","HIV 1/2, Determine Complete HIV Kit, 100 Tests","HIV 1/2, Determine Complete HIV Kit",Determine,no_dosage,Test kit,100,86,6880.0,80.0,0.8,Inverness Japan,True,40.0,1765.86,11.35
6157,74694,116-ZA-T30,FPQ-14942,SCMS-259074,ASN-31070,South Africa,PMO - US,Direct Drop,DDP,Truck,2014-09-11,2015-03-09,2015-03-09,2015-03-09,2015-03-09,ARV,Pediatric,PHARMACY DIRECT,"Efavirenz 200mg, capsule, 90 Caps",Efavirenz,Generic,200mg,Capsule,90,3,51.12,17.04,0.19,"Aurobindo Unit III, India",False,1.0,0.0,0.05
6158,74697,108-VN-T30,FPQ-7898,SCMS-113650,ASN-12787,Vietnam,PMO - US,Direct Drop,EXW,Air,2011-06-27,2011-07-07,2011-11-22,2011-11-22,2011-11-22,ARV,Adult,MYLAN LABORATORIES LTD (FORMERLY MATRIX LABORATORIES),"Abacavir 300mg, tablets, 60 Tabs",Abacavir,Generic,300mg,Tablet,60,408,5911.92,14.49,0.24,Mylan (formerly Matrix) Nashik,True,42.0,4388.84,9.75
6159,74699,108-VN-T30,FPQ-5317,SCMS-69440,ASN-7220,Vietnam,PMO - US,Direct Drop,EXW,Air,2010-03-22,2010-03-26,2010-07-01,2010-07-01,2010-07-01,ARV,Adult,CIPLA LIMITED,"Lamivudine/Nevirapine/Stavudine 150/200/30mg, tablets, 60 Tabs",Lamivudine/Nevirapine/Stavudine,Generic,150/200/30mg,Tablet - FDC,60,30080,171155.2,5.69,0.09,"Cipla, Goa, India",True,2933.0,12067.26,369.01
6160,74707,105-GH-T30,FPQ-14052,SCMS-237830,ASN-27589,Ghana,PMO - US,Direct Drop,EXW,Air,2014-04-12,2014-05-23,2014-10-09,2014-10-09,2014-10-13,ARV,Pediatric,Aurobindo Pharma Limited,"Zidovudine 10mg/ml, oral solution, Bottle, 240 ml",Zidovudine,Generic,10mg/ml,Oral solution,240,3652,7304.0,2.0,0.01,"Aurobindo Unit III, India",True,1575.0,8130.55,7.51
6161,74722,116-ZA-T30,FPQ-13973,SCMS-238550,ASN-30792,South Africa,PMO - US,Direct Drop,DDP,Truck,2014-04-30,2014-05-08,2015-02-19,2015-02-19,2015-02-19,ARV,Pediatric,PHARMACY DIRECT,"Atazanavir 150mg [Reyataz], capsules, 60 Caps",Atazanavir,Reyataz,150mg,Capsule,60,3,58.13,19.38,0.32,"BMS Evansville, US",False,1.0,0.0,0.06
6162,74729,133-NG-T30,FPQ-10349,SCMS-155311,ASN-19163,Nigeria,PMO - US,Direct Drop,EXW,Air,2012-07-17,2012-08-10,2013-05-06,2013-05-06,2013-05-06,HRDT,HIV test,"CHEMBIO DIAGNOSTIC SYSTEMS, INC.","HIV 1/2, Stat-Pak HIV, Kit, 20 Tests","HIV 1/2, Stat-Pak HIV, Kit",Stat-Pak,no_dosage,Test kit,20,3401,98629.0,29.0,1.45,Chembio Diagnostics Sys. Inc.,True,972.0,10191.28,138.28
6163,74732,102-SD-T30,FPQ-8261,SCMS-120440,ASN-12832,Sudan,PMO - US,Direct Drop,EXW,Air,2011-08-29,2011-09-14,2012-01-06,2012-01-06,2012-01-06,HRDT,HIV test,"Orgenics, Ltd","HIV 1/2, Determine Complete HIV Kit, 100 Tests","HIV 1/2, Determine Complete HIV Kit",Determine,no_dosage,Test kit,100,115,10235.0,89.0,0.89,"Alere Medical Co., Ltd.",True,53.0,1614.83,16.89
6164,74753,116-ZA-T30,FPQ-12523,SCMS-199315,ASN-27211,South Africa,PMO - US,Direct Drop,DDP,Truck,2013-07-12,2014-07-11,2014-07-11,2014-07-11,2014-07-11,ARV,Pediatric,S. BUYS WHOLESALER,"Atazanavir 150mg [Reyataz], capsules, 60 Caps",Atazanavir,Reyataz,150mg,Capsule,60,2,51.37,25.68,0.43,"BMS Evansville, US",True,1.0,0.0,0.06
6165,74771,116-ZA-T30,FPQ-11828,SCMS-183950,ASN-19166,South Africa,South Africa Field Office,Direct Drop,DDP,Truck,2013-03-18,2012-10-16,2013-04-16,2013-04-16,2013-04-16,ARV,Adult,S. BUYS WHOLESALER,"Lamivudine 150mg [Epivir], tablets, 60 Tabs",Lamivudine,Epivir,150mg,Tablet,60,19284,144614.29,7.5,0.12,GSK Ware (UK),False,668.5,0.0,178.89
6166,74780,104-CI-T30,FPQ-9823,SCMS-147560,ASN-16600,Côte d'Ivoire,PMO - US,Direct Drop,EXW,Air,2012-05-04,2012-06-13,2012-10-17,2012-10-17,2012-10-17,HRDT,HIV test,"CHEMBIO DIAGNOSTIC SYSTEMS, INC.","HIV 1/2, Stat-Pak HIV, Kit, 20 Tests","HIV 1/2, Stat-Pak HIV, Kit",Stat-Pak,no_dosage,Test kit,20,3678,106662.0,29.0,1.45,Chembio Diagnostics Sys. Inc.,True,1056.0,12363.35,149.54
6167,74786,104-CI-T30,FPQ-8929,SCMS-131890,ASN-14091,Côte d'Ivoire,PMO - US,Direct Drop,EXW,Air,2011-12-08,2012-01-17,2012-03-27,2012-03-27,2012-03-27,HRDT,HIV test,"Orgenics, Ltd","HIV 1/2, Determine Complete HIV Kit, 100 Tests","HIV 1/2, Determine Complete HIV Kit",Determine,no_dosage,Test kit,100,2070,165600.0,80.0,0.8,"Alere Medical Co., Ltd.",True,988.0,19368.23,232.17
6168,74834,116-ZA-T30,FPQ-13214,SCMS-215410,ASN-23875,South Africa,PMO - US,Direct Drop,DDP,Truck,2013-11-14,2013-12-02,2014-01-13,2014-01-13,2014-01-13,ARV,Adult,S. BUYS WHOLESALER,"Lamivudine 150mg [Epivir], tablets, 60 Tabs",Lamivudine,Epivir,150mg,Tablet,60,115,1249.75,10.87,0.18,GSK Cape Town Factory (South Africa),False,668.5,0.0,1.28
6169,74838,112-NG-T30,FPQ-4151,SCMS-54540,ASN-5633,Nigeria,PMO - US,Direct Drop,EXW,Air,2009-09-18,2009-10-07,2010-01-06,2010-01-06,2010-01-06,ACT,ACT,IDA FOUNDATION,"Artemether/Lumefantrine 20/120mg [Coartem], scored tablets, Blister 30 x 18 Tabs",Artemether/Lumefantrine,Coartem,20/120mg,Tablet - FDC + blister,540,30,1207.5,40.25,0.07,"Novartis Pharma AG, Switzerland",True,1295.0,8423.76,2.37
6170,74858,106-HT-T30,FPQ-9635,SCMS-148870,ASN-16439,Haiti,PMO - US,Direct Drop,FCA,Air,2012-05-14,2012-06-28,2012-10-04,2012-10-04,2012-10-04,ARV,Pediatric,LAWRENCE LABORATORIES (SUBSIDIARY OF BRISTOL MYERS SQUIBB),"Stavudine 1mg/ml [Zerit], powder for oral solution, Bottle, 200 ml",Stavudine,Zerit,1mg/ml,Powder for oral solution,200,90,135.0,1.5,0.01,Bristol-Myers Squibb Anagni IT,True,7.5,2946.7200000000003,0.19
6171,74906,106-HT-T30,FPQ-12590,SCMS-210440,ASN-23017,Haiti,PMO - US,Direct Drop,FCA,Air,2013-08-21,2013-10-22,2014-01-23,2014-01-23,2014-01-24,ARV,Pediatric,ABBVIE LOGISTICS (FORMERLY ABBOTT LOGISTICS BV),"Lopinavir/Ritonavir 100/25mg [Aluvia], tablets, 60 Tabs",Lopinavir/Ritonavir,Generic,100/25mg,Tablet,60,80,475.2,5.94,0.1,ABBVIE Ludwigshafen Germany,True,8.0,737.12,0.59
6172,74915,108-VN-T30,FPQ-6818,SCMS-98050,ASN-11023,Vietnam,PMO - US,Direct Drop,EXW,Air,2011-01-17,2011-02-15,2011-06-22,2011-06-22,2011-06-22,ARV,Adult,MYLAN LABORATORIES LTD (FORMERLY MATRIX LABORATORIES),"Lamivudine/Zidovudine 150/300mg, tablets, 60 Tabs",Lamivudine/Zidovudine,Generic,150/300mg,Tablet - FDC,60,19930,164422.5,8.25,0.14,Mylan (formerly Matrix) Nashik,False,668.5,4400.805,271.3
6173,74930,110-ZM-T30,FPQ-4141,SCMS-53261,ASN-5854,Zambia,PMO - US,Direct Drop,EXW,Air,2009-08-31,2009-09-11,2010-01-28,2010-01-28,2010-01-28,HRDT,HIV test,"Orgenics, Ltd","HIV 1/2, Determine Complete HIV Kit, 100 Tests","HIV 1/2, Determine Complete HIV Kit",Determine,no_dosage,Test kit,100,2898,208656.0,72.0,0.72,Inverness Japan,True,1409.0,21714.68,408.97
6174,74936,108-VN-T30,FPQ-11560,SCMS-177620,ASN-20366,Vietnam,PMO - US,Direct Drop,EXW,Air,2013-02-07,2013-02-13,2013-08-01,2013-08-01,2013-08-01,ARV,Adult,MYLAN LABORATORIES LTD (FORMERLY MATRIX LABORATORIES),"Efavirenz/Lamivudine/Tenofovir Disoproxil Fumarate 600/300/300mg, tablets, 30 Tabs",Efavirenz/Lamivudine/Tenofovir Disoproxil Fumarate,Generic,600/300/300mg,Tablet - FDC,30,46802,537754.98,11.49,0.38,Mylan (formerly Matrix) Nashik,True,5281.0,13625.75,665.2
6175,74941,116-ZA-T30,FPQ-14942,SCMS-259078,ASN-33470,South Africa,PMO - US,Direct Drop,DDP,Truck,2014-09-11,2014-10-09,2015-07-24,2015-07-24,2015-07-24,ARV,Adult,PHARMACY DIRECT,"Didanosine 250mg, delayed-release capsules, 30 Caps",Didanosine,Generic,250mg,Delayed-release capsules,30,6,71.03,11.84,0.39,"Aurobindo Unit III, India",False,9.0,0.0,0.07
6176,74965,109-TZ-T30,FPQ-5174,SCMS-66940,ASN-9922,Tanzania,PMO - US,Direct Drop,FCA,Air,2010-03-01,2010-03-12,2011-03-31,2011-03-31,2011-03-31,ARV,Adult,ABBVIE LOGISTICS (FORMERLY ABBOTT LOGISTICS BV),"Ritonavir 100mg [Norvir], capsules, cool, 4 x 84 Caps",Ritonavir,Norvir,100mg,Capsule,336,335,12850.6,38.36,0.11,ABBVIE (Abbott) Logis. UK,True,146.0,4701.1,27.71
6177,74993,116-ZA-T30,FPQ-14942,SCMS-259074,ASN-31069,South Africa,PMO - US,Direct Drop,DDP,Truck,2014-09-11,2015-03-09,2015-03-09,2015-03-09,2015-03-09,ARV,Adult,PHARMACY DIRECT,"Etravirine 100mg [Intelence], tablets, 120 Tabs",Etravirine,Intelence,100mg,Tablet,120,41,1049.33,25.59,0.21,"Janssen-Cilag, Latina, IT",False,668.5,0.0,1.08
6178,75043,107-RW-T30,FPQ-14813,SCMS-268600,ASN-31454,Rwanda,PMO - US,Direct Drop,FCA,Air,2014-10-09,2014-12-12,2015-04-27,2015-04-27,2015-04-27,ARV,Pediatric,SWORDS LABORATORIES,"Atazanavir 150mg [Reyataz], capsules, 60 Caps",Atazanavir,Reyataz,150mg,Capsule,60,132,4468.2,33.85,0.56,"BMS Evansville, US",True,11.0,663.77,4.59
6179,75089,116-ZA-T30,FPQ-14942,SCMS-259071,ASN-29596,South Africa,PMO - US,Direct Drop,DDP,Truck,2014-09-11,2014-11-28,2014-11-28,2014-11-28,2014-11-28,ARV,Adult,PHARMACY DIRECT,"Darunavir 300mg [Prezista], tablets, 120 Tabs",Darunavir,Prezista,300mg,Tablet,120,36,1696.63,47.13,0.39,"Janssen-Cilag, Latina, IT",False,22.0,0.0,1.74
6180,75091,153-NA-T30,FPQ-8795,SCMS-131100,ASN-13763,Namibia,PMO - US,Direct Drop,EXW,Air,2011-12-05,2012-01-12,2012-02-14,2012-02-14,2012-02-14,HRDT,HIV test,"Trinity Biotech, Plc","HIV 1/2, Uni-Gold HIV Kit, 20 Tests","HIV 1/2, Uni-Gold HIV Kit",Uni-Gold,no_dosage,Test kit,20,728,23296.0,32.0,1.6,"Trinity Biotech, Plc",True,238.0,2789.67,32.66
6181,75102,161-ZA-T30,FPQ-7175,SCMS-104100,ASN-12991,South Africa,PMO - US,Direct Drop,DDP,Ocean,2011-03-10,2011-03-28,2012-01-12,2012-01-12,2012-01-12,ARV,Adult,CIPLA LIMITED,"Nevirapine 200mg, tablets, 60 Tabs",Nevirapine,Generic,200mg,Tablet,60,5360,14579.2,2.72,0.05,"Cipla, Goa, India",True,583.0,5824.11,24.06
6182,75114,108-VN-T30,FPQ-5317,SCMS-69430,ASN-7236,Vietnam,PMO - US,Direct Drop,EXW,Air,2010-03-22,2010-03-26,2010-07-06,2010-07-06,2010-07-06,ARV,Adult,CIPLA LIMITED,"Lamivudine/Nevirapine/Stavudine 150/200/30mg, tablets, 60 Tabs",Lamivudine/Nevirapine/Stavudine,Generic,150/200/30mg,Tablet - FDC,60,49920,284044.8,5.69,0.09,"Cipla, Goa, India",True,4799.0,10959.54,612.4
6183,75122,113-ZW-T30,FPQ-10036,SCMS-150570,ASN-16202,Zimbabwe,PMO - US,Direct Drop,EXW,Air,2012-06-15,2012-07-11,2012-10-10,2012-10-10,2012-10-10,HRDT,HIV test,BIOLYTICAL LABORATORIES INC.,"HIV 1/2, INSTI HIV Antibody Individual POC, 1 Test","HIV 1/2, INSTI HIV Antibody Individual POC, 1 Test",INSTi,no_dosage,Test kit,1,11626,29065.0,2.5,2.5,bioLytical Laboratories,True,613.0,8434.27,40.75
6184,75136,111-MZ-T30,FPQ-11923,SCMS-187080,ASN-23311,Mozambique,PMO - US,Direct Drop,CIP,Air,2013-04-19,2013-04-25,2013-12-18,2013-12-18,2014-01-08,ARV,Adult,MERCK SHARP & DOHME IDEA GMBH (FORMALLY MERCK SHARP & DOHME B.V.),"Raltegravir 400mg [Isentress], tablets, 60 Tabs",Raltegravir,Isentress,400mg,Tablet,60,54,2997.0,55.5,0.92,"MSD, Haarlem, NL",True,668.5,0.0,3.71
6185,75139,108-VN-T30,FPQ-4098,SCMS-51760,ASN-5445,Vietnam,PMO - US,Direct Drop,EXW,Air,2009-08-12,2009-08-14,2009-11-27,2009-11-27,2009-11-27,ARV,Adult,Aurobindo Pharma Limited,"Stavudine 30mg, capsules, 60 Caps",Stavudine,Generic,30mg,Capsule,60,3024,4384.8,1.45,0.02,"Aurobindo Unit III, India",True,202.0,1615.88,8.59
6186,75153,133-NG-T30,FPQ-12812,SCMS-210340,ASN-23200,Nigeria,PMO - US,Direct Drop,EXW,Air,2013-08-13,2013-11-01,2014-01-03,2014-01-03,2014-01-13,HRDT,HIV test,"CHEMBIO DIAGNOSTIC SYSTEMS, INC.","HIV 1/2, Stat-Pak HIV, Kit, 20 Tests","HIV 1/2, Stat-Pak HIV, Kit",Stat-Pak,no_dosage,Test kit,20,3337,106784.0,32.0,1.6,Chembio Diagnostics Sys. Inc.,True,1252.0,5758.84,132.09
6187,75177,116-ZA-T30,FPQ-12522,SCMS-199288,ASN-27198,South Africa,PMO - US,Direct Drop,DDP,Truck,2013-07-11,2014-07-10,2014-07-10,2014-07-10,2014-07-10,ARV,Pediatric,S. BUYS WHOLESALER,"Lopinavir/Ritonavir 80/20mg/ml [Kaletra], oral solution, cool, Bottle 5 x 60 ml",Lopinavir/Ritonavir,Kaletra,80/20mg/ml,Oral solution,300,4,93.81,23.45,0.08,ABBVIE (Abbott) Logis. UK,True,78.0,0.0,0.12
6188,75181,101-CD-T30,FPQ-13548,SCMS-224840,ASN-24721,"Congo, DRC",PMO - US,Direct Drop,EXW,Air,2014-01-22,2014-01-28,2014-04-04,2014-04-04,2014-04-28,HRDT,HIV test,"Trinity Biotech, Plc","HIV 1/2, Uni-Gold HIV Kit, 20 Tests","HIV 1/2, Uni-Gold HIV Kit",Uni-Gold,no_dosage,Test kit,20,5,160.0,32.0,1.6,"Trinity Biotech, Plc",False,3.0,2346.5699999999997,0.16
6189,75198,105-GH-T30,FPQ-14052,SCMS-237810,ASN-28671,Ghana,PMO - US,Direct Drop,EXW,Air,2014-04-12,2014-05-23,2014-11-10,2014-11-10,2014-11-12,ARV,Adult,Aurobindo Pharma Limited,"Lamivudine/Nevirapine/Zidovudine 150/200/300mg, tablets, 60 Tabs",Lamivudine/Nevirapine/Zidovudine,Generic,150/300/200mg,Tablet - FDC,60,25097,205795.4,8.2,0.14,"Aurobindo Unit III, India",True,3167.0,16189.27,211.56
6190,75202,101-CD-T30,FPQ-14654,SCMS-253260,ASN-28279,"Congo, DRC",PMO - US,Direct Drop,EXW,Air,2014-08-11,2014-08-27,2014-11-04,2014-11-04,2014-11-20,HRDT,HIV test,"Trinity Biotech, Plc","HIV 1/2, Uni-Gold HIV Kit, 20 Tests","HIV 1/2, Uni-Gold HIV Kit",Uni-Gold,no_dosage,Test kit,20,214,6848.0,32.0,1.6,"Trinity Biotech, Plc",False,97.0,2346.5699999999997,7.04
6191,75229,110-ZM-T30,FPQ-8315,SCMS-120580,ASN-13542,Zambia,PMO - US,Direct Drop,EXW,Air,2011-08-31,2011-09-19,2012-03-09,2012-03-09,2012-03-09,HRDT,HIV test,"Trinity Biotech, Plc","HIV 1/2, Uni-Gold HIV Kit, 20 Tests","HIV 1/2, Uni-Gold HIV Kit",Uni-Gold,no_dosage,Test kit,20,5000,160000.0,32.0,1.6,"Trinity Biotech, Plc",True,1647.0,20626.58,264.0
6192,75309,116-ZA-T30,FPQ-13973,SCMS-238553,ASN-28021,South Africa,PMO - US,Direct Drop,DDP,Truck,2014-04-30,2014-08-28,2014-08-28,2014-08-28,2014-08-28,ARV,Adult,PHARMACY DIRECT,"Abacavir 300mg, tablets, 60 Tabs",Abacavir,Generic,300mg,Tablet,60,99,6830.08,68.99,1.15,"Aurobindo Unit III, India",False,668.5,0.0,7.02
6193,75331,116-ZA-T30,FPQ-12522,SCMS-199280,ASN-24433,South Africa,PMO - US,Direct Drop,DDP,Truck,2013-07-11,2013-08-13,2014-02-07,2014-02-07,2014-02-07,ARV,Adult,S. BUYS WHOLESALER,"Nevirapine 200mg, tablets, 60 Tabs",Nevirapine,Generic,200mg,Tablet,60,76,1487.93,19.58,0.33,"Aurobindo Unit III, India",False,127.5,0.0,1.84
6194,75336,108-VN-T30,FPQ-10287,SCMS-156140,ASN-17077,Vietnam,PMO - US,Direct Drop,EXW,Air,2012-07-25,2012-08-14,2012-12-10,2012-12-10,2012-12-10,ARV,Adult,Aurobindo Pharma Limited,"Efavirenz 600mg, tablets, 30 Tabs",Efavirenz,Generic,600mg,Tablet,30,14119,46592.7,3.3,0.11,"Aurobindo Unit III, India",False,668.5,4400.805,65.32
6195,75345,104-CI-T30,FPQ-3967,SCMS-52600,ASN-5061,Côte d'Ivoire,PMO - US,Direct Drop,FCA,Air,2009-08-21,2009-09-11,2009-10-23,2009-10-23,2009-10-23,ARV,Adult,ABBVIE LOGISTICS (FORMERLY ABBOTT LOGISTICS BV),"Lopinavir/Ritonavir 200/50mg [Aluvia], tablets, 120 Tabs",Lopinavir/Ritonavir,Aluvia,200/50mg,Tablet,120,12560,454169.6,36.16,0.3,ABBVIE Ludwigshafen Germany,True,3080.0,18459.58,890.17
6196,75352,901-CM-T30,FPQ-12837,SCMS-204370,ASN-22180,Cameroon,PMO - US,Direct Drop,EXW,Air,2013-08-19,2013-09-25,2013-11-14,2013-11-14,2013-11-14,ARV,Adult,SUN PHARMACEUTICAL INDUSTRIES LTD (RANBAXY LABORATORIES LIMITED),"Lamivudine/Tenofovir Disoproxil Fumarate 300/300mg, tablets, 30 Tabs",Lamivudine/Tenofovir Disoproxil Fumarate,Generic,300/300mg,Tablet - FDC,30,39960,193406.4,4.84,0.16,Ranbaxy per Shasun Pharma Ltd,True,4123.0,28778.76,239.24
6197,75373,105-SS-T30,FPQ-15569,SCMS-272150,ASN-31765,South Sudan,PMO - US,Direct Drop,EXW,Air,2014-12-29,2015-02-20,2015-07-25,2015-07-25,2015-07-29,HRDT,HIV test,"Trinity Biotech, Plc","HIV 1/2, Uni-Gold HIV Kit, 20 Tests","HIV 1/2, Uni-Gold HIV Kit",Uni-Gold,no_dosage,Test kit,20,25,800.0,32.0,1.6,"Trinity Biotech, Plc",False,39.5,2575.925,0.94
6198,75422,110-ZM-T30,FPQ-14151,SCMS-240080,ASN-26467,Zambia,PMO - US,Direct Drop,EXW,Air,2014-04-30,2014-05-21,2014-07-20,2014-07-21,2014-08-06,ARV,Adult,Aurobindo Pharma Limited,"Nevirapine 200mg, tablets, 60 Tabs",Nevirapine,Generic,200mg,Tablet,60,38939,87612.75,2.25,0.04,"Aurobindo Unit III, India",True,3962.0,20233.34,90.07
6199,75491,116-ZA-T30,FPQ-13973,SCMS-238556,ASN-31854,South Africa,PMO - US,Direct Drop,DDP,Truck,2014-04-30,2015-04-28,2015-04-28,2015-04-28,2015-04-28,ARV,Pediatric,PHARMACY DIRECT,"Efavirenz 200mg, capsule, 90 Caps",Efavirenz,Generic,200mg,Capsule,90,6,283.05,47.18,0.52,"Aurobindo Unit III, India",False,9.0,0.0,0.29
6200,75494,107-RW-T30,FPQ-11772,SCMS-178950,ASN-18564,Rwanda,PMO - US,Direct Drop,EXW,Air,2013-02-25,2013-02-25,2013-03-15,2013-03-15,2013-03-15,HRDT,HIV test,"Trinity Biotech, Plc","HIV 1/2, Uni-Gold HIV Kit, 20 Tests","HIV 1/2, Uni-Gold HIV Kit",Uni-Gold,no_dosage,Test kit,20,500,16000.0,32.0,1.6,"Trinity Biotech, Plc",True,166.0,3478.5,19.79
6201,75502,109-TZ-T30,FPQ-13048,SCMS-210910,ASN-23397,Tanzania,PMO - US,Direct Drop,EXW,Air,2013-10-03,2013-10-28,2014-01-28,2014-01-28,2014-01-28,ARV,Pediatric,Aurobindo Pharma Limited,"Efavirenz 50mg, capsule, 30 Caps",Efavirenz,Generic,50mg,Capsule,30,11912,18582.72,1.56,0.05,"Aurobindo Unit III, India",True,802.0,5740.54,22.99
6202,75522,108-VN-T30,FPQ-12539,SCMS-210820,ASN-23668,Vietnam,PMO - US,Direct Drop,EXW,Air,2013-07-11,2013-10-14,2014-01-21,2014-01-21,2014-01-21,ARV,Adult,HETERO LABS LIMITED,"Efavirenz 600mg, tablets, 30 Tabs",Efavirenz,Generic,600mg,Tablet,30,11517,37315.08,3.24,0.11,Hetero Unit III Hyderabad IN,True,1006.0,3001.35,46.16
6203,75534,107-RW-T30,FPQ-13851,SCMS-239010,ASN-26755,Rwanda,PMO - US,Direct Drop,CIP,Air,2014-03-10,2014-05-16,2014-07-24,2014-07-24,2014-07-25,ARV,Adult,MYLAN LABORATORIES LTD (FORMERLY MATRIX LABORATORIES),"Atazanavir/Ritonavir 300/100mg, tablets, 30 Tabs",Atazanavir/Ritonavir,Generic,300/100mg,Tablet,30,18000,360000.0,20.0,0.67,Mylan (formerly Matrix) Nashik,True,2402.0,1832.54,370.08
6204,75554,106-HT-T30,FPQ-15038,SCMS-262840,ASN-31820,Haiti,PMO - US,Direct Drop,EXW,Ocean,2014-10-22,2014-12-24,2015-07-03,2015-07-03,2015-07-13,ARV,Adult,MYLAN LABORATORIES LTD (FORMERLY MATRIX LABORATORIES),"Efavirenz/Lamivudine/Tenofovir Disoproxil Fumarate 600/300/300mg, tablets, 30 Tabs",Efavirenz/Lamivudine/Tenofovir Disoproxil Fumarate,Generic,600/300/300mg,Tablet - FDC,30,65025,665856.0,10.24,0.34,Mylan (formerly Matrix) Nashik,False,668.5,7785.125,684.5
6205,75581,108-VN-T30,FPQ-5094,SCMS-68480,ASN-7488,Vietnam,PMO - US,Direct Drop,EXW,Air,2010-03-15,2010-03-24,2010-08-03,2010-08-03,2010-08-03,ARV,Adult,STRIDES ARCOLAB LIMITED,"Lamivudine 150mg, tablets, 60 Tabs",Lamivudine,Generic,150mg,Tablet,60,8738,20534.3,2.35,0.04,"Strides, Bangalore, India.",True,420.0,6683.69,44.27
6206,75595,122-HT-T30,FPQ-8671,SCMS-131030,ASN-13447,Haiti,PMO - US,Direct Drop,EXW,Air,2011-11-09,2011-12-29,2012-01-23,2012-01-23,2012-01-23,MRDT,Malaria,"Standard Diagnostics, Inc.","Malaria Antigen P.f , HRP2, Kit, 25 Tests","Malaria Antigen P.f , HRP2, Kit",Generic,no_dosage,Test kit,25,4,45.0,11.25,0.45,"Standard Diagnostics, Korea",True,2.0,702.42,0.06
6207,75623,102-SD-T30,FPQ-5520,SCMS-71580,ASN-6862,Sudan,PMO - US,Direct Drop,EXW,Air,2010-04-16,2010-04-22,2010-05-28,2010-05-28,2010-05-28,HRDT,HIV test,"Trinity Biotech, Plc","HIV 1/2, Uni-Gold HIV Kit, 20 Tests","HIV 1/2, Uni-Gold HIV Kit",Uni-Gold,no_dosage,Test kit,20,750,24000.0,32.0,1.6,"Trinity Biotech, Plc",True,253.0,2849.79,51.74
6208,75641,900-TZ-T30,FPQ-10394,SCMS-156500,ASN-16218,Tanzania,PMO - US,Direct Drop,EXW,Air,2012-07-26,2012-08-09,2012-10-09,2012-10-09,2012-10-09,ARV,Adult,Aurobindo Pharma Limited,"Efavirenz 600mg, tablets, 30 Tabs",Efavirenz,Generic,600mg,Tablet,30,60757,200498.1,3.3,0.11,"Aurobindo Unit III, India",True,5215.0,20136.28,281.1
6209,75671,106-HT-T30,FPQ-12590,SCMS-210470,ASN-24371,Haiti,PMO - US,Direct Drop,EXW,Ocean,2013-08-21,2013-10-24,2014-05-09,2014-05-09,2014-05-12,ARV,Pediatric,Aurobindo Pharma Limited,"Efavirenz 50mg, capsule, 30 Caps",Efavirenz,Generic,50mg,Capsule,30,2688,4193.28,1.56,0.05,"Aurobindo Unit III, India",True,154.0,2520.54,5.19
6210,75682,114-UG-T30,FPQ-9365,SCMS-143490,ASN-14880,Uganda,PMO - US,Direct Drop,DDP,Air,2012-03-15,2012-04-17,2012-05-18,2012-05-18,2012-05-18,ARV,Adult,ASPEN PHARMACARE,"Darunavir 300mg [Prezista], tablets, 120 Tabs",Darunavir,Prezista,300mg,Tablet,120,252,16783.2,66.6,0.55,"Aspen-OSD, Port Elizabeth, SA",False,17.0,2485.92,23.53
6211,75703,109-TZ-T30,FPQ-13945,SCMS-235390,ASN-29855,Tanzania,PMO - US,Direct Drop,EXW,Air,2014-03-27,2014-05-06,2015-02-23,2015-02-23,2015-02-24,HRDT,HIV test,"Trinity Biotech, Plc","HIV 1/2, Uni-Gold HIV Kit, 20 Tests","HIV 1/2, Uni-Gold HIV Kit",Uni-Gold,no_dosage,Test kit,20,168,5376.0,32.0,1.6,"Trinity Biotech, Plc",True,55.0,1112.11,5.53
6212,75706,105-GH-T30,FPQ-13809,SCMS-234010,ASN-27059,Ghana,PMO - US,Direct Drop,FCA,Air,2014-03-07,2014-04-14,2014-08-07,2014-08-07,2014-08-15,ARV,Pediatric,ABBVIE LOGISTICS (FORMERLY ABBOTT LOGISTICS BV),"Lopinavir/Ritonavir 100/25mg [Aluvia], tablets, 60 Tabs",Lopinavir/Ritonavir,Generic,100/25mg,Tablet,60,934,5547.96,5.94,0.1,ABBVIE Ludwigshafen Germany,True,110.0,2060.79,5.7
6213,75717,152-HT-T30,FPQ-9005,SCMS-132020,ASN-14227,Haiti,PMO - US,Direct Drop,DDU,Air,2011-12-14,2012-01-19,2012-03-06,2012-03-06,2012-03-06,HRDT,HIV test,REINBOLD EXPORT IMPORT,"HIV 1/2, Determine Complete HIV Kit, 100 Tests","HIV 1/2, Determine Complete HIV Kit",Determine,no_dosage,Test kit,100,21,2625.0,125.0,1.25,Inverness Japan,True,394.0,0.0,3.68
6214,75729,133-NG-T30,FPQ-7193,SCMS-103110,ASN-11268,Nigeria,PMO - US,Direct Drop,EXW,Air,2011-02-16,2011-03-30,2011-07-07,2011-07-07,2011-07-07,HRDT,HIV test,"Orgenics, Ltd","HIV 1/2, Determine Complete HIV Kit, 100 Tests","HIV 1/2, Determine Complete HIV Kit",Determine,no_dosage,Test kit,100,2891,257299.0,89.0,0.89,Inverness Japan,True,1378.0,31201.82,424.54
6215,75733,103-SS-T30,FPQ-14517,SCMS-249920,ASN-29167,South Sudan,PMO - US,Direct Drop,EXW,Air,2014-06-30,2014-07-31,2014-12-11,2014-12-11,2014-12-16,ARV,Pediatric,CIPLA LIMITED,"Lamivudine/Zidovudine 30/60mg, dispersible tablets, 60 Tabs",Lamivudine/Zidovudine,Generic,30/60mg,Chewable/dispersible tablet - FDC,60,635,1206.5,1.9,0.03,"Cipla, Goa, India",True,59.0,1944.99,1.24
6216,75751,108-VN-T30,FPQ-5899,SCMS-77260,ASN-8928,Vietnam,PMO - US,Direct Drop,EXW,Air,2010-06-23,2010-07-01,2010-12-07,2010-12-07,2010-12-07,ARV,Adult,Aurobindo Pharma Limited,"Zidovudine 300mg, tablets, 60 Tabs",Zidovudine,Generic,300mg,Tablet,60,336,2436.0,7.25,0.12,"Aurobindo Unit III, India",True,19.0,8495.83,5.25
6217,75799,105-GH-T30,FPQ-13809,SCMS-234050,ASN-26436,Ghana,PMO - US,Direct Drop,EXW,Air,2014-03-07,2014-04-14,2014-07-24,2014-07-24,2014-07-31,ARV,Adult,Aurobindo Pharma Limited,"Lopinavir/Ritonavir 200/50mg, tablets, 120 Tabs",Lopinavir/Ritonavir,Generic,200/50mg,Tablet,120,3393,73967.4,21.8,0.18,"Aurobindo Unit III, India",True,915.0,6006.37,76.04
6218,75810,104-CI-T30,FPQ-9263,SCMS-139100,ASN-14678,Côte d'Ivoire,PMO - US,Direct Drop,EXW,Air,2012-02-01,2012-03-08,2012-05-22,2012-05-22,2012-05-22,ARV,Adult,MYLAN LABORATORIES LTD (FORMERLY MATRIX LABORATORIES),"Atazanavir/Ritonavir 300/100mg, tablets, 30 Tabs",Atazanavir/Ritonavir,Generic,300/100mg,Tablet,30,1800,45000.0,25.0,0.83,Mylan (formerly Matrix) Nashik,True,225.0,3109.21,63.09
6219,75848,116-ZA-T30,FPQ-12522,SCMS-199280,ASN-24433,South Africa,PMO - US,Direct Drop,DDP,Truck,2013-07-11,2013-08-13,2014-02-07,2014-02-07,2014-02-07,ARV,Pediatric,S. BUYS WHOLESALER,"Lamivudine 10mg/ml, oral solution w/syringe, Bottle, 240 ml",Lamivudine,Generic,10mg/ml,Oral solution,240,12,94.68,7.89,0.03,"Aurobindo Unit III, India",False,48.0,0.0,0.12
6220,75879,109-TZ-T30,FPQ-7909,SCMS-114980,ASN-12025,Tanzania,PMO - US,Direct Drop,EXW,Air,2011-06-24,2011-07-18,2011-09-29,2011-09-30,2011-09-30,HRDT,HIV test,"Standard Diagnostics, Inc.","HIV 1/2, Bioline 3.0 Kit, Lancets, Capillary pipets, Alcohol swabs included, 25 Tests","HIV 1/2, Bioline 3.0 Kit, Lancets, Capillary pipets, Alcohol swabs included",Bioline,no_dosage,Test kit,25,10000,200000.0,20.0,0.8,"Standard Diagnostics, Korea",True,3334.0,45032.55,330.0
6221,75882,113-ZW-T30,FPQ-13939,SCMS-234720,ASN-26117,Zimbabwe,PMO - US,Direct Drop,EXW,Air,2014-04-01,2014-05-08,2014-06-14,2014-06-14,2014-06-16,ARV,Adult,Aurobindo Pharma Limited,"Lamivudine/Tenofovir Disoproxil Fumarate 300/300mg, tablets, 30 Tabs",Lamivudine/Tenofovir Disoproxil Fumarate,Generic,300/300mg,Tablet - FDC,30,33439,155491.35,4.65,0.16,"Aurobindo Unit VII, IN",True,3232.0,25955.06,159.85
6222,75912,100-DO-T30,FPQ-6126,SCMS-83590,ASN-8621,Dominican Republic,PMO - US,Direct Drop,EXW,Truck,2010-08-19,2010-09-02,2010-10-22,2010-10-22,2010-10-22,ARV,Adult,"ABBVIE, SRL (FORMALLY ABBOTT LABORATORIES INTERNATIONAL CO.)","Ritonavir 100mg [Norvir], capsules, cool, 2 x 84 Caps",Ritonavir,Norvir,100mg,Capsule,168,2,288.0,144.0,0.86,ABBVIE (Abbott) St. P'burg USA,True,1.0,666.66,0.62
6223,75913,116-ZA-T30,FPQ-12522,SCMS-199283,ASN-27976,South Africa,PMO - US,Direct Drop,DDP,Truck,2013-07-11,2014-08-27,2014-08-27,2014-08-27,2014-08-27,ARV,Adult,S. BUYS WHOLESALER,"Zidovudine 300mg, tablets, 60 Tabs",Zidovudine,Generic,300mg,Tablet,60,19,528.69,27.83,0.46,"Aurobindo Unit III, India",False,668.5,0.0,0.65
6224,75925,901-CM-T30,FPQ-12528,SCMS-196520,ASN-21946,Cameroon,PMO - US,Direct Drop,EXW,Air,2013-06-21,2013-07-01,2013-11-09,2013-11-09,2013-11-13,ARV,Adult,HETERO LABS LIMITED,"Efavirenz/Lamivudine/Tenofovir Disoproxil Fumarate 600/300/300mg, tablets, 30 Tabs",Efavirenz/Lamivudine/Tenofovir Disoproxil Fumarate,Generic,600/300/300mg,Tablet - FDC,30,82471,865945.5,10.5,0.35,Hetero Unit III Hyderabad IN,True,11615.0,102199.13,1071.17
6225,75970,105-SS-T30,FPQ-15569,SCMS-272160,ASN-31335,South Sudan,PMO - US,Direct Drop,EXW,Air,2014-12-29,2015-02-20,2015-06-03,2015-06-03,2015-06-05,HRDT,HIV test - Ancillary,"Orgenics, Ltd","Capillary Tubes, for Determine, EDTA, 50uL,100 Pcs","HIV, Capillary Tubes, for Determine, EDTA, 50uL,100 Pcs",Determine,no_dosage,Test kit - Ancillary,100,15,120.0,8.0,0.08,"Alere Medical Co., Ltd.",False,5.0,2575.925,0.14
6226,75980,102-KE-T30,FPQ-4587,SCMS-58380,ASN-5877,Kenya,PMO - US,Direct Drop,EXW,Air,2009-11-18,2009-12-02,2010-02-16,2010-02-16,2010-02-16,HRDT,HIV test,"Orgenics, Ltd","HIV 1/2, Determine Complete HIV Kit, 100 Tests","HIV 1/2, Determine Complete HIV Kit",Determine,no_dosage,Test kit,100,8500,680000.0,80.0,0.8,Inverness Japan,True,1462.0,14419.86,1466.08
6227,76004,105-SS-T30,FPQ-14470,SCMS-245230,ASN-27241,South Sudan,PMO - US,Direct Drop,EXW,Air,2014-06-17,2014-07-01,2014-09-29,2014-09-29,2014-09-30,HRDT,HIV test,"Trinity Biotech, Plc","HIV 1/2, Uni-Gold HIV Kit, 20 Tests","HIV 1/2, Uni-Gold HIV Kit",Uni-Gold,no_dosage,Test kit,20,18,576.0,32.0,1.6,"Trinity Biotech, Plc",False,98.5,2575.925,0.59
6228,76063,106-HT-T30,FPQ-11443,SCMS-180980,ASN-20515,Haiti,PMO - US,Direct Drop,EXW,Air,2013-02-07,2013-03-22,2013-08-14,2013-08-14,2013-08-14,ARV,Pediatric,MYLAN LABORATORIES LTD (FORMERLY MATRIX LABORATORIES),"Lamivudine/Zidovudine 30/60mg, tablets, 60 Tabs",Lamivudine/Zidovudine,Generic,30/60mg,Tablet - FDC,60,3192,6703.2,2.1,0.04,Mylan (formerly Matrix) Nashik,True,157.0,2010.69,8.29
6229,76069,101-CD-T30,FPQ-12106,SCMS-186720,ASN-20032,"Congo, DRC",PMO - US,Direct Drop,EXW,Air,2013-04-12,2013-05-08,2013-11-04,2013-11-04,2013-12-03,HRDT,HIV test,"Trinity Biotech, Plc","HIV 1/2, Uni-Gold HIV Kit, 20 Tests","HIV 1/2, Uni-Gold HIV Kit",Uni-Gold,no_dosage,Test kit,20,469,15008.0,32.0,1.6,"Trinity Biotech, Plc",True,170.0,3125.65,18.56
6230,76071,111-MZ-T30,FPQ-4080,SCMS-51390,ASN-5103,Mozambique,PMO - US,Direct Drop,EXW,Air,2009-08-04,2009-08-11,2009-12-01,2009-12-01,2009-12-01,HRDT,HIV test,"Orgenics, Ltd","HIV 1/2, Determine Complete HIV Kit, 100 Tests","HIV 1/2, Determine Complete HIV Kit",Determine,no_dosage,Test kit,100,3300,237600.0,72.0,0.72,Inverness Japan,True,1593.0,29373.14,465.7
6231,76073,116-ZA-T30,FPQ-13973,SCMS-238551,ASN-26882,South Africa,PMO - US,Direct Drop,DDP,Truck,2014-04-30,2014-06-25,2014-06-25,2014-06-25,2014-06-25,ARV,Adult,PHARMACY DIRECT,"Zidovudine 300mg, tablets, 60 Tabs",Zidovudine,Generic,300mg,Tablet,60,13,324.4,24.95,0.42,"Aurobindo Unit III, India",False,668.5,0.0,0.33
6232,76087,100-DO-T30,FPQ-6083,SCMS-92940,ASN-9058,Dominican Republic,PMO - US,Direct Drop,EXW,Air,2010-07-16,2010-11-22,2010-12-18,2010-12-18,2010-12-18,ARV,Adult,Aurobindo Pharma Limited,"Didanosine 250mg, delayed-release capsules, 30 Caps",Didanosine,Generic,250mg,Delayed-release capsules,30,1000,13000.0,13.0,0.43,"Aurobindo Unit III, India",True,68.0,1001.12,28.03
6233,76097,108-VN-T30,FPQ-4098,SCMS-51770,ASN-5448,Vietnam,PMO - US,Direct Drop,EXW,Air,2009-08-12,2009-08-14,2009-12-03,2009-12-03,2009-12-03,ARV,Adult,Aurobindo Pharma Limited,"Stavudine 30mg, capsules, 60 Caps",Stavudine,Generic,30mg,Capsule,60,13020,18879.0,1.45,0.02,"Aurobindo Unit III, India",True,861.0,1872.53,37.0
6234,76112,107-RW-T30,FPQ-4011,SCMS-50280,ASN-6840,Rwanda,PMO - US,Direct Drop,CIP,Air,2009-07-16,2009-08-31,2010-06-01,2010-06-01,2010-06-01,ARV,Adult,MYLAN LABORATORIES LTD (FORMERLY MATRIX LABORATORIES),"Lamivudine/Tenofovir Disoproxil Fumarate 300/300mg, tablets, 30 Tabs",Lamivudine/Tenofovir Disoproxil Fumarate,Generic,300/300mg,Tablet - FDC,30,20700,226665.0,10.95,0.36,Mylan (formerly Matrix) Nashik,True,1795.0,21340.35,444.26
6235,76113,111-MZ-T30,FPQ-13395,SCMS-219220,ASN-25452,Mozambique,PMO - US,Direct Drop,EXW,Air,2013-12-11,2013-12-17,2014-05-02,2014-05-02,2014-05-07,ARV,Adult,HETERO LABS LIMITED,"Lamivudine/Nevirapine/Zidovudine 150/200/300mg, tablets, 60 Tabs",Lamivudine/Nevirapine/Zidovudine,Generic,150/300/200mg,Tablet - FDC,60,33792,274053.12,8.11,0.14,Hetero Unit III Hyderabad IN,True,4610.0,16835.52,281.73
6236,76135,108-VN-T30,FPQ-7427,SCMS-105530,ASN-11955,Vietnam,PMO - US,Direct Drop,EXW,Air,2011-03-31,2011-04-14,2011-09-26,2011-09-26,2011-09-26,ARV,Adult,HETERO LABS LIMITED,"Lamivudine/Nevirapine/Stavudine 150/200/30mg, tablets, 60 Tabs",Lamivudine/Nevirapine/Stavudine,Generic,150/200/30mg,Tablet - FDC,60,37075,177960.0,4.8,0.08,Hetero Unit III Hyderabad IN,False,668.5,4400.805,293.63
6237,76136,110-ZM-T30,FPQ-14827,SCMS-256510,ASN-29093,Zambia,PMO - US,Direct Drop,EXW,Air,2014-08-19,2014-09-19,2015-03-11,2015-03-11,2015-03-31,HRDT,HIV test,"Orgenics, Ltd","HIV 1/2, Determine Complete HIV Kit, 100 Tests","HIV 1/2, Determine Complete HIV Kit",Determine,no_dosage,Test kit,100,6322,505760.0,80.0,0.8,"Alere Medical Co., Ltd.",True,2564.0,37444.1,519.92
6238,76142,109-TZ-T30,FPQ-11427,SCMS-175500,ASN-19443,Tanzania,PMO - US,Direct Drop,FCA,Air,2013-01-15,2013-02-04,2013-06-06,2013-06-06,2013-06-06,ARV,Pediatric,ABBVIE LOGISTICS (FORMERLY ABBOTT LOGISTICS BV),"Lopinavir/Ritonavir 80/20mg/ml [Kaletra], oral solution, cool, Bottle 5 x 60 ml",Lopinavir/Ritonavir,Kaletra,80/20mg/ml,Oral solution,300,237,7304.34,30.82,0.1,ABBVIE (Abbott) Logis. UK,True,244.0,3269.9,9.04
6239,76144,111-MZ-T30,FPQ-15324,SCMS-264780,ASN-30261,Mozambique,PMO - US,Direct Drop,EXW,Air,2014-11-12,2014-11-19,2015-02-10,2015-02-10,2015-02-18,HRDT,HIV test,"Orgenics, Ltd","HIV 1/2, Determine Kit without Lancets, Buffer or Caplillary Tubes, 100 Tests","HIV 1/2, Determine Kit without Lancets, Buffer or Capillary Tubes, 100 Tests",Determine,no_dosage,Test kit,100,18,1298.7,72.15,0.72,"Alere Medical Co., Ltd.",False,98.5,3247.5699999999997,1.53
6240,76180,110-ZM-T30,FPQ-10107,SCMS-153800,ASN-16720,Zambia,PMO - US,Direct Drop,EXW,Air,2012-06-19,2012-07-31,2012-10-19,2012-10-19,2012-10-19,HRDT,HIV test,"Orgenics, Ltd","HIV 1/2, Determine Complete HIV Kit, 100 Tests","HIV 1/2, Determine Complete HIV Kit",Determine,no_dosage,Test kit,100,4004,320320.0,80.0,0.8,"Alere Medical Co., Ltd.",True,1907.0,34940.02,449.09
6241,76189,161-ZA-T30,FPQ-5303,SCMS-69050,ASN-8509,South Africa,PMO - US,Direct Drop,DDP,Air,2010-03-18,2010-03-19,2010-12-15,2010-12-15,2010-12-15,ARV,Adult,Aurobindo Pharma Limited,"Zidovudine 300mg, tablets, 60 Tabs",Zidovudine,Generic,300mg,Tablet,60,75048,557606.64,7.43,0.12,"Aurobindo Unit III, India",True,4023.0,3315.23,1202.2
6242,76197,105-SS-T30,FPQ-12623,SCMS-200921,ASN-22955,South Sudan,PMO - US,Direct Drop,EXW,Air,2013-07-18,2013-08-06,2014-02-11,2014-02-11,2014-02-11,HRDT,HIV test,"Trinity Biotech, Plc","HIV 1/2, Uni-Gold HIV Kit, 20 Tests","HIV 1/2, Uni-Gold HIV Kit",Uni-Gold,no_dosage,Test kit,20,450,14400.0,32.0,1.6,"Trinity Biotech, Plc",False,159.5,2575.925,17.81
6243,76217,111-MZ-T30,FPQ-10880,SCMS-164000,ASN-18530,Mozambique,PMO - US,Direct Drop,EXW,Air,2012-10-18,2012-11-06,2013-03-20,2013-04-01,2013-04-01,HRDT,HIV test,"Orgenics, Ltd","HIV 1/2, Determine Complete HIV Kit, 100 Tests","HIV 1/2, Determine Complete HIV Kit",Determine,no_dosage,Test kit,100,2863,229040.0,80.0,0.8,"Alere Medical Co., Ltd.",True,1298.0,13146.21,283.32
6244,76226,106-HT-T30,FPQ-11443,SCMS-180970,ASN-20026,Haiti,PMO - US,Direct Drop,EXW,Ocean,2013-02-07,2013-03-26,2013-09-02,2013-09-02,2013-09-02,ARV,Adult,HETERO LABS LIMITED,"Efavirenz/Lamivudine/Tenofovir Disoproxil Fumarate 600/300/300mg, tablets, 30 Tabs",Efavirenz/Lamivudine/Tenofovir Disoproxil Fumarate,Generic,600/300/300mg,Tablet - FDC,30,48150,505575.0,10.5,0.35,Hetero Unit III Hyderabad IN,False,668.5,7785.125,625.4
6245,76227,105-SS-T30,FPQ-15569,SCMS-272160,ASN-31338,South Sudan,PMO - US,Direct Drop,EXW,Air,2014-12-29,2015-02-20,2015-06-03,2015-06-03,2015-06-05,HRDT,HIV test,"Orgenics, Ltd","HIV 1/2, Determine Complete HIV Kit, 100 Tests","HIV 1/2, Determine Complete HIV Kit",Determine,no_dosage,Test kit,100,200,17800.0,89.0,0.89,"Alere Medical Co., Ltd.",False,167.5,2575.925,20.95
6246,76263,116-ZA-T30,FPQ-12522,SCMS-199289,ASN-28034,South Africa,PMO - US,Direct Drop,DDP,Truck,2013-07-11,2014-08-29,2014-08-29,2014-08-29,2014-08-29,ARV,Pediatric,S. BUYS WHOLESALER,"Lopinavir/Ritonavir 100/25mg [Aluvia], tablets, 60 Tabs",Lopinavir/Ritonavir,Generic,100/25mg,Tablet,60,3,19.32,6.44,0.11,ABBVIE Ludwigshafen Germany,False,1.0,0.0,0.02
6247,76270,107-RW-T30,FPQ-8263,SCMS-119640,ASN-12455,Rwanda,PMO - US,Direct Drop,EXW,Air,2011-08-19,2011-08-29,2011-11-04,2011-11-04,2011-11-04,HRDT,HIV test,"Orgenics, Ltd","HIV 1/2, Determine HIV Kit, without Lancets, 100 Tests","HIV 1/2, Determine HIV Kit, without Lancets",Determine,no_dosage,Test kit,100,2530,196581.0,77.7,0.78,Inverness Japan,True,575.0,26849.57,324.36
6248,76298,101-KE-T30,FPQ-10314,SCMS-153910,ASN-17659,Kenya,PMO - US,Direct Drop,CIP,Air,2012-07-12,2012-11-06,2013-02-28,2013-02-28,2013-02-28,HRDT,HIV test,"Orgenics, Ltd","HIV 1/2, Determine Complete HIV Kit, 100 Tests","HIV 1/2, Determine Complete HIV Kit",Determine,no_dosage,Test kit,100,6152,547528.0,89.0,0.89,"Alere Medical Co., Ltd.",True,1059.0,91.67,767.63
6249,76318,108-VN-T30,FPQ-12539,SCMS-199770,ASN-22687,Vietnam,PMO - US,Direct Drop,EXW,Air,2013-07-11,2013-07-25,2013-12-13,2013-12-13,2013-12-13,ARV,Adult,MICRO LABS LIMITED,"Lamivudine 150mg, tablets, 60 Tabs",Lamivudine,Generic,150mg,Tablet,60,6493,11492.61,1.77,0.03,"Micro labs, Verna, Goa, India",True,301.0,1457.92,14.22
6250,76319,116-ZA-T30,FPQ-13973,SCMS-238554,ASN-28627,South Africa,PMO - US,Direct Drop,DDP,Truck,2014-04-30,2014-10-03,2014-10-03,2014-10-03,2014-10-03,ARV,Adult,PHARMACY DIRECT,"Didanosine 400mg, delayed-release capsules, 30 Caps",Didanosine,Generic,400mg,Delayed-release capsules,30,4,78.7,19.68,0.66,"Aurobindo Unit III, India",False,78.0,0.0,0.08
6251,76321,108-VN-T30,FPQ-6818,SCMS-97850,ASN-11024,Vietnam,PMO - US,Direct Drop,EXW,Air,2011-01-17,2011-02-15,2011-06-22,2011-06-22,2011-06-22,ARV,Adult,MYLAN LABORATORIES LTD (FORMERLY MATRIX LABORATORIES),"Abacavir 300mg, tablets, 60 Tabs",Abacavir,Generic,300mg,Tablet,60,336,5040.0,15.0,0.25,Mylan (formerly Matrix) Nashik,False,30.0,4400.805,8.32
6252,76325,109-TZ-T30,FPQ-3782,SCMS-47730,ASN-4489,Tanzania,PMO - US,Direct Drop,CIP,Air,2009-06-11,2009-06-29,2009-08-11,2009-08-11,2009-08-11,ARV,Adult,BRISTOL-MYERS SQUIBB,"Didanosine EC 250mg [Videx EC], delayed-release capsules, Blister 3 x 10 Caps",Didanosine EC,Videx EC,250mg,Delayed-release capsules - blister,30,7000,128380.0,18.34,0.61,"BMS Meymac, France",False,719.5,8925.0,251.62
6253,76327,108-VN-T30,FPQ-15692,SCMS-274390,ASN-32265,Vietnam,PMO - US,Direct Drop,EXW,Air,2015-01-28,2015-02-17,2015-07-10,2015-07-10,2015-07-10,ARV,Adult,HETERO LABS LIMITED,"Lamivudine 150mg, tablets, 60 Tabs",Lamivudine,Generic,150mg,Tablet,60,17600,31680.0,1.8,0.03,Hetero Unit III Hyderabad IN,False,3526.0,4400.805,37.29
6254,76340,104-CI-T30,FPQ-4518,SCMS-56980,ASN-5819,Côte d'Ivoire,PMO - US,Direct Drop,EXW,Air,2009-11-04,2009-11-13,2010-01-26,2010-01-26,2010-01-26,HRDT,HIV test,BIO-RAD LABORATORIES (FRANCE),"#108853** HIV, Genie II HIV-1/HIV-2 Kit, 40 Tests","HIV, Genie II HIV-1/HIV-2 Kit",Genie,no_dosage,Test kit,40,2400,264000.0,110.0,2.75,Bio-Rad Laboratories,True,2635.0,19145.8,569.18
6255,76374,107-RW-T30,FPQ-12518,SCMS-198221,ASN-23125,Rwanda,PMO - US,Direct Drop,EXW,Air,2013-06-21,2013-08-12,2013-12-14,2013-12-14,2013-12-14,HRDT,HIV test,"SHANGHAI KEHUA BIOENGINEERING CO.,LTD.  (KHB)","HIV 1/2, SKB Colloidal Gold, Diagnostic Kit, Antibody, 50 Tests","HIV 1/2, Colloidal Gold, Diagnostic Kit, Antibody",Colloidal Gold,no_dosage,Test kit,1,20481,501784.5,24.5,24.5,"KHB Test Kit Facility, Shanghai China",True,13656.0,139951.34,620.71
6256,76409,106-HT-T30,FPQ-11442,SCMS-177180,ASN-18919,Haiti,PMO - US,Direct Drop,EXW,Ocean,2013-01-30,2013-03-11,2013-08-07,2013-08-07,2013-08-07,ARV,Adult,Aurobindo Pharma Limited,"Lamivudine/Zidovudine 150/300mg, tablets, 60 Tabs",Lamivudine/Zidovudine,Generic,150/300mg,Tablet - FDC,60,52080,356748.0,6.85,0.11,"Aurobindo Unit III, India",False,668.5,7785.125,441.3
6257,76442,102-CD-T30,FPQ-11020,SCMS-167990,ASN-17893,"Congo, DRC",PMO - US,Direct Drop,EXW,Air,2012-11-15,2012-12-06,2013-06-12,2013-06-12,2013-06-12,HRDT,HIV test,"Trinity Biotech, Plc","HIV 1/2, Uni-Gold HIV Kit, 20 Tests","HIV 1/2, Uni-Gold HIV Kit",Uni-Gold,no_dosage,Test kit,20,185,5920.0,32.0,1.6,"Trinity Biotech, Plc",True,64.0,1592.72,7.32
6258,76459,161-ZA-T30,FPQ-6262,SCMS-83770,ASN-10253,South Africa,PMO - US,Direct Drop,DDP,Ocean,2010-08-31,2010-09-24,2011-04-26,2011-05-26,2011-05-26,ARV,Adult,Aurobindo Pharma Limited,"Efavirenz 600mg, tablets, 30 Tabs",Efavirenz,Generic,600mg,Tablet,30,96721,438146.13,4.53,0.15,"Aurobindo Unit III, India",True,668.5,0.0,944.64
6259,76483,102-SD-T30,FPQ-6119,SCMS-84000,ASN-9447,Sudan,PMO - US,Direct Drop,EXW,Air,2010-08-30,2010-09-02,2011-02-10,2011-02-10,2011-02-10,HRDT,HIV test,"Orgenics, Ltd","HIV 1/2, Determine Complete HIV Kit, 100 Tests","HIV 1/2, Determine Complete HIV Kit",Determine,no_dosage,Test kit,100,130,11570.0,89.0,0.89,Inverness Japan,True,60.0,2084.49,24.94
6260,76496,116-ZA-T30,FPQ-14942,SCMS-259079,ASN-33851,South Africa,PMO - US,Direct Drop,DDP,Truck,2014-09-11,2014-10-09,2015-08-24,2015-08-24,2015-08-24,ARV,Pediatric,PHARMACY DIRECT,"Lamivudine 10mg/ml, oral solution, Bottle, 240 ml",Lamivudine,Generic,10mg/ml,Oral solution,240,17,91.92,5.41,0.02,"Aurobindo Unit III, India",False,50.0,0.0,0.09
6261,76505,106-HT-T30,FPQ-13797,SCMS-234000,ASN-26977,Haiti,PMO - US,Direct Drop,EXW,Ocean,2014-03-20,2014-04-28,2014-10-20,2014-10-20,2014-10-24,ARV,Adult,MICRO LABS LIMITED,"Efavirenz 600mg, tablets, 30 Tabs",Efavirenz,Generic,600mg,Tablet,30,3260,9714.8,2.98,0.1,"Micro labs, Verna, Goa, India",True,668.5,7785.125,9.99
6262,76517,108-VN-T30,FPQ-7565,SCMS-107640,ASN-11611,Vietnam,PMO - US,Direct Drop,EXW,Air,2011-04-21,2011-05-02,2011-08-24,2011-08-24,2011-08-24,ARV,Adult,MYLAN LABORATORIES LTD (FORMERLY MATRIX LABORATORIES),"Lamivudine/Nevirapine/Zidovudine 150/200/300mg, tablets, 60 Tabs",Lamivudine/Nevirapine/Zidovudine,Generic,150/300/200mg,Tablet - FDC,60,42000,461580.0,10.99,0.18,Mylan (formerly Matrix) Nashik,True,5941.0,19632.73,761.61
6263,76541,105-DO-T30,FPQ-13790,SCMS-231370,ASN-25280,Dominican Republic,PMO - US,Direct Drop,EXW,Air,2014-02-26,2014-03-19,2014-04-11,2014-04-11,2014-04-24,HRDT,HIV test,"Trinity Biotech, Plc","HIV 1/2, Uni-Gold HIV Kit, 20 Tests","HIV 1/2, Uni-Gold HIV Kit",Uni-Gold,no_dosage,Test kit,20,500,16000.0,32.0,1.6,"Trinity Biotech, Plc",True,146.0,790.78,16.45
6264,76551,116-ZA-T30,FPQ-4770,SCMS-60170,ASN-5933,South Africa,PMO - US,Direct Drop,DDP,Truck,2009-12-17,2009-12-23,2009-12-29,2009-12-29,2009-12-29,ARV,Pediatric,S. BUYS WHOLESALER,"Nevirapine 10mg/ml [Viramune], oral suspension, Bottle, 240 ml",Nevirapine,Viramune,10mg/ml,Oral suspension,240,60,927.34,15.46,0.06,Boehringer Ingelheim Roxane US,False,108.0,0.0,2.0
6265,76559,108-VN-T30,FPQ-10286,SCMS-156272,ASN-17807,Vietnam,PMO - US,Direct Drop,EXW,Air,2012-07-25,2012-08-14,2013-02-01,2013-02-01,2013-02-01,ARV,Pediatric,MYLAN LABORATORIES LTD (FORMERLY MATRIX LABORATORIES),"Lamivudine/Zidovudine 30/60mg, tablets, 60 Tabs",Lamivudine/Zidovudine,Generic,30/60mg,Tablet - FDC,60,1966,4423.5,2.25,0.04,Mylan (formerly Matrix) Nashik,True,91.0,1143.04,6.2
6266,76578,116-ZA-T30,FPQ-13973,SCMS-238554,ASN-28629,South Africa,PMO - US,Direct Drop,DDP,Truck,2014-04-30,2014-10-03,2014-10-03,2014-10-03,2014-10-03,ARV,Adult,PHARMACY DIRECT,"Raltegravir 400mg [Isentress], tablets, 60 Tabs",Raltegravir,Isentress,400mg,Tablet,60,48,4062.91,84.64,1.41,"MSD, Haarlem, NL",False,5.0,0.0,4.18
6267,76586,133-NG-T30,FPQ-12456,SCMS-196550,ASN-21949,Nigeria,PMO - US,Direct Drop,EXW,Air,2013-06-10,2013-07-10,2013-10-24,2013-10-24,2013-11-01,HRDT,HIV test,"Trinity Biotech, Plc","HIV 1/2, Uni-Gold HIV Kit, 20 Tests","HIV 1/2, Uni-Gold HIV Kit",Uni-Gold,no_dosage,Test kit,20,6355,203360.0,32.0,1.6,"Trinity Biotech, Plc",True,290.0,15450.88,251.56
6268,76603,116-ZA-T30,FPQ-12522,SCMS-199289,ASN-28036,South Africa,PMO - US,Direct Drop,DDP,Truck,2013-07-11,2014-08-29,2014-08-29,2014-08-29,2014-08-29,ARV,Adult,S. BUYS WHOLESALER,"Zidovudine 300mg, tablets, 60 Tabs",Zidovudine,Generic,300mg,Tablet,60,7,189.78,27.11,0.45,Mylan (formerly Matrix) Nashik,False,668.5,0.0,0.23
6269,76619,119-NA-T30,FPQ-4856,SCMS-62720,ASN-6401,Namibia,PMO - US,Direct Drop,EXW,Air,2010-01-07,2010-01-08,2010-04-20,2010-04-20,2010-04-20,HRDT,HIV test,"Orgenics, Ltd","HIV 1/2, Determine HIV Kit, without Lancets, 100 Tests","HIV 1/2, Determine HIV Kit, without Lancets",Determine,no_dosage,Test kit,100,500,35000.0,70.0,0.7,Inverness Japan,True,115.0,1498.16,75.46
6270,76638,116-ZA-T30,FPQ-12522,SCMS-199289,ASN-28036,South Africa,PMO - US,Direct Drop,DDP,Truck,2013-07-11,2014-08-29,2014-08-29,2014-08-29,2014-08-29,ARV,Adult,S. BUYS WHOLESALER,"Lopinavir/Ritonavir 200/50mg [Aluvia], tablets, 120 Tabs",Lopinavir/Ritonavir,Aluvia,200/50mg,Tablet,120,122,3142.69,25.76,0.21,ABBVIE Ludwigshafen Germany,False,668.5,0.0,3.89
6271,76712,114-UG-T30,FPQ-4276,SCMS-55240,ASN-5607,Uganda,PMO - US,Direct Drop,FCA,Air,2009-09-22,2009-11-03,2009-12-19,2009-12-19,2009-12-19,ARV,Adult,ABBVIE LOGISTICS (FORMERLY ABBOTT LOGISTICS BV),"Lopinavir/Ritonavir 200/50mg [Aluvia], tablets, 120 Tabs",Lopinavir/Ritonavir,Aluvia,200/50mg,Tablet,120,110,3977.6,36.16,0.3,ABBVIE Ludwigshafen Germany,True,33.0,995.22,7.8
6272,76766,A01-ZM-T50,FPQ-16227,SCMS-291890,ASN-33362,Zambia,PMO - US,Direct Drop,EXW,Air,2015-04-23,2015-06-16,2015-08-06,2015-08-06,2015-08-12,HRDT,HIV test,"Orgenics, Ltd","HIV 1/2, Determine Complete HIV Kit, 100 Tests","HIV 1/2, Determine Complete HIV Kit",Determine,no_dosage,Test kit,100,530,42400.0,80.0,0.8,"Alere Medical Co., Ltd.",True,219.0,14019.38,49.9
6273,76772,116-ZA-T30,FPQ-13035,SCMS-215370,ASN-24415,South Africa,PMO - US,Direct Drop,DDP,Truck,2013-10-08,2013-12-02,2014-02-06,2014-02-06,2014-02-06,ARV,Adult,S. BUYS WHOLESALER,"Lamivudine 150mg [Epivir], tablets, 60 Tabs",Lamivudine,Epivir,150mg,Tablet,60,1281,14728.5,11.5,0.19,GSK Cape Town Factory (South Africa),False,668.5,0.0,18.22
6274,76799,108-VN-T30,FPQ-3934,SCMS-48800,ASN-4828,Vietnam,PMO - US,Direct Drop,FCA,Air,2009-07-06,2009-07-14,2009-09-11,2009-09-11,2009-09-11,ARV,Adult,ABBVIE LOGISTICS (FORMERLY ABBOTT LOGISTICS BV),"Lopinavir/Ritonavir 200/50mg [Aluvia], tablets, 120 Tabs",Lopinavir/Ritonavir,Aluvia,200/50mg,Tablet,120,760,62472.0,82.2,0.68,ABBVIE Ludwigshafen Germany,True,188.0,1088.79,122.45
6275,76809,133-NG-T30,FPQ-8117,SCMS-118190,ASN-12877,Nigeria,PMO - US,Direct Drop,EXW,Air,2011-07-28,2011-08-15,2011-12-19,2011-12-19,2011-12-19,HRDT,HIV test,"Orgenics, Ltd","HIV 1/2, Determine Complete HIV Kit, 100 Tests","HIV 1/2, Determine Complete HIV Kit",Determine,no_dosage,Test kit,100,2890,257210.0,89.0,0.89,"Alere Medical Co., Ltd.",True,1377.0,32575.03,424.4
6276,76813,106-HT-T30,FPQ-4337,SCMS-56140,ASN-5572,Haiti,PMO - US,Direct Drop,FCA,Air,2009-10-13,2009-11-06,2009-12-21,2009-12-21,2009-12-21,ARV,Pediatric,ABBVIE LOGISTICS (FORMERLY ABBOTT LOGISTICS BV),"Lopinavir/Ritonavir 100/25mg [Aluvia], tablets, 60 Tabs",Lopinavir/Ritonavir,Generic,100/25mg,Tablet,60,45,406.8,9.04,0.15,ABBVIE Ludwigshafen Germany,True,13.0,928.11,0.8
6277,76827,900-LR-T30,FPQ-7996,SCMS-115340,ASN-11741,Liberia,PMO - US,Direct Drop,EXW,Air,2011-07-12,2011-07-20,2011-09-02,2011-09-02,2011-09-02,HRDT,HIV test,"Trinity Biotech, Plc","HIV 1/2, Uni-Gold HIV Kit, 20 Tests","HIV 1/2, Uni-Gold HIV Kit",Uni-Gold,no_dosage,Test kit,20,50,1600.0,32.0,1.6,"Trinity Biotech, Plc",True,17.0,515.11,2.64
6278,76828,116-ZA-T30,FPQ-13973,SCMS-238554,ASN-28627,South Africa,PMO - US,Direct Drop,DDP,Truck,2014-04-30,2014-10-03,2014-10-03,2014-10-03,2014-10-03,ARV,Adult,PHARMACY DIRECT,"Emtricitabine/Tenofovir Disoproxil Fumarate 200/300mg, tablets, 30 Tabs",Emtricitabine/Tenofovir Disoproxil Fumarate,Generic,200/300mg,Tablet - FDC,30,8,241.69,30.21,1.01,"Aurobindo Unit III, India",False,48.0,0.0,0.25
6279,76833,109-TZ-T30,FPQ-9211,SCMS-135870,ASN-13850,Tanzania,PMO - US,Direct Drop,EXW,Air,2012-01-25,2012-01-27,2012-03-07,2012-03-07,2012-03-07,HRDT,HIV test,"Orgenics, Ltd","HIV 1/2, Determine Complete HIV Kit, 100 Tests","HIV 1/2, Determine Complete HIV Kit",Determine,no_dosage,Test kit,100,2072,165760.0,80.0,0.8,"Alere Medical Co., Ltd.",True,989.0,17512.52,232.4
6280,76840,161-ZA-T30,FPQ-6708,SCMS-93540,ASN-10568,South Africa,PMO - US,Direct Drop,DDP,Ocean,2010-11-26,2010-12-14,2011-05-31,2011-06-13,2011-06-13,ARV,Adult,Aurobindo Pharma Limited,"Tenofovir Disoproxil Fumarate 300mg, tablets, 30 Tabs",Tenofovir Disoproxil Fumarate,Generic,300mg,Tablet,30,77473,515195.45,6.65,0.22,"Aurobindo Unit III, India",True,7228.0,8809.08,850.07
6281,76855,116-ZA-T30,FPQ-5630,SCMS-72760,ASN-7111,South Africa,PMO - US,Direct Drop,DDP,Truck,2010-04-30,2010-05-05,2010-05-12,2010-05-12,2010-05-12,ARV,Pediatric,S. BUYS WHOLESALER,"Zidovudine 10mg/ml [Retrovir], oral solution, Bottle, 200 ml",Zidovudine,Retrovir,10mg/ml,Oral solution,200,100,698.98,6.99,0.03,GSK Mississauga (Canada),False,36.0,0.0,1.51
6282,76881,103-CM-T30,FPQ-16210,SCMS-289310,ASN-32567,Cameroon,PMO - US,Direct Drop,EXW,Air,2015-04-28,2015-06-02,2015-06-17,2015-06-17,2015-06-17,ARV,Pediatric,Aurobindo Pharma Limited,"Nevirapine 50mg, dispersible tablets (tablets for oral suspension), 30 Tabs",Nevirapine,Generic,50mg,Chewable/dispersible tablet,30,4416,5520.0,1.25,0.04,"Aurobindo Unit III, India",True,668.5,27460.25,6.5
6283,76914,104-CI-T30,FPQ-8929,SCMS-131870,ASN-14307,Côte d'Ivoire,PMO - US,Direct Drop,EXW,Air,2011-12-08,2012-01-17,2012-04-10,2012-04-10,2012-04-10,HRDT,HIV test,"CHEMBIO DIAGNOSTIC SYSTEMS, INC.","HIV 1/2, Stat-Pak HIV, Kit, 20 Tests","HIV 1/2, Stat-Pak HIV, Kit",Stat-Pak,no_dosage,Test kit,20,1593,46197.0,29.0,1.45,Chembio Diagnostics Sys. Inc.,True,624.0,6311.89,64.77
6284,76917,101-CD-T30,FPQ-13555,SCMS-234300,ASN-27384,"Congo, DRC",PMO - US,Direct Drop,EXW,Air,2014-03-19,2014-05-05,2014-09-29,2014-09-29,2014-10-14,ARV,Adult,CIPLA LIMITED,"Lamivudine/Nevirapine/Zidovudine 150/200/300mg, tablets, 60 Tabs",Lamivudine/Nevirapine/Zidovudine,Generic,150/300/200mg,Tablet - FDC,60,10000,81000.0,8.1,0.13,"Cipla, Goa, India",True,1463.0,12498.65,83.27
6285,76938,161-ZA-T30,FPQ-6262,SCMS-83830,ASN-9194,South Africa,PMO - US,Direct Drop,DDP,Ocean,2010-08-31,2010-09-24,2011-01-06,2011-01-27,2011-01-27,ARV,Adult,Aurobindo Pharma Limited,"Tenofovir Disoproxil Fumarate 300mg, tablets, 30 Tabs",Tenofovir Disoproxil Fumarate,Generic,300mg,Tablet,30,58143,386650.95,6.65,0.22,"Aurobindo Unit III, India",True,5427.0,7905.96,833.62
6286,77038,102-SZ-T30,FPQ-7281,SCMS-109440,ASN-11323,Swaziland,PMO - US,Direct Drop,EXW,Air,2011-03-28,2011-06-16,2011-08-09,2011-08-09,2011-08-09,HRDT,HIV test,"Trinity Biotech, Plc","HIV 1/2, Uni-Gold HIV Kit, 20 Tests","HIV 1/2, Uni-Gold HIV Kit",Uni-Gold,no_dosage,Test kit,20,1270,40640.0,32.0,1.6,"Trinity Biotech, Plc",True,429.0,4726.15,67.06
6287,77044,116-ZA-T30,FPQ-14942,SCMS-259073,ASN-30671,South Africa,PMO - US,Direct Drop,DDP,Truck,2014-09-11,2015-02-12,2015-02-12,2015-02-12,2015-02-12,ARV,Adult,PHARMACY DIRECT,"Abacavir 300mg, tablets, 60 Tabs",Abacavir,Generic,300mg,Tablet,60,50,2492.63,49.85,0.83,"Aurobindo Unit III, India",False,35.0,0.0,2.56
6288,77068,116-ZA-T30,FPQ-13973,SCMS-238556,ASN-31854,South Africa,PMO - US,Direct Drop,DDP,Truck,2014-04-30,2015-04-28,2015-04-28,2015-04-28,2015-04-28,ARV,Adult,PHARMACY DIRECT,"Lamivudine/Zidovudine 150/300mg, tablets, 60 Tabs",Lamivudine/Zidovudine,Generic,150/300mg,Tablet - FDC,60,7,218.34,31.19,0.52,"Aurobindo Unit III, India",False,668.5,0.0,0.22
6289,77070,116-ZA-T30,FPQ-13973,SCMS-238552,ASN-27608,South Africa,PMO - US,Direct Drop,DDP,Truck,2014-04-30,2014-08-05,2014-08-05,2014-08-05,2014-08-05,ARV,Adult,PHARMACY DIRECT,"Raltegravir 400mg [Isentress], tablets, 60 Tabs",Raltegravir,Isentress,400mg,Tablet,60,6,479.95,79.99,1.33,"MSD, Haarlem, NL",False,9.0,0.0,0.49
6290,77082,106-HT-T30,FPQ-13494,SCMS-225413,ASN-28731,Haiti,PMO - US,Direct Drop,EXW,Air,2014-01-21,2014-02-19,2014-11-06,2014-11-06,2014-11-19,HRDT,HIV test,"Orgenics, Ltd","HIV 1/2, Determine Complete HIV Kit, 100 Tests","HIV 1/2, Determine Complete HIV Kit",Determine,no_dosage,Test kit,100,4000,400000.0,100.0,1.0,"Alere Medical Co., Ltd.",True,1624.0,14758.34,411.2
6291,77090,105-SS-T30,FPQ-15569,SCMS-272170,ASN-32109,South Sudan,PMO - US,Direct Drop,EXW,Air,2014-12-29,2015-02-20,2015-07-02,2015-07-07,2015-07-07,HRDT,HIV test,"Orgenics, Ltd","HIV 1/2, Determine Complete HIV Kit, 100 Tests","HIV 1/2, Determine Complete HIV Kit",Determine,no_dosage,Test kit,100,90,8010.0,89.0,0.89,"Alere Medical Co., Ltd.",False,39.0,2575.925,9.43
6292,77092,116-ZA-T30,FPQ-11828,SCMS-183970,ASN-19157,South Africa,South Africa Field Office,Direct Drop,DDP,Truck,2013-03-18,2012-10-12,2013-04-12,2013-04-12,2013-04-12,ARV,Pediatric,S. BUYS WHOLESALER,"Lopinavir/Ritonavir 80/20mg/ml [Kaletra], oral solution, cool, Bottle 5 x 60 ml",Lopinavir/Ritonavir,Kaletra,80/20mg/ml,Oral solution,300,2,49.99,25.0,0.08,ABBVIE (Abbott) Logis. UK,False,1.0,0.0,0.06
6293,77103,161-ZA-T30,FPQ-7175,SCMS-103460,ASN-11047,South Africa,PMO - US,Direct Drop,DDP,Ocean,2011-03-10,2011-03-24,2011-09-02,2011-09-02,2011-09-02,ARV,Adult,Aurobindo Pharma Limited,"Zidovudine 300mg, tablets, 60 Tabs",Zidovudine,Generic,300mg,Tablet,60,33207,242411.1,7.3,0.12,"Aurobindo Unit III, India",True,1720.0,3787.71,399.98
6294,77113,104-CI-T30,FPQ-15251,SCMS-263380,ASN-30907,Côte d'Ivoire,PMO - US,Direct Drop,EXW,Air,2014-10-22,2014-12-10,2015-04-09,2015-04-09,2015-04-10,HRDT,HIV test,"CHEMBIO DIAGNOSTIC SYSTEMS, INC.","HIV 1/2, Stat-Pak HIV, Kit, 20 Tests","HIV 1/2, Stat-Pak HIV, Kit",Stat-Pak,no_dosage,Test kit,20,1230,38130.0,31.0,1.55,Chembio Diagnostics Sys. Inc.,True,357.0,5640.23,44.88
6295,77136,109-TZ-T30,FPQ-12050,SCMS-186900,ASN-19907,Tanzania,PMO - US,Direct Drop,FCA,Air,2013-04-12,2013-05-08,2013-08-01,2013-08-01,2013-08-01,ARV,Pediatric,ABBVIE LOGISTICS (FORMERLY ABBOTT LOGISTICS BV),"Lopinavir/Ritonavir 80/20mg/ml [Kaletra], oral solution, cool, Bottle 5 x 60 ml",Lopinavir/Ritonavir,Kaletra,80/20mg/ml,Oral solution,300,435,13406.7,30.82,0.1,ABBVIE (Abbott) Logis. UK,True,470.0,4267.13,16.58
6296,77138,116-ZA-T30,FPQ-3596,SCMS-50360,ASN-5454,South Africa,PMO - US,Direct Drop,DDP,Truck,2009-05-07,2009-09-22,2009-10-27,2009-10-27,2009-10-27,ARV,Adult,S. BUYS WHOLESALER,"Efavirenz 600mg, tablets, 30 Tabs",Efavirenz,Generic,600mg,Tablet,30,1000,16453.48,16.45,0.55,"Aurobindo Unit III, India",False,132.0,0.0,32.25
6297,77152,108-VN-T30,FPQ-5094,SCMS-68600,ASN-7405,Vietnam,PMO - US,Direct Drop,EXW,Air,2010-03-15,2010-03-24,2010-07-22,2010-07-22,2010-07-22,ARV,Adult,MYLAN LABORATORIES LTD (FORMERLY MATRIX LABORATORIES),"Efavirenz 600mg, tablets, 30 Tabs",Efavirenz,Generic,600mg,Tablet,30,31579,135789.7,4.3,0.14,Mylan (formerly Matrix) Nashik,True,2585.0,11617.57,292.76
6298,77181,114-UG-T30,FPQ-11153,SCMS-171920,ASN-18279,Uganda,PMO - US,Direct Drop,EXW,Air,2012-12-13,2013-01-11,2013-03-05,2013-03-05,2013-03-05,ARV,Pediatric,Aurobindo Pharma Limited,"Efavirenz 50mg, capsule, 30 Caps",Efavirenz,Generic,50mg,Capsule,30,196,439.04,2.24,0.07,"Aurobindo Unit III, India",True,12.0,917.35,0.54
6299,77268,117-ET-T30,FPQ-9098,SCMS-133550,ASN-14780,Ethiopia,PMO - US,Direct Drop,EXW,Air,2012-01-10,2012-01-23,2012-05-08,2012-05-08,2012-05-08,HRDT,HIV test,"CHEMBIO DIAGNOSTIC SYSTEMS, INC.","HIV 1/2, Stat-Pak HIV, Kit, 20 Tests","HIV 1/2, Stat-Pak HIV, Kit",Stat-Pak,no_dosage,Test kit,20,340,9860.0,29.0,1.45,Chembio Diagnostics Sys. Inc.,True,151.0,4672.77,13.82
6300,77293,161-ZA-T30,FPQ-5303,SCMS-68990,ASN-7050,South Africa,PMO - US,Direct Drop,DDP,Air,2010-03-18,2010-03-19,2010-06-09,2010-06-09,2010-06-09,ARV,Pediatric,Aurobindo Pharma Limited,"Nevirapine 10mg/ml, oral suspension w/syringe, Bottle, 240 ml",Nevirapine,Generic,10mg/ml,Oral suspension,240,10000,31500.0,3.15,0.01,"Aurobindo Unit III, India",True,3869.0,4088.43,67.91
6301,77296,107-RW-T30,FPQ-3859,SCMS-48931,ASN-6763,Rwanda,PMO - US,Direct Drop,CIP,Air,2009-06-30,2010-03-07,2010-04-29,2010-04-29,2010-04-29,ARV,Adult,Aurobindo Pharma Limited,"Lopinavir/Ritonavir 200/50mg, tablets, 120 Tabs",Lopinavir/Ritonavir,Generic,200/50mg,Tablet,120,4240,158406.4,37.36,0.31,"Aurobindo Unit III, India",True,1048.0,14256.58,310.48
6302,77309,102-SD-T30,FPQ-8261,SCMS-120443,ASN-12835,Sudan,PMO - US,Direct Drop,EXW,Air,2011-08-29,2011-09-14,2012-01-06,2012-01-06,2012-01-06,HRDT,HIV test,"Orgenics, Ltd","HIV 1/2, Determine Complete HIV Kit, 100 Tests","HIV 1/2, Determine Complete HIV Kit",Determine,no_dosage,Test kit,100,22,1958.0,89.0,0.89,"Alere Medical Co., Ltd.",True,11.0,978.41,3.23
6303,77310,108-VN-T30,FPQ-7898,SCMS-113620,ASN-13101,Vietnam,PMO - US,Direct Drop,EXW,Air,2011-06-27,2011-07-08,2011-12-22,2011-12-22,2011-12-22,ARV,Adult,STRIDES ARCOLAB LIMITED,"Lamivudine/Nevirapine/Zidovudine 150/200/300mg, tablets, 60 Tabs",Lamivudine/Nevirapine/Zidovudine,Generic,150/300/200mg,Tablet - FDC,60,20970,222282.0,10.6,0.18,"Strides, Bangalore, India.",True,2447.0,2673.82,366.77
6304,77324,107-RW-T30,FPQ-4047,SCMS-50810,ASN-5740,Rwanda,PMO - US,Direct Drop,CIP,Air,2009-07-28,2009-08-18,2010-01-04,2010-01-04,2010-01-04,ARV,Adult,HETERO LABS LIMITED,"Lamivudine 150mg, tablets, 60 Tabs",Lamivudine,Generic,150mg,Tablet,60,10350,26806.5,2.59,0.04,Hetero Unit III Hyderabad IN,True,582.0,2990.64,52.54
6305,77413,110-ZM-T30,FPQ-14151,SCMS-239790,ASN-26472,Zambia,PMO - US,Direct Drop,EXW,Air,2014-04-30,2014-05-21,2014-07-20,2014-07-20,2014-08-01,ARV,Adult,Aurobindo Pharma Limited,"Nevirapine 200mg, tablets, 60 Tabs",Nevirapine,Generic,200mg,Tablet,60,34165,76871.25,2.25,0.04,"Aurobindo Unit III, India",True,3503.0,19461.76,79.02
6306,77420,102-BI-T30,FPQ-11512,SCMS-176890,ASN-18723,Burundi,PMO - US,Direct Drop,EXW,Air,2013-01-29,2013-02-14,2013-04-03,2013-04-03,2013-04-03,HRDT,HIV test,"CHEMBIO DIAGNOSTIC SYSTEMS, INC.","HIV 1/2, Stat-Pak Dipstick Assay Kit, 30 Tests","HIV 1/2, Stat-Pak Dipstick Assay Kit",Stat-Pak,no_dosage,Test kit,30,514,14186.4,27.6,0.92,Chembio Diagnostics Sys. Inc.,True,55.0,758.65,17.55
6307,77464,108-VN-T30,FPQ-13524,SCMS-226220,ASN-26923,Vietnam,PMO - US,Direct Drop,EXW,Air,2014-02-06,2014-03-10,2014-07-29,2014-07-29,2014-08-06,ARV,Adult,HETERO LABS LIMITED,"Efavirenz/Lamivudine/Tenofovir Disoproxil Fumarate 600/300/300mg, tablets, 30 Tabs",Efavirenz/Lamivudine/Tenofovir Disoproxil Fumarate,Generic,600/300/300mg,Tablet - FDC,30,7248,76104.0,10.5,0.35,Hetero Unit III Hyderabad IN,False,668.5,4400.805,78.23
6308,77480,116-ZA-T30,FPQ-12522,SCMS-199289,ASN-28034,South Africa,PMO - US,Direct Drop,DDP,Truck,2013-07-11,2014-08-29,2014-08-29,2014-08-29,2014-08-29,ARV,Pediatric,S. BUYS WHOLESALER,"Efavirenz 200mg, capsule, 90 Caps",Efavirenz,Generic,200mg,Capsule,90,57,1483.72,26.03,0.29,"Aurobindo Unit III, India",False,668.5,0.0,1.84
6309,77494,114-UG-T30,FPQ-12477,SCMS-198721,ASN-22001,Uganda,PMO - US,Direct Drop,EXW,Ocean,2013-07-08,2013-08-27,2013-12-18,2013-12-18,2013-12-20,ARV,Adult,MYLAN LABORATORIES LTD (FORMERLY MATRIX LABORATORIES),"Lamivudine/Zidovudine 150/300mg, tablets, 60 Tabs",Lamivudine/Zidovudine,Generic,150/300mg,Tablet - FDC,60,9888,64173.12,6.49,0.11,Mylan (formerly Matrix) Nashik,True,858.0,10833.06,79.38
6310,77509,161-ZA-T30,FPQ-7400,SCMS-104230,ASN-11476,South Africa,PMO - US,Direct Drop,DDP,Ocean,2011-03-11,2011-03-30,2011-09-23,2011-09-23,2011-09-23,ARV,Pediatric,GLAXOSMITHKLINE EXPORT LIMITED,"Abacavir 20mg/ml [Ziagen], oral solution, Bottle, 240 ml",Abacavir,Ziagen,20mg/ml,Oral solution,240,20000,185600.0,9.28,0.04,GSK Mississauga (Canada),True,7670.0,7175.68,306.24
6311,77517,105-SS-T30,FPQ-15569,SCMS-272140,ASN-31129,South Sudan,PMO - US,Direct Drop,EXW,Air,2014-12-29,2015-02-20,2015-05-08,2015-05-08,2015-05-11,HRDT,HIV test,"Trinity Biotech, Plc","HIV 1/2, Uni-Gold HIV Kit, 20 Tests","HIV 1/2, Uni-Gold HIV Kit",Uni-Gold,no_dosage,Test kit,20,50,1600.0,32.0,1.6,"Trinity Biotech, Plc",False,18.0,2575.925,1.88
6312,77901,133-NG-T30,FPQ-10765,SCMS-162440,ASN-18172,Nigeria,PMO - US,Direct Drop,EXW,Air,2012-10-05,2012-10-16,2013-01-09,2013-02-21,2013-02-21,HRDT,HIV test,"Orgenics, Ltd","HIV 1/2, Determine Complete HIV Kit, 100 Tests","HIV 1/2, Determine Complete HIV Kit",Determine,no_dosage,Test kit,100,2744,244216.0,89.0,0.89,"Alere Medical Co., Ltd.",True,1235.0,88176.17,342.39
6313,77519,108-VN-T30,FPQ-4266,SCMS-56530,ASN-7262,Vietnam,PMO - US,Direct Drop,EXW,Air,2009-10-20,2009-11-09,2010-07-06,2010-07-06,2010-07-06,ARV,Adult,Aurobindo Pharma Limited,"Lamivudine/Zidovudine 150/300mg, tablets, 60 Tabs",Lamivudine/Zidovudine,Generic,150/300mg,Tablet - FDC,60,14952,128736.72,8.61,0.14,"Aurobindo Unit III, India",False,668.5,4400.805,252.32
6314,77546,106-HT-T30,FPQ-14083,SCMS-240190,ASN-26906,Haiti,PMO - US,Direct Drop,EXW,Ocean,2014-05-11,2014-06-02,2014-10-20,2014-10-20,2014-10-24,ARV,Pediatric,Aurobindo Pharma Limited,"Lamivudine 10mg/ml, oral solution, Bottle, 240 ml",Lamivudine,Generic,10mg/ml,Oral solution,240,1650,2359.5,1.43,0.01,"Aurobindo Unit III, India",False,197.0,7785.125,2.43
6315,77547,105-SS-T30,FPQ-15569,SCMS-272160,ASN-31331,South Sudan,PMO - US,Direct Drop,EXW,Air,2014-12-29,2015-02-20,2015-06-03,2015-06-03,2015-06-05,HRDT,HIV test - Ancillary,"Orgenics, Ltd","Capillary Tubes, for Determine, EDTA, 50uL,100 Pcs","HIV, Capillary Tubes, for Determine, EDTA, 50uL,100 Pcs",Determine,no_dosage,Test kit - Ancillary,100,50,400.0,8.0,0.08,"Alere Medical Co., Ltd.",False,18.0,2575.925,0.47
6316,77552,133-NG-T30,FPQ-12456,SCMS-196561,ASN-22172,Nigeria,PMO - US,Direct Drop,EXW,Air,2013-06-10,2013-07-10,2013-11-07,2013-11-07,2013-11-17,HRDT,HIV test,"Orgenics, Ltd","HIV 1/2, Determine Complete HIV Kit, 100 Tests","HIV 1/2, Determine Complete HIV Kit",Determine,no_dosage,Test kit,100,3036,270204.0,89.0,0.89,"Alere Medical Co., Ltd.",True,1233.0,20602.3,334.24
6317,77565,900-CM-T30,FPQ-10654,SCMS-161720,ASN-17261,Cameroon,PMO - US,Direct Drop,EXW,Air,2012-09-20,2012-10-08,2012-12-19,2012-12-19,2012-12-19,ARV,Adult,MYLAN LABORATORIES LTD (FORMERLY MATRIX LABORATORIES),"Efavirenz/Lamivudine/Tenofovir Disoproxil Fumarate 600/300/300mg, tablets, 30 Tabs",Efavirenz/Lamivudine/Tenofovir Disoproxil Fumarate,Generic,600/300/300mg,Tablet - FDC,30,26204,314185.96,11.99,0.4,Mylan (formerly Matrix) Nashik,True,3176.0,27939.91,440.49
6318,77606,101-CD-T30,FPQ-12093,SCMS-189060,ASN-20772,"Congo, DRC",PMO - US,Direct Drop,FCA,Air,2013-04-23,2013-05-23,2013-11-20,2013-11-20,2013-11-26,ARV,Pediatric,ABBVIE LOGISTICS (FORMERLY ABBOTT LOGISTICS BV),"Lopinavir/Ritonavir 80/20mg/ml [Kaletra], oral solution, cool, Bottle 5 x 60 ml",Lopinavir/Ritonavir,Kaletra,80/20mg/ml,Oral solution,300,10,308.2,30.82,0.1,ABBVIE (Abbott) Logis. UK,True,38.0,1573.41,0.38
6319,77610,116-ZA-T30,FPQ-4054,SCMS-51250,ASN-5056,South Africa,PMO - US,Direct Drop,DDP,Truck,2009-07-29,2009-08-07,2009-08-24,2009-08-24,2009-08-24,ARV,Adult,S. BUYS WHOLESALER,"Efavirenz 600mg, tablets, 30 Tabs",Efavirenz,Generic,600mg,Tablet,30,560,10506.86,18.76,0.63,"Cipla, Goa, India",False,75.0,0.0,20.59
6320,77651,108-VN-T30,FPQ-4098,SCMS-51750,ASN-5059,Vietnam,PMO - US,Direct Drop,EXW,Air,2009-08-12,2009-08-14,2009-10-27,2009-10-27,2009-10-27,ARV,Adult,CIPLA LIMITED,"Lamivudine/Nevirapine/Stavudine 150/200/30mg, tablets, 60 Tabs",Lamivudine/Nevirapine/Stavudine,Generic,150/200/30mg,Tablet - FDC,60,23040,146995.2,6.38,0.11,"Cipla, Goa, India",True,9.0,4620.03,288.11
6321,77659,116-ZA-T30,FPQ-14942,SCMS-259075,ASN-32138,South Africa,PMO - US,Direct Drop,DDP,Truck,2014-09-11,2015-05-11,2015-05-12,2015-05-12,2015-05-12,ARV,Adult,PHARMACY DIRECT,"Efavirenz 600mg, tablets, 30 Tabs",Efavirenz,Generic,600mg,Tablet,30,3,33.81,11.27,0.38,"Aurobindo Unit III, India",False,1.0,0.0,0.03
6322,77671,901-GH-T30,FPQ-14101,SCMS-245400,ASN-29127,Ghana,PMO - US,Direct Drop,EXW,Air,2014-04-30,2014-07-08,2014-12-24,2014-12-24,2015-01-02,ARV,Pediatric,Aurobindo Pharma Limited,"Lamivudine 10mg/ml, oral solution, Bottle, 240 ml",Lamivudine,Generic,10mg/ml,Oral solution,240,11730,16773.9,1.43,0.01,"Aurobindo Unit III, India",True,4673.0,22212.75,17.24
6323,77677,109-TZ-T30,FPQ-13803,SCMS-231060,ASN-25337,Tanzania,PMO - US,Direct Drop,EXW,Air,2014-02-28,2014-03-07,2014-06-24,2014-06-24,2014-06-24,ARV,Adult,MYLAN LABORATORIES LTD (FORMERLY MATRIX LABORATORIES),"Emtricitabine/Tenofovir Disoproxil Fumarate 200/300mg, tablets, 30 Tabs",Emtricitabine/Tenofovir Disoproxil Fumarate,Generic,200/300mg,Tablet - FDC,30,5000,28700.0,5.74,0.19,Mylan (formerly Matrix) Nashik,True,449.0,2865.22,29.5
6324,77712,109-TZ-T30,FPQ-6925,SCMS-97140,ASN-10066,Tanzania,PMO - US,Direct Drop,EXW,Air,2010-12-27,2011-02-02,2011-04-14,2011-04-14,2011-04-14,HRDT,HIV test,"Orgenics, Ltd","HIV 1/2, Determine Complete HIV Kit, 100 Tests","HIV 1/2, Determine Complete HIV Kit",Determine,no_dosage,Test kit,100,30,2400.0,80.0,0.8,Inverness Japan,True,14.0,1489.33,3.96
6325,77735,104-CI-T30,FPQ-12806,SCMS-206590,ASN-24449,Côte d'Ivoire,PMO - US,Direct Drop,EXW,Air,2013-08-09,2013-09-16,2014-03-03,2014-03-03,2014-03-26,ARV,Adult,MYLAN LABORATORIES LTD (FORMERLY MATRIX LABORATORIES),"Atazanavir/Ritonavir 300/100mg, tablets, 30 Tabs",Atazanavir/Ritonavir,Generic,300/100mg,Tablet,30,2100,42000.0,20.0,0.67,Mylan (formerly Matrix) Nashik,True,293.0,3169.34,51.95
6326,77737,107-RW-T30,FPQ-9270,SCMS-136330,ASN-13764,Rwanda,PMO - US,Direct Drop,EXW,Air,2012-01-27,2012-01-31,2012-02-25,2012-02-25,2012-02-25,HRDT,HIV test,"Trinity Biotech, Plc","HIV 1/2, Uni-Gold HIV Kit, 20 Tests","HIV 1/2, Uni-Gold HIV Kit",Uni-Gold,no_dosage,Test kit,20,1460,46720.0,32.0,1.6,"Trinity Biotech, Plc",True,613.0,5405.42,65.5
6327,77750,103-ZW-T30,FPQ-9905,SCMS-148290,ASN-16913,Zimbabwe,PMO - US,Direct Drop,FCA,Air,2012-05-29,2012-07-18,2012-11-08,2012-11-22,2012-11-22,ARV,Pediatric,ABBVIE LOGISTICS (FORMERLY ABBOTT LOGISTICS BV),"Lopinavir/Ritonavir 80/20mg/ml [Kaletra], oral solution, cool, Bottle 5 x 60 ml",Lopinavir/Ritonavir,Kaletra,80/20mg/ml,Oral solution,300,1364,42038.48,30.82,0.1,ABBVIE (Abbott) Logis. UK,True,1309.0,15578.89,58.94
6328,77751,103-SS-T30,FPQ-14411,SCMS-244550,ASN-26903,South Sudan,PMO - US,Direct Drop,EXW,Air,2014-06-09,2014-06-19,2014-09-29,2014-09-29,2014-10-03,ARV,Pediatric,Aurobindo Pharma Limited,"Nevirapine 50mg, dispersible tablets (tablets for oral suspension), 30 Tabs",Nevirapine,Generic,50mg,Chewable/dispersible tablet,30,2538,3172.5,1.25,0.04,"Aurobindo Unit III, India",True,165.0,1960.89,3.26
6329,77772,114-UG-T30,FPQ-5277,SCMS-68320,ASN-6788,Uganda,PMO - US,Direct Drop,FCA,Air,2010-03-12,2010-03-18,2010-05-12,2010-05-12,2010-05-12,ARV,Adult,ABBVIE LOGISTICS (FORMERLY ABBOTT LOGISTICS BV),"Lopinavir/Ritonavir 200/50mg [Aluvia], tablets, 120 Tabs",Lopinavir/Ritonavir,Aluvia,200/50mg,Tablet,120,160,5785.6,36.16,0.3,ABBVIE Ludwigshafen Germany,True,47.0,1238.94,12.47
6330,77780,114-UG-T30,FPQ-9365,SCMS-142230,ASN-14835,Uganda,PMO - US,Direct Drop,CIP,Air,2012-03-15,2012-04-04,2012-05-21,2012-05-21,2012-05-21,ARV,Adult,MERCK SHARP & DOHME IDEA GMBH (FORMALLY MERCK SHARP & DOHME B.V.),"Raltegravir 400mg [Isentress], tablets, 60 Tabs",Raltegravir,Isentress,400mg,Tablet,60,168,9324.0,55.5,0.92,"MSD, Haarlem, NL",True,35.0,886.0,13.07
6331,77781,116-ZA-T30,FPQ-5535,SCMS-71370,ASN-7373,South Africa,PMO - US,Direct Drop,DDP,Truck,2010-04-19,2010-04-21,2010-05-31,2010-05-31,2010-05-31,ARV,Adult,S. BUYS WHOLESALER,"Lopinavir/Ritonavir 200/50mg [Aluvia], tablets, 120 Tabs",Lopinavir/Ritonavir,Aluvia,200/50mg,Tablet,120,300,12447.35,41.49,0.35,ABBVIE Ludwigshafen Germany,False,42.0,0.0,26.84
6332,77782,144-BW-T30,FPQ-4167,SCMS-54180,ASN-7168,Botswana,PMO - US,Direct Drop,EXW,Air,2009-09-09,2009-09-30,2010-06-30,2010-06-30,2010-06-30,HRDT,HIV test - Ancillary,Orasure Technologies Inc.,"#109435**HIV, OraQuick Controls Kit, 3 Vials","HIV, OraQuick Controls Kit, 3 Vials",OraQuick,no_dosage,Test kit - Ancillary,3,10,250.0,25.0,8.33,"Orasure Technologies, Inc USA",True,6.0,418.94,0.49
6333,77910,116-ZA-T30,FPQ-13035,SCMS-215370,ASN-24415,South Africa,PMO - US,Direct Drop,DDP,Truck,2013-10-08,2013-12-02,2014-02-06,2014-02-06,2014-02-06,ARV,Adult,S. BUYS WHOLESALER,"Lamivudine/Zidovudine 150/300mg, tablets, 60 Tabs",Lamivudine/Zidovudine,Generic,150/300mg,Tablet - FDC,60,259,7677.85,29.64,0.49,"Cipla, Goa, India",False,43.0,0.0,9.5
6334,77925,116-ZA-T30,FPQ-12522,SCMS-199289,ASN-28034,South Africa,PMO - US,Direct Drop,DDP,Truck,2013-07-11,2014-08-29,2014-08-29,2014-08-29,2014-08-29,ARV,Adult,S. BUYS WHOLESALER,"Tenofovir Disoproxil Fumarate 300mg, tablets, 30 Tabs",Tenofovir Disoproxil Fumarate,Generic,300mg,Tablet,30,472,9824.7,20.82,0.69,Hetero Unit III Hyderabad IN,False,668.5,0.0,12.15
6335,77926,116-ZA-T30,FPQ-13214,SCMS-215410,ASN-23875,South Africa,PMO - US,Direct Drop,DDP,Truck,2013-11-14,2013-12-02,2014-01-13,2014-01-13,2014-01-13,ARV,Pediatric,S. BUYS WHOLESALER,"Efavirenz 50mg, capsule, 30 Caps",Efavirenz,Generic,50mg,Capsule,30,28,78.79,2.81,0.09,"Aurobindo Unit III, India",False,7.0,0.0,0.08
6336,77936,116-ZA-T30,FPQ-11828,SCMS-183950,ASN-19166,South Africa,South Africa Field Office,Direct Drop,DDP,Truck,2013-03-18,2012-10-16,2013-04-16,2013-04-16,2013-04-16,ARV,Adult,S. BUYS WHOLESALER,"Zidovudine 300mg, tablets, 60 Tabs",Zidovudine,Generic,300mg,Tablet,60,13,328.17,25.24,0.42,"Aurobindo Unit III, India",False,668.5,0.0,0.41
6337,77941,101-CD-T30,FPQ-12093,SCMS-189060,ASN-20768,"Congo, DRC",PMO - US,Direct Drop,FCA,Air,2013-04-23,2013-05-23,2013-11-20,2013-11-20,2013-11-22,ARV,Pediatric,ABBVIE LOGISTICS (FORMERLY ABBOTT LOGISTICS BV),"Lopinavir/Ritonavir 80/20mg/ml [Kaletra], oral solution, cool, Bottle 5 x 60 ml",Lopinavir/Ritonavir,Kaletra,80/20mg/ml,Oral solution,300,60,1849.2,30.82,0.1,ABBVIE (Abbott) Logis. UK,True,103.0,1573.41,2.29
6338,77952,107-RW-T30,FPQ-13874,SCMS-232310,ASN-25541,Rwanda,PMO - US,Direct Drop,EXW,Air,2014-03-12,2014-04-03,2014-04-28,2014-04-28,2014-04-28,HRDT,HIV test,"SHANGHAI KEHUA BIOENGINEERING CO.,LTD.  (KHB)","HIV 1/2, SKB Colloidal Gold, Diagnostic Kit, Antibody, 50 Tests","HIV 1/2, Colloidal Gold, Diagnostic Kit, Antibody",Colloidal Gold,no_dosage,Test kit,1,5994,146853.0,24.5,24.5,"KHB Test Kit Facility, Shanghai China",True,3996.0,53102.22,150.96
6339,77964,133-NG-T30,FPQ-4891,SCMS-64780,ASN-6978,Nigeria,PMO - US,Direct Drop,EXW,Air,2010-01-15,2010-02-05,2010-05-05,2010-06-18,2010-06-18,HRDT,HIV test,"Orgenics, Ltd","HIV 1/2, Determine Complete HIV Kit, 100 Tests","HIV 1/2, Determine Complete HIV Kit",Determine,no_dosage,Test kit,100,2334,186720.0,80.0,0.8,Inverness Japan,True,1130.0,21654.06,402.57
6340,78026,108-VN-T30,FPQ-13524,SCMS-226260,ASN-26929,Vietnam,PMO - US,Direct Drop,EXW,Air,2014-02-06,2014-03-10,2014-08-13,2014-07-30,2014-08-01,ARV,Adult,HETERO LABS LIMITED,"Efavirenz/Lamivudine/Tenofovir Disoproxil Fumarate 600/300/300mg, tablets, 30 Tabs",Efavirenz/Lamivudine/Tenofovir Disoproxil Fumarate,Generic,600/300/300mg,Tablet - FDC,30,22752,238896.0,10.5,0.35,Hetero Unit III Hyderabad IN,True,3138.0,4964.6,245.59
6341,78050,104-CI-T30,FPQ-4509,SCMS-56640,ASN-6775,Côte d'Ivoire,PMO - US,Direct Drop,CIP,Air,2009-10-29,2009-11-09,2010-05-07,2010-05-07,2010-05-07,ARV,Pediatric,BRISTOL-MYERS SQUIBB,"Didanosine 50mg [Videx], chewable tablets, 60 Tabs",Didanosine,Videx,50mg,Chewable/dispersible tablet,60,1888,17936.0,9.5,0.16,"BMS Meymac, France",True,368.0,824.37,38.67
6342,78071,108-VN-T30,FPQ-5065,SCMS-65030,ASN-6208,Vietnam,PMO - US,Direct Drop,EXW,Air,2010-02-10,2010-02-10,2010-03-26,2010-03-26,2010-03-26,ARV,Adult,Aurobindo Pharma Limited,"Didanosine 250mg, delayed-release capsules, 30 Caps",Didanosine,Generic,250mg,Delayed-release capsules,30,252,3276.0,13.0,0.43,"Aurobindo Unit III, India",True,17.0,436.62,7.06
6343,78087,103-CM-T30,FPQ-8396,SCMS-122250,ASN-12401,Cameroon,PMO - US,Direct Drop,EXW,Air,2011-09-13,2011-09-21,2011-10-28,2011-10-28,2011-10-28,HRDT,HIV test,Orasure Technologies Inc.,"HIV 1/2, OraQuick Advance HIV Rapid Antibody Kit, 100 Tests","HIV 1/2, OraQuick Advance HIV Rapid Antibody Kit",OraQuick,no_dosage,Test kit,100,20,7000.0,350.0,3.5,"Pacific Biotech, Thailand",True,48.0,1222.56,11.55
6344,78090,161-ZA-T30,FPQ-6262,SCMS-83790,ASN-9182,South Africa,PMO - US,Direct Drop,DDP,Ocean,2010-08-31,2010-09-24,2010-12-31,2010-12-31,2010-12-31,ARV,Pediatric,Aurobindo Pharma Limited,"Efavirenz 50mg, capsule, 30 Caps",Efavirenz,Generic,50mg,Capsule,30,22920,54778.8,2.39,0.08,"Aurobindo Unit III, India",True,1291.0,4429.37,118.1
6345,78096,103-CM-T30,FPQ-10128,SCMS-151610,ASN-16495,Cameroon,PMO - US,Direct Drop,EXW,Air,2012-06-22,2012-07-16,2012-10-04,2012-10-04,2012-10-04,HRDT,HIV test,HUMAN GMBH,"HIV 1/2, HEXAGON Rapid HIV Kit, 100 Tests","HIV 1/2, HEXAGON Rapid HIV Kit",Hexagon,no_dosage,Test kit,100,30,3347.4,111.58,1.12,Human Diagnostic,True,59.0,27460.25,4.69
6346,78103,103-ZW-T30,FPQ-13969,SCMS-239231,ASN-27940,Zimbabwe,PMO - US,Direct Drop,EXW,Ocean,2014-04-08,2014-06-20,2014-11-03,2014-11-03,2014-11-03,ARV,Pediatric,MYLAN LABORATORIES LTD (FORMERLY MATRIX LABORATORIES),"Lamivudine/Nevirapine/Zidovudine 30/50/60mg, dispersible tablets, 60 Tabs",Lamivudine/Nevirapine/Zidovudine,Generic,30/50/60mg,Chewable/dispersible tablet - FDC,60,204713,736966.8,3.6,0.06,Mylan (formerly Matrix) Nashik,True,11430.0,22059.25,757.6
6347,78116,108-VN-T30,FPQ-5094,SCMS-68490,ASN-7260,Vietnam,PMO - US,Direct Drop,EXW,Air,2010-03-15,2010-03-24,2010-07-01,2010-07-01,2010-07-01,ARV,Adult,STRIDES ARCOLAB LIMITED,"Lamivudine/Nevirapine/Zidovudine 150/200/300mg, tablets, 60 Tabs",Lamivudine/Nevirapine/Zidovudine,Generic,150/300/200mg,Tablet - FDC,60,24349,267839.0,11.0,0.18,"Strides, Bangalore, India.",True,2799.0,11838.56,577.46
6348,78120,108-VN-T30,FPQ-7427,SCMS-105500,ASN-12079,Vietnam,PMO - US,Direct Drop,EXW,Air,2011-03-31,2011-04-14,2011-10-19,2011-10-19,2011-10-19,ARV,Adult,HETERO LABS LIMITED,"Nevirapine 200mg, tablets, 60 Tabs",Nevirapine,Generic,200mg,Tablet,60,7000,17010.0,2.43,0.04,Hetero Unit III Hyderabad IN,True,512.0,6015.18,28.07
6349,78140,108-VN-T30,FPQ-9576,SCMS-145310,ASN-16124,Vietnam,PMO - US,Direct Drop,EXW,Air,2012-04-11,2012-06-11,2012-10-02,2012-10-02,2012-10-02,ARV,Adult,MYLAN LABORATORIES LTD (FORMERLY MATRIX LABORATORIES),"Lamivudine/Nevirapine/Zidovudine 150/200/300mg, tablets, 60 Tabs",Lamivudine/Nevirapine/Zidovudine,Generic,150/300/200mg,Tablet - FDC,60,2335,21832.25,9.35,0.16,Mylan (formerly Matrix) Nashik,False,4880.0,4400.805,30.61
6350,78150,103-ML-T30,FPQ-15006,SCMS-260720,ASN-31432,Mali,PMO - US,Direct Drop,CIP,Air,2014-10-07,2014-11-18,2015-05-20,2015-05-20,2015-07-16,HRDT,HIV test - Ancillary,Orasure Technologies Inc.,"HIV, OraQuick Controls Kit, 3 Vials","HIV, OraQuick Controls Kit, 3 Vials",OraQuick,no_dosage,Test kit - Ancillary,1,33,825.0,25.0,25.0,"Orasure Technologies, Inc USA",True,8.0,0.0,0.85
6351,78152,108-VN-T30,FPQ-9001,SCMS-131700,ASN-14757,Vietnam,PMO - US,Direct Drop,EXW,Air,2011-12-15,2012-01-16,2012-05-15,2012-05-15,2012-05-15,ARV,Adult,MYLAN LABORATORIES LTD (FORMERLY MATRIX LABORATORIES),"Efavirenz/Lamivudine/Tenofovir Disoproxil Fumarate 600/300/300mg, tablets, 30 Tabs",Efavirenz/Lamivudine/Tenofovir Disoproxil Fumarate,Generic,600/300/300mg,Tablet - FDC,30,27608,389272.8,14.1,0.47,Mylan (formerly Matrix) Nashik,False,668.5,4400.805,545.76
6352,78184,108-VN-T30,FPQ-7427,SCMS-105540,ASN-11855,Vietnam,PMO - US,Direct Drop,EXW,Air,2011-03-31,2011-04-14,2011-09-21,2011-09-21,2011-09-21,ARV,Adult,HETERO LABS LIMITED,"Lamivudine/Zidovudine 150/300mg, tablets, 60 Tabs",Lamivudine/Zidovudine,Generic,150/300mg,Tablet - FDC,60,9751,79958.2,8.2,0.14,Hetero Unit III Hyderabad IN,False,668.5,4400.805,131.93
6353,78198,104-CI-T30,FPQ-12714,SCMS-204990,ASN-22826,Côte d'Ivoire,PMO - US,Direct Drop,FCA,Air,2013-07-30,2013-09-02,2013-11-29,2013-11-29,2013-12-02,ARV,Adult,ABBVIE LOGISTICS (FORMERLY ABBOTT LOGISTICS BV),"Ritonavir 100mg [Norvir], film coated tablets, 60 Tabs",Ritonavir,Norvir,100mg,Tablet,60,3000,20550.0,6.85,0.11,ABBVIE Ludwigshafen Germany,True,387.0,6020.48,25.42
6354,78201,161-ZA-T30,FPQ-5303,SCMS-68980,ASN-7688,South Africa,PMO - US,Direct Drop,DDP,Air,2010-03-18,2010-03-19,2010-08-24,2010-09-20,2010-09-20,ARV,Adult,Aurobindo Pharma Limited,"Lamivudine 150mg, tablets, 60 Tabs",Lamivudine,Generic,150mg,Tablet,60,16999,43007.47,2.53,0.04,"Aurobindo Unit III, India",True,912.0,1791.42,92.72
6355,78220,116-ZA-T30,FPQ-12522,SCMS-199289,ASN-28034,South Africa,PMO - US,Direct Drop,DDP,Truck,2013-07-11,2014-08-29,2014-08-29,2014-08-29,2014-08-29,ARV,Adult,S. BUYS WHOLESALER,"Lamivudine/Zidovudine 150/300mg, tablets, 60 Tabs",Lamivudine/Zidovudine,Generic,150/300mg,Tablet - FDC,60,239,7826.72,32.75,0.55,Hetero Unit III Hyderabad IN,False,668.5,0.0,9.68
6356,78244,116-ZA-T30,FPQ-11828,SCMS-183950,ASN-19166,South Africa,South Africa Field Office,Direct Drop,DDP,Truck,2013-03-18,2012-10-16,2013-04-16,2013-04-16,2013-04-16,ARV,Adult,S. BUYS WHOLESALER,"Stavudine 30mg, capsules, 60 Caps",Stavudine,Generic,30mg,Capsule,60,337,1357.12,4.03,0.07,"Aurobindo Unit III, India",False,55.0,0.0,1.68
6357,78261,900-UG-T30,FPQ-10089,SCMS-149400,ASN-15431,Uganda,PMO - US,Direct Drop,EXW,Air,2012-06-07,2012-06-12,2012-07-18,2012-07-18,2012-07-18,ARV,Adult,Aurobindo Pharma Limited,"Lopinavir/Ritonavir 200/50mg, tablets, 120 Tabs",Lopinavir/Ritonavir,Generic,200/50mg,Tablet,120,15321,390685.5,25.5,0.21,"Aurobindo Unit III, India",True,3888.0,17405.65,547.74
6358,78290,104-CI-T30,FPQ-9823,SCMS-147570,ASN-16723,Côte d'Ivoire,PMO - US,Direct Drop,EXW,Air,2012-05-04,2012-06-13,2012-10-30,2012-10-30,2012-10-30,HRDT,HIV test,"Orgenics, Ltd","HIV 1/2, Determine Complete HIV Kit, 100 Tests","HIV 1/2, Determine Complete HIV Kit",Determine,no_dosage,Test kit,100,3100,248000.0,80.0,0.8,"Alere Medical Co., Ltd.",True,1473.0,29742.64,347.7
6359,78301,116-ZA-T30,FPQ-12522,SCMS-199283,ASN-27980,South Africa,PMO - US,Direct Drop,DDP,Truck,2013-07-11,2014-08-27,2014-08-27,2014-08-27,2014-08-27,ARV,Adult,S. BUYS WHOLESALER,"Didanosine 400mg, delayed-release capsules, 30 Caps",Didanosine,Generic,400mg,Delayed-release capsules,30,7,153.07,21.87,0.73,"Aurobindo Unit III, India",False,668.5,0.0,0.19
6360,78303,104-CI-T30,FPQ-8327,SCMS-123880,ASN-14080,Côte d'Ivoire,PMO - US,Direct Drop,CIP,Air,2011-09-08,2011-09-30,2012-04-10,2012-04-10,2012-04-10,ARV,Pediatric,MERCK SHARP & DOHME IDEA GMBH (FORMALLY MERCK SHARP & DOHME B.V.),"Efavirenz 30mg/ml [Stocrin/Sustiva], oral solution, Bottle, 180 ml",Efavirenz,Stocrin/Sustiva,30mg/ml,Oral solution,180,2052,34801.92,16.96,0.09,"MSD, Haarlem, NL",True,605.0,1416.03,57.42
6361,78311,107-RW-T30,FPQ-10223,SCMS-152950,ASN-16590,Rwanda,PMO - US,Direct Drop,EXW,Air,2012-07-05,2012-07-16,2012-10-22,2012-10-22,2012-10-22,ARV,Adult,HETERO LABS LIMITED,"Lamivudine/Nevirapine/Stavudine 150/200/30mg, tablets, 60 Tabs",Lamivudine/Nevirapine/Stavudine,Generic,150/200/30mg,Tablet - FDC,60,40000,175600.0,4.39,0.07,Hetero Unit III Hyderabad IN,True,4479.0,36677.08,246.19
6362,78314,107-RW-T30,FPQ-5792,SCMS-75810,ASN-9743,Rwanda,PMO - US,Direct Drop,EXW,Air,2010-06-07,2010-07-21,2011-02-17,2011-02-17,2011-02-17,HRDT,HIV test,"Orgenics, Ltd","HIV 1/2, Determine HIV Kit, without Lancets, 100 Tests","HIV 1/2, Determine HIV Kit, without Lancets",Determine,no_dosage,Test kit,100,5000,388500.0,77.7,0.78,Inverness Japan,True,1134.0,15367.03,837.61
6363,78329,104-CI-T30,FPQ-9874,SCMS-147580,ASN-17837,Côte d'Ivoire,PMO - US,Direct Drop,EXW,Air,2012-05-11,2012-06-13,2013-02-20,2013-02-20,2013-02-20,HRDT,HIV test,"CHEMBIO DIAGNOSTIC SYSTEMS, INC.","HIV 1/2, Stat-Pak HIV, Kit, 20 Tests","HIV 1/2, Stat-Pak HIV, Kit",Stat-Pak,no_dosage,Test kit,20,2424,70296.0,29.0,1.45,Chembio Diagnostics Sys. Inc.,True,621.0,7811.66,98.55
6364,78340,108-VN-T30,FPQ-7469,SCMS-106490,ASN-11850,Vietnam,PMO - US,Direct Drop,FCA,Air,2011-03-31,2011-04-21,2011-09-23,2011-09-23,2011-09-23,ARV,Adult,ABBVIE LOGISTICS (FORMERLY ABBOTT LOGISTICS BV),"Lopinavir/Ritonavir 200/50mg [Aluvia], tablets, 120 Tabs",Lopinavir/Ritonavir,Aluvia,200/50mg,Tablet,120,1049,86227.8,82.2,0.68,ABBVIE Ludwigshafen Germany,True,264.0,5487.53,142.28
6365,78346,108-VN-T30,FPQ-5317,SCMS-69730,ASN-8448,Vietnam,PMO - US,Direct Drop,EXW,Air,2010-03-22,2010-03-29,2010-11-09,2010-11-09,2010-11-09,ARV,Adult,MYLAN LABORATORIES LTD (FORMERLY MATRIX LABORATORIES),"Efavirenz 600mg, tablets, 30 Tabs",Efavirenz,Generic,600mg,Tablet,30,48235,207410.5,4.3,0.14,Mylan (formerly Matrix) Nashik,True,3919.0,11372.45,447.18
6366,78361,106-HT-T30,FPQ-14314,SCMS-242450,ASN-29195,Haiti,PMO - US,Direct Drop,CIP,Air,2014-05-21,2014-06-03,2014-11-24,2014-11-24,2014-11-24,ARV,Adult,MERCK SHARP & DOHME IDEA GMBH (FORMALLY MERCK SHARP & DOHME B.V.),"Raltegravir 400mg [Isentress], tablets, 60 Tabs",Raltegravir,Isentress,400mg,Tablet,60,161,8935.5,55.5,0.92,"MSD, Haarlem, NL",True,30.0,0.0,9.19
6367,78362,101-CD-T30,FPQ-11103,SCMS-170610,ASN-18066,"Congo, DRC",PMO - US,Direct Drop,FCA,Air,2012-12-07,2013-01-03,2013-03-15,2013-03-15,2013-03-15,ARV,Pediatric,ABBVIE LOGISTICS (FORMERLY ABBOTT LOGISTICS BV),"Lopinavir/Ritonavir 100/25mg [Aluvia], tablets, 60 Tabs",Lopinavir/Ritonavir,Generic,100/25mg,Tablet,60,60,356.4,5.94,0.1,ABBVIE Ludwigshafen Germany,True,13.0,707.19,0.44
6368,78368,116-ZA-T30,FPQ-3560,SCMS-49671,ASN-5052,South Africa,PMO - US,Direct Drop,DDP,Truck,2009-05-07,2009-07-21,2009-08-11,2009-08-11,2009-08-11,ARV,Pediatric,S. BUYS WHOLESALER,"Lopinavir/Ritonavir 80/20mg/ml [Kaletra], oral solution, cool, Bottle 5 x 60 ml",Lopinavir/Ritonavir,Kaletra,80/20mg/ml,Oral solution,300,1250,58731.4,46.99,0.16,ABBVIE (Abbott) Logis. UK,True,1787.0,0.0,115.11
6369,78387,114-UG-T30,FPQ-5837,SCMS-80710,ASN-7974,Uganda,PMO - US,Direct Drop,DDU,Air,2010-06-25,2010-08-11,2010-09-01,2010-09-01,2010-09-01,ARV,Adult,ASPEN PHARMACARE,"Etravirine 100mg [Intelence], tablets, 120 Tabs",Etravirine,Intelence,100mg,Tablet,120,50,4199.01,83.98,0.7,"Janssen-Cilag, Latina, IT",True,10.0,435.0,9.05
6370,78395,133-NG-T30,FPQ-12458,SCMS-196571,ASN-22752,Nigeria,PMO - US,Direct Drop,EXW,Air,2013-06-10,2013-07-10,2013-11-25,2013-11-25,2013-12-20,HRDT,HIV test,"CHEMBIO DIAGNOSTIC SYSTEMS, INC.","HIV 1/2, Stat-Pak HIV, Kit, 20 Tests","HIV 1/2, Stat-Pak HIV, Kit",Stat-Pak,no_dosage,Test kit,20,5439,174048.0,32.0,1.6,Chembio Diagnostics Sys. Inc.,True,2097.0,9634.16,215.3
6371,78397,901-NA-T30,FPQ-14689,SCMS-253430,ASN-28398,Namibia,PMO - US,Direct Drop,EXW,Air,2014-07-30,2014-08-29,2014-10-13,2014-10-13,2014-10-13,ARV,Adult,HETERO LABS LIMITED,"Efavirenz 600mg, tablets, 30 Tabs",Efavirenz,Generic,600mg,Tablet,30,21050,73675.0,3.5,0.12,"Hetero, Jadcherla, unit 5, IN",True,1812.0,8683.99,75.74
6372,78403,106-HT-T30,FPQ-7649,SCMS-108900,ASN-13724,Haiti,PMO - US,Direct Drop,CIP,Air,2011-04-27,2011-05-30,2012-03-14,2012-03-14,2012-03-14,ARV,Pediatric,MERCK SHARP & DOHME IDEA GMBH (FORMALLY MERCK SHARP & DOHME B.V.),"Efavirenz 30mg/ml [Stocrin/Sustiva], oral solution, Bottle, 180 ml",Efavirenz,Stocrin/Sustiva,30mg/ml,Oral solution,180,255,4324.8,16.96,0.09,"MSD, Haarlem, NL",True,72.0,290.0,7.14
6373,78407,116-ZA-T30,FPQ-12522,SCMS-199283,ASN-27976,South Africa,PMO - US,Direct Drop,DDP,Truck,2013-07-11,2014-08-27,2014-08-27,2014-08-27,2014-08-27,ARV,Adult,S. BUYS WHOLESALER,"Lamivudine 150mg, tablets, 60 Tabs",Lamivudine,Generic,150mg,Tablet,60,328,3230.11,9.85,0.16,Hetero Unit III Hyderabad IN,False,668.5,0.0,4.0
6374,78419,103-ZW-T30,FPQ-9905,SCMS-148310,ASN-18001,Zimbabwe,PMO - US,Direct Drop,FCA,Air,2012-05-29,2012-07-18,2013-02-09,2013-03-14,2013-03-14,ARV,Pediatric,ABBVIE LOGISTICS (FORMERLY ABBOTT LOGISTICS BV),"Lopinavir/Ritonavir 80/20mg/ml [Kaletra], oral solution, cool, Bottle 5 x 60 ml",Lopinavir/Ritonavir,Kaletra,80/20mg/ml,Oral solution,300,1021,31467.22,30.82,0.1,ABBVIE (Abbott) Logis. UK,True,1013.0,13257.79,44.12
6375,78427,101-CD-T30,FPQ-11103,SCMS-170610,ASN-18067,"Congo, DRC",PMO - US,Direct Drop,FCA,Air,2012-12-07,2013-01-03,2013-03-15,2013-04-03,2013-04-03,ARV,Pediatric,ABBVIE LOGISTICS (FORMERLY ABBOTT LOGISTICS BV),"Lopinavir/Ritonavir 100/25mg [Aluvia], tablets, 60 Tabs",Lopinavir/Ritonavir,Generic,100/25mg,Tablet,60,24,142.56,5.94,0.1,ABBVIE Ludwigshafen Germany,True,8.0,767.87,0.18
6376,78435,119-NA-T30,FPQ-7679,SCMS-109960,ASN-11272,Namibia,PMO - US,Direct Drop,EXW,Air,2011-05-12,2011-05-31,2011-07-06,2011-07-06,2011-07-06,HRDT,HIV test,"Orgenics, Ltd","HIV 1/2, Determine HIV Kit, without Lancets, 100 Tests","HIV 1/2, Determine HIV Kit, without Lancets",Determine,no_dosage,Test kit,100,100,7770.0,77.7,0.78,Inverness Japan,True,24.0,677.37,12.82
6377,78479,106-HT-T30,FPQ-12590,SCMS-210430,ASN-22715,Haiti,PMO - US,Direct Drop,FCA,Air,2013-08-21,2013-10-22,2013-12-12,2013-12-12,2013-12-13,ARV,Adult,ABBVIE LOGISTICS (FORMERLY ABBOTT LOGISTICS BV),"Lopinavir/Ritonavir 200/50mg [Aluvia], tablets, 120 Tabs",Lopinavir/Ritonavir,Aluvia,200/50mg,Tablet,120,1865,36031.8,19.32,0.16,ABBVIE Ludwigshafen Germany,True,463.0,3222.27,44.57
6378,78526,900-CM-T30,FPQ-10654,SCMS-161700,ASN-16882,Cameroon,PMO - US,Direct Drop,EXW,Air,2012-09-20,2012-10-05,2012-12-02,2012-12-02,2012-12-02,ARV,Adult,CIPLA LIMITED,"Lamivudine/Nevirapine/Zidovudine 150/200/300mg, tablets, 60 Tabs",Lamivudine/Nevirapine/Zidovudine,Generic,150/300/200mg,Tablet - FDC,60,62219,520773.03,8.37,0.14,"Cipla, Goa, India",True,8297.0,60840.32,730.12
6379,78532,102-BW-T30,FPQ-6645,SCMS-92600,ASN-9740,Botswana,PMO - US,Direct Drop,EXW,Air,2010-11-11,2010-12-02,2011-03-02,2011-03-02,2011-03-02,HRDT,HIV test,"Standard Diagnostics, Inc.","HIV 1/2, Bioline 3.0 Kit, Lancets, Capillary pipets, Alcohol swabs included, 25 Tests","HIV 1/2, Bioline 3.0 Kit, Lancets, Capillary pipets, Alcohol swabs included",Bioline,no_dosage,Test kit,25,40,800.0,20.0,0.8,"Standard Diagnostics, Korea",True,14.0,706.18,1.32
6380,78550,116-ZA-T30,FPQ-13973,SCMS-238555,ASN-29257,South Africa,PMO - US,Direct Drop,DDP,Truck,2014-04-30,2014-11-04,2014-11-05,2014-11-05,2014-11-05,ARV,Adult,PHARMACY DIRECT,"Efavirenz 600mg, tablets, 30 Tabs",Efavirenz,Generic,600mg,Tablet,30,125,1949.5,15.6,0.52,"Aurobindo Unit III, India",False,668.5,0.0,2.0
6381,78576,104-CI-T30,FPQ-4484,SCMS-56481,ASN-5619,Côte d'Ivoire,PMO - US,Direct Drop,EXW,Air,2009-10-29,2009-11-03,2010-01-21,2010-01-21,2010-01-21,HRDT,HIV test,"Orgenics, Ltd","HIV 1/2, Determine HIV Kit, without Lancets, 100 Tests","HIV 1/2, Determine HIV Kit, without Lancets",Determine,no_dosage,Test kit,100,3500,245000.0,70.0,0.7,Inverness Japan,True,794.0,12506.12,528.22
6382,78589,104-BW-T30,FPQ-15568,SCMS-275710,ASN-31390,Botswana,PMO - US,Direct Drop,EXW,Air,2015-01-08,2015-02-06,2015-06-02,2015-06-02,2015-06-04,ARV,Adult,HETERO LABS LIMITED,"Efavirenz/Emtricitabine/Tenofovir Disoproxil Fumarate 600/200/300mg, tablets, 30 Tabs",Efavirenz/Emtricitabine/Tenofovir Disoproxil Fumarate,Generic,600/200/300mg,Tablet - FDC,30,34735,362286.05,10.43,0.35,"Hetero, Jadcherla, unit 5, IN",True,4260.0,21035.49,426.41
6383,78603,108-VN-T30,FPQ-7565,SCMS-107660,ASN-12154,Vietnam,PMO - US,Direct Drop,EXW,Air,2011-04-21,2011-05-02,2011-10-18,2011-10-18,2011-10-18,ARV,Adult,HETERO LABS LIMITED,"Stavudine 30mg, capsules, 60 Caps",Stavudine,Generic,30mg,Capsule,60,18000,26100.0,1.45,0.02,Hetero Unit III Hyderabad IN,True,1390.0,11311.6,43.06
6384,78671,161-ZA-T30,FPQ-6708,SCMS-93510,ASN-11510,South Africa,PMO - US,Direct Drop,DDP,Ocean,2010-11-26,2010-12-14,2011-10-14,2011-10-14,2011-10-14,ARV,Pediatric,Aurobindo Pharma Limited,"Nevirapine 10mg/ml, oral suspension w/syringe, Bottle, 240 ml",Nevirapine,Generic,10mg/ml,Oral suspension,240,8500,18020.0,2.12,0.01,"Aurobindo Unit III, India",True,3061.0,3530.94,29.73
6385,78698,161-ZA-T30,FPQ-7175,SCMS-103790,ASN-12624,South Africa,PMO - US,Direct Drop,DDP,Ocean,2011-03-10,2011-03-28,2011-11-25,2011-11-25,2011-11-25,ARV,Pediatric,CIPLA LIMITED,"Lamivudine 10mg/ml, oral solution, Bottle, 240 ml",Lamivudine,Generic,10mg/ml,Oral solution,240,50000,103000.0,2.06,0.01,"Cipla, Goa, India",True,18467.0,6617.84,169.95
6386,78709,116-ZA-T30,FPQ-12522,SCMS-199280,ASN-24433,South Africa,PMO - US,Direct Drop,DDP,Truck,2013-07-11,2013-08-13,2014-02-07,2014-02-07,2014-02-07,ARV,Pediatric,S. BUYS WHOLESALER,"Abacavir 20mg/ml, oral solution w/syringe, Bottle, 240 ml",Abacavir,Generic,20mg/ml,Oral solution,240,89,2406.5,27.04,0.11,"Aurobindo Unit III, India",False,668.5,0.0,2.98
6387,78714,108-VN-T30,FPQ-10811,SCMS-164580,ASN-18662,Vietnam,PMO - US,Direct Drop,EXW,Air,2012-10-15,2012-11-07,2013-04-03,2013-04-03,2013-04-03,ARV,Adult,HETERO LABS LIMITED,"Abacavir 300mg, tablets, 60 Tabs",Abacavir,Generic,300mg,Tablet,60,327,4218.3,12.9,0.22,Hetero Unit III Hyderabad IN,False,668.5,4400.805,5.22
6388,78715,161-ZA-T30,FPQ-7175,SCMS-103930,ASN-12290,South Africa,PMO - US,Direct Drop,DDP,Ocean,2011-03-10,2011-03-28,2011-11-23,2011-11-23,2011-11-23,ARV,Adult,STRIDES ARCOLAB LIMITED,"Lamivudine 150mg, tablets, 60 Tabs",Lamivudine,Generic,150mg,Tablet,60,515000,1251450.0,2.43,0.04,"Strides, Bangalore, India.",True,23655.0,37401.43,2064.89
6389,78727,107-RW-T30,FPQ-4854,SCMS-63651,ASN-6747,Rwanda,PMO - US,Direct Drop,FCA,Air,2010-01-06,2010-01-20,2010-04-30,2010-04-30,2010-04-30,ARV,Pediatric,Hoffmann-La Roche ltd Basel,"Nelfinavir 50mg/g [Viracept], oral powder, 144g",Nelfinavir,Viracept,50mg/g,Oral powder,144,148,5429.5,36.69,0.25,Roche Basel,True,27.0,1253.71,11.71
6390,78729,108-VN-T30,FPQ-4720,SCMS-62470,ASN-6341,Vietnam,PMO - US,Direct Drop,EXW,Air,2009-01-04,2010-01-12,2010-04-01,2010-04-01,2010-04-01,ARV,Adult,MYLAN LABORATORIES LTD (FORMERLY MATRIX LABORATORIES),"Lamivudine 150mg, tablets, 60 Tabs",Lamivudine,Generic,150mg,Tablet,60,16800,43680.0,2.6,0.04,Mylan (formerly Matrix) Nashik,False,1456.0,4400.805,94.17
6391,78733,161-ZA-T30,FPQ-7175,SCMS-103400,ASN-12376,South Africa,PMO - US,Direct Drop,DDP,Ocean,2011-03-10,2011-03-24,2011-11-22,2011-11-22,2011-11-22,ARV,Adult,Aurobindo Pharma Limited,"Zidovudine 300mg, tablets, 60 Tabs",Zidovudine,Generic,300mg,Tablet,60,9829,71751.7,7.3,0.12,"Aurobindo Unit III, India",True,509.0,3341.45,118.39
6392,78767,102-BI-T30,FPQ-12580,SCMS-199591,ASN-22168,Burundi,PMO - US,Direct Drop,EXW,Air,2013-07-09,2013-07-31,2013-11-20,2013-11-20,2013-11-22,HRDT,HIV test,"Orgenics, Ltd","HIV 1/2, Determine Complete HIV Kit, 100 Tests","HIV 1/2, Determine Complete HIV Kit",Determine,no_dosage,Test kit,100,1268,101440.0,80.0,0.8,"Alere Medical Co., Ltd.",True,516.0,9802.95,125.48
6393,78789,117-ET-T30,FPQ-7802,SCMS-110050,ASN-11253,Ethiopia,PMO - US,Direct Drop,EXW,Air,2011-05-23,2011-05-26,2011-07-01,2011-07-01,2011-07-01,ARV,Adult,MYLAN LABORATORIES LTD (FORMERLY MATRIX LABORATORIES),"Lamivudine/Tenofovir Disoproxil Fumarate 300/300mg, tablets, 30 Tabs",Lamivudine/Tenofovir Disoproxil Fumarate,Generic,300/300mg,Tablet - FDC,30,100000,624000.0,6.24,0.21,Mylan (formerly Matrix) Nashik,True,9565.0,60713.12,1029.6
6394,78805,108-VN-T30,FPQ-6818,SCMS-98052,ASN-11312,Vietnam,PMO - US,Direct Drop,EXW,Air,2011-01-17,2011-02-15,2011-07-27,2011-07-27,2011-07-27,ARV,Adult,MYLAN LABORATORIES LTD (FORMERLY MATRIX LABORATORIES),"Tenofovir Disoproxil Fumarate 300mg, tablets, 30 Tabs",Tenofovir Disoproxil Fumarate,Generic,300mg,Tablet,30,1612,10478.0,6.5,0.22,Mylan (formerly Matrix) Nashik,True,111.0,7457.19,17.29
6395,78818,109-TZ-T30,FPQ-7909,SCMS-114990,ASN-12159,Tanzania,PMO - US,Direct Drop,EXW,Air,2011-06-24,2011-07-18,2011-09-29,2011-10-05,2011-10-05,HRDT,HIV test,"Standard Diagnostics, Inc.","HIV 1/2, Bioline 3.0 Kit, Lancets, Capillary pipets, Alcohol swabs included, 25 Tests","HIV 1/2, Bioline 3.0 Kit, Lancets, Capillary pipets, Alcohol swabs included",Bioline,no_dosage,Test kit,25,10000,200000.0,20.0,0.8,"Standard Diagnostics, Korea",True,3334.0,22523.12,330.0
6396,78839,108-VN-T30,FPQ-12051,SCMS-188651,ASN-24041,Vietnam,PMO - US,Direct Drop,EXW,Air,2013-05-03,2013-11-28,2014-05-30,2014-05-30,2014-05-31,ARV,Adult,MYLAN LABORATORIES LTD (FORMERLY MATRIX LABORATORIES),"Tenofovir Disoproxil Fumarate 300mg, tablets, 30 Tabs",Tenofovir Disoproxil Fumarate,Generic,300mg,Tablet,30,12000,48000.0,4.0,0.13,Mylan (formerly Matrix) Nashik,False,1005.0,4400.805,59.38
6397,78846,109-TZ-T30,FPQ-9259,SCMS-136830,ASN-14647,Tanzania,PMO - US,Direct Drop,EXW,Air,2012-01-27,2012-02-03,2012-07-13,2012-07-13,2012-07-13,HRDT,HIV test,"Trinity Biotech, Plc","HIV 1/2, Uni-Gold HIV Kit, 20 Tests","HIV 1/2, Uni-Gold HIV Kit",Uni-Gold,no_dosage,Test kit,20,9250,296000.0,32.0,1.6,"Trinity Biotech, Plc",True,3058.0,31491.23,414.99
6398,78909,133-NG-T30,FPQ-12812,SCMS-210351,ASN-23948,Nigeria,PMO - US,Direct Drop,EXW,Air,2013-08-13,2013-11-01,2014-02-18,2014-02-12,2014-03-15,HRDT,HIV test,"Orgenics, Ltd","HIV 1/2, Determine Complete HIV Kit, 100 Tests","HIV 1/2, Determine Complete HIV Kit",Determine,no_dosage,Test kit,100,9258,823962.0,89.0,0.89,"Alere Medical Co., Ltd.",True,3759.0,57561.38,1019.24
6399,78946,113-ZW-T30,FPQ-13939,SCMS-234720,ASN-26120,Zimbabwe,PMO - US,Direct Drop,EXW,Air,2014-04-01,2014-05-08,2014-06-14,2014-06-14,2014-06-16,ARV,Adult,Aurobindo Pharma Limited,"Lamivudine/Tenofovir Disoproxil Fumarate 300/300mg, tablets, 30 Tabs",Lamivudine/Tenofovir Disoproxil Fumarate,Generic,300/300mg,Tablet - FDC,30,24540,114111.0,4.65,0.16,"Aurobindo Unit VII, IN",True,2448.0,20407.95,117.31
6400,78949,100-ZW-T30,FPQ-5018,SCMS-65360,ASN-6755,Zimbabwe,PMO - US,Direct Drop,EXW,Air,2010-02-02,2010-02-17,2010-05-18,2010-05-18,2010-05-18,HRDT,HIV test,"Orgenics, Ltd","HIV 1/2, Determine Complete HIV Kit, 100 Tests","HIV 1/2, Determine Complete HIV Kit",Determine,no_dosage,Test kit,100,1915,137880.0,72.0,0.72,Inverness Japan,True,967.0,18212.87,297.27
6401,78985,110-ZM-T30,FPQ-4141,SCMS-53261,ASN-5855,Zambia,PMO - US,Direct Drop,EXW,Air,2009-08-31,2009-09-11,2010-01-28,2010-01-27,2010-01-27,HRDT,HIV test,"Orgenics, Ltd","HIV 1/2, Determine Complete HIV Kit, 100 Tests","HIV 1/2, Determine Complete HIV Kit",Determine,no_dosage,Test kit,100,2282,164304.0,72.0,0.72,Inverness Japan,True,1106.0,16793.45,322.04
6402,79022,116-ZA-T30,FPQ-13214,SCMS-215410,ASN-23875,South Africa,PMO - US,Direct Drop,DDP,Truck,2013-11-14,2013-12-02,2014-01-13,2014-01-13,2014-01-13,ARV,Adult,S. BUYS WHOLESALER,"Efavirenz 600mg, tablets, 30 Tabs",Efavirenz,Generic,600mg,Tablet,30,152,2218.99,14.6,0.49,"Aurobindo Unit III, India",False,668.5,0.0,2.28
6403,79064,116-ZA-T30,FPQ-12523,SCMS-199310,ASN-29450,South Africa,PMO - US,Direct Drop,DDP,Truck,2013-07-12,2013-08-13,2014-11-19,2014-11-19,2014-11-19,ARV,Adult,S. BUYS WHOLESALER,"Raltegravir 400mg [Isentress], tablets, 60 Tabs",Raltegravir,Isentress,400mg,Tablet,60,82,7657.21,93.38,1.56,"MSD, Haarlem, NL",False,668.5,0.0,9.47
6404,79081,103-SS-T30,FPQ-13172,SCMS-213410,ASN-22956,South Sudan,PMO - US,Direct Drop,EXW,Air,2013-10-28,2013-11-06,2014-02-20,2014-02-20,2014-02-26,HRDT,HIV test,"Trinity Biotech, Plc","HIV 1/2, Uni-Gold HIV Kit, 20 Tests","HIV 1/2, Uni-Gold HIV Kit",Uni-Gold,no_dosage,Test kit,20,444,14208.0,32.0,1.6,"Trinity Biotech, Plc",True,132.0,1847.97,14.61
6405,79109,110-ZM-T30,FPQ-10531,SCMS-158520,ASN-16853,Zambia,PMO - US,Direct Drop,EXW,Air,2012-08-21,2012-09-05,2012-10-31,2012-10-31,2012-10-31,HRDT,HIV test,"Orgenics, Ltd","HIV 1/2, Determine Complete HIV Kit, 100 Tests","HIV 1/2, Determine Complete HIV Kit",Determine,no_dosage,Test kit,100,8200,656000.0,80.0,0.8,"Alere Medical Co., Ltd.",True,3896.0,69016.63,919.71
6406,79111,116-ZA-T30,FPQ-3596,SCMS-50373,ASN-6207,South Africa,PMO - US,Direct Drop,DDP,Truck,2009-05-07,2009-09-22,2010-02-15,2010-02-15,2010-02-15,ARV,Adult,"JSI R&T INSTITUTE, INC.","Zidovudine 300mg, tablets, 60 Tabs",Zidovudine,Generic,300mg,Tablet,60,1130,31894.32,28.23,0.47,"Aurobindo Unit III, India",True,668.5,0.0,62.51
6407,79128,114-UG-T30,FPQ-9365,SCMS-142230,ASN-14835,Uganda,PMO - US,Direct Drop,CIP,Air,2012-03-15,2012-04-04,2012-05-21,2012-05-21,2012-05-21,ARV,Adult,MERCK SHARP & DOHME IDEA GMBH (FORMALLY MERCK SHARP & DOHME B.V.),"Raltegravir 400mg [Isentress], tablets, 60 Tabs",Raltegravir,Isentress,400mg,Tablet,60,180,9990.0,55.5,0.92,"MSD, Haarlem, NL",False,80.5,2485.92,14.01
6408,79141,102-KE-T30,FPQ-8446,SCMS-124890,ASN-13144,Kenya,PMO - US,Direct Drop,EXW,Air,2011-10-05,2011-10-13,2012-02-03,2012-02-03,2012-02-03,HRDT,HIV test,"Trinity Biotech, Plc","HIV 1/2, Uni-Gold HIV Kit, 20 Tests","HIV 1/2, Uni-Gold HIV Kit",Uni-Gold,no_dosage,Test kit,20,516,16512.0,32.0,1.6,"Trinity Biotech, Plc",True,174.0,2061.8,27.24
6409,79173,108-VN-T30,FPQ-15692,SCMS-274370,ASN-32258,Vietnam,PMO - US,Direct Drop,EXW,Air,2015-01-28,2015-02-17,2015-07-13,2015-07-13,2015-07-14,ARV,Adult,HETERO LABS LIMITED,"Efavirenz/Lamivudine/Tenofovir Disoproxil Fumarate 600/300/300mg, tablets, 30 Tabs",Efavirenz/Lamivudine/Tenofovir Disoproxil Fumarate,Generic,600/300/300mg,Tablet - FDC,30,5120,51200.0,10.0,0.33,Hetero Unit III Hyderabad IN,False,668.5,4400.805,60.26
6410,79193,106-HT-T30,FPQ-9621,SCMS-147120,ASN-15787,Haiti,PMO - US,Direct Drop,FCA,Air,2012-04-20,2012-06-12,2012-08-08,2012-08-08,2012-08-08,ARV,Pediatric,SYSMEX AMERICA INC,"Lopinavir/Ritonavir 100/25mg [Aluvia], tablets, 60 Tabs",Lopinavir/Ritonavir,Generic,100/25mg,Tablet,60,216,1596.24,7.39,0.12,ABBVIE Ludwigshafen Germany,True,24.0,4059.85,2.24
6411,79232,107-RW-T30,FPQ-4011,SCMS-50270,ASN-7216,Rwanda,PMO - US,Direct Drop,CIP,Air,2009-07-16,2009-08-31,2010-06-25,2010-06-25,2010-06-25,ARV,Adult,MYLAN LABORATORIES LTD (FORMERLY MATRIX LABORATORIES),"Lamivudine/Tenofovir Disoproxil Fumarate 300/300mg, tablets, 30 Tabs",Lamivudine/Tenofovir Disoproxil Fumarate,Generic,300/300mg,Tablet - FDC,30,72091,789396.45,10.95,0.36,Mylan (formerly Matrix) Nashik,True,6842.0,73790.43,1547.22
6412,79236,108-VN-T30,FPQ-15692,SCMS-274360,ASN-32782,Vietnam,PMO - US,Direct Drop,EXW,Air,2015-01-28,2015-02-17,2015-07-30,2015-08-02,2015-08-03,ARV,Adult,MYLAN LABORATORIES LTD (FORMERLY MATRIX LABORATORIES),"Lamivudine/Nevirapine/Zidovudine 150/200/300mg, tablets, 60 Tabs",Lamivudine/Nevirapine/Zidovudine,Generic,150/300/200mg,Tablet - FDC,60,12816,103809.6,8.1,0.13,Mylan (formerly Matrix) Nashik,True,668.5,4400.805,122.18
6413,79271,116-ZA-T30,FPQ-12522,SCMS-199283,ASN-27975,South Africa,PMO - US,Direct Drop,DDP,Truck,2013-07-11,2014-08-27,2014-08-27,2014-08-27,2014-08-27,ARV,Adult,S. BUYS WHOLESALER,"Lamivudine 150mg, tablets, 60 Tabs",Lamivudine,Generic,150mg,Tablet,60,1,9.85,9.85,0.16,Hetero Unit III Hyderabad IN,False,63.0,0.0,0.01
6414,79283,108-VN-T30,FPQ-14516,SCMS-251680,ASN-29384,Vietnam,PMO - US,Direct Drop,EXW,Air,2014-07-09,2014-08-11,2014-12-24,2014-12-24,2014-12-24,ARV,Adult,HETERO LABS LIMITED,"Efavirenz/Lamivudine/Tenofovir Disoproxil Fumarate 600/300/300mg, tablets, 30 Tabs",Efavirenz/Lamivudine/Tenofovir Disoproxil Fumarate,Generic,600/300/300mg,Tablet - FDC,30,15840,166320.0,10.5,0.35,Hetero Unit III Hyderabad IN,False,2517.0,4400.805,170.98
6415,79325,104-CI-T30,FPQ-13125,SCMS-215050,ASN-23877,Côte d'Ivoire,PMO - US,Direct Drop,EXW,Air,2013-10-25,2013-12-04,2014-01-24,2014-01-24,2014-01-30,HRDT,HIV test,"Orgenics, Ltd","HIV 1/2, Determine Complete HIV Kit, 100 Tests","HIV 1/2, Determine Complete HIV Kit",Determine,no_dosage,Test kit,100,3135,250800.0,80.0,0.8,"Alere Medical Co., Ltd.",True,1272.0,16856.6,257.82
6416,79352,108-VN-T30,FPQ-8428,SCMS-123520,ASN-13475,Vietnam,PMO - US,Direct Drop,EXW,Air,2011-09-21,2011-10-04,2012-03-01,2012-03-01,2012-03-01,ARV,Adult,Aurobindo Pharma Limited,"Lamivudine/Zidovudine 150/300mg, tablets, 60 Tabs",Lamivudine/Zidovudine,Generic,150/300mg,Tablet - FDC,60,14789,117572.55,7.95,0.13,"Aurobindo Unit III, India",False,825.0,4400.805,193.99
6417,79361,116-ZA-T30,FPQ-12522,SCMS-199289,ASN-28036,South Africa,PMO - US,Direct Drop,DDP,Truck,2013-07-11,2014-08-29,2014-08-29,2014-08-29,2014-08-29,ARV,Pediatric,S. BUYS WHOLESALER,"Efavirenz 200mg, capsule, 90 Caps",Efavirenz,Generic,200mg,Capsule,90,75,1952.27,26.03,0.29,"Aurobindo Unit III, India",False,19.0,0.0,2.41
6418,79375,116-ZA-T30,FPQ-13973,SCMS-238556,ASN-31854,South Africa,PMO - US,Direct Drop,DDP,Truck,2014-04-30,2015-04-28,2015-04-28,2015-04-28,2015-04-28,ARV,Adult,PHARMACY DIRECT,"Abacavir 300mg, tablets, 60 Tabs",Abacavir,Generic,300mg,Tablet,60,19,1310.81,68.99,1.15,"Aurobindo Unit III, India",False,668.5,0.0,1.35
6419,79424,133-NG-T30,FPQ-16329,SCMS-289120,ASN-33413,Nigeria,PMO - US,Direct Drop,EXW,Air,2015-05-07,2015-05-26,2015-08-07,2015-08-07,2015-08-10,HRDT,HIV test,"CHEMBIO DIAGNOSTIC SYSTEMS, INC.","HIV 1/2, Stat-Pak HIV, Kit, 20 Tests","HIV 1/2, Stat-Pak HIV, Kit",Stat-Pak,no_dosage,Test kit,20,1564,50048.0,32.0,1.6,Chembio Diagnostics Sys. Inc.,True,394.0,10144.765,58.91
6420,79445,102-SD-T30,FPQ-8264,SCMS-121841,ASN-12829,Sudan,PMO - US,Direct Drop,EXW,Air,2011-09-07,2011-09-14,2012-01-06,2012-01-06,2012-01-06,HRDT,HIV test - Ancillary,"Orgenics, Ltd","Capillary Tubes, for Determine, EDTA, 50uL,100 Pcs","HIV, Capillary Tubes, for Determine, EDTA, 50uL,100 Pcs",Determine,no_dosage,Test kit - Ancillary,100,4,32.0,8.0,0.08,"Alere Medical Co., Ltd.",True,3.5,878.34,0.05
6421,79471,116-ZA-T30,FPQ-13035,SCMS-215370,ASN-24415,South Africa,PMO - US,Direct Drop,DDP,Truck,2013-10-08,2013-12-02,2014-02-06,2014-02-06,2014-02-06,ARV,Adult,S. BUYS WHOLESALER,"Lopinavir/Ritonavir 200/50mg [Aluvia], tablets, 120 Tabs",Lopinavir/Ritonavir,Aluvia,200/50mg,Tablet,120,344,7955.07,23.13,0.19,ABBVIE Ludwigshafen Germany,False,668.5,0.0,9.84
6422,79491,106-HT-T30,FPQ-11285,SCMS-176120,ASN-19476,Haiti,PMO - US,Direct Drop,CIP,Air,2013-01-16,2013-02-05,2013-05-14,2013-05-14,2013-05-14,ARV,Adult,MERCK SHARP & DOHME IDEA GMBH (FORMALLY MERCK SHARP & DOHME B.V.),"Raltegravir 400mg [Isentress], tablets, 60 Tabs",Raltegravir,Isentress,400mg,Tablet,60,120,6660.0,55.5,0.92,"MSD, Haarlem, NL",True,11.0,260.0,8.24
6423,79500,101-CD-T30,FPQ-16001,SCMS-280210,ASN-31750,"Congo, DRC",PMO - US,Direct Drop,EXW,Air,2015-03-10,2015-03-16,2015-07-02,2015-07-02,2015-07-30,HRDT,HIV test,"Trinity Biotech, Plc","HIV 1/2, Uni-Gold HIV Kit, 20 Tests","HIV 1/2, Uni-Gold HIV Kit",Uni-Gold,no_dosage,Test kit,20,353,11296.0,32.0,1.6,"Trinity Biotech, Plc",False,394.0,2346.5699999999997,13.3
6424,79521,161-ZA-T30,FPQ-7175,SCMS-103960,ASN-10871,South Africa,PMO - US,Direct Drop,DDP,Ocean,2011-03-10,2011-03-28,2011-09-06,2011-09-06,2011-09-06,ARV,Adult,STRIDES ARCOLAB LIMITED,"Lamivudine 150mg, tablets, 60 Tabs",Lamivudine,Generic,150mg,Tablet,60,440000,1069200.0,2.43,0.04,"Strides, Bangalore, India.",True,19564.0,33865.26,1764.18
6425,79597,133-NG-T30,FPQ-14305,SCMS-240830,ASN-27470,Nigeria,PMO - US,Direct Drop,EXW,Air,2014-05-16,2014-06-02,2014-08-19,2014-09-02,2014-09-04,HRDT,HIV test,"Orgenics, Ltd","HIV 1/2, Determine Complete HIV Kit, 100 Tests","HIV 1/2, Determine Complete HIV Kit",Determine,no_dosage,Test kit,100,5905,525545.0,89.0,0.89,"Alere Medical Co., Ltd.",True,2402.0,35747.28,540.26
6426,79618,104-CI-T30,FPQ-11294,SCMS-173130,ASN-19138,Côte d'Ivoire,PMO - US,Direct Drop,EXW,Air,2012-12-14,2013-01-15,2013-04-26,2013-04-26,2013-04-26,HRDT,HIV test,"Orgenics, Ltd","HIV 1/2, Determine Complete HIV Kit, 100 Tests","HIV 1/2, Determine Complete HIV Kit",Determine,no_dosage,Test kit,100,2943,235440.0,80.0,0.8,"Alere Medical Co., Ltd.",True,1280.0,23270.25,291.24
6427,79646,109-TZ-T30,FPQ-11427,SCMS-175460,ASN-18603,Tanzania,PMO - US,Direct Drop,EXW,Air,2013-01-15,2013-02-20,2013-04-23,2013-04-23,2013-04-23,ARV,Adult,MYLAN LABORATORIES LTD (FORMERLY MATRIX LABORATORIES),"Atazanavir/Ritonavir 300/100mg, tablets, 30 Tabs",Atazanavir/Ritonavir,Generic,300/100mg,Tablet,30,12830,288675.0,22.5,0.75,Mylan (formerly Matrix) Nashik,True,1710.0,8344.86,357.09
6428,79648,106-HT-T30,FPQ-13494,SCMS-225411,ASN-25473,Haiti,PMO - US,Direct Drop,EXW,Air,2014-01-21,2014-02-19,2014-05-15,2014-05-15,2014-05-20,HRDT,HIV test,"Orgenics, Ltd","HIV 1/2, Determine Complete HIV Kit, 100 Tests","HIV 1/2, Determine Complete HIV Kit",Determine,no_dosage,Test kit,100,4000,400000.0,100.0,1.0,"Alere Medical Co., Ltd.",True,1623.0,15230.88,411.2
6429,79679,108-VN-T30,FPQ-13976,SCMS-236070,ASN-28062,Vietnam,PMO - US,Direct Drop,EXW,Air,2014-04-08,2014-04-30,2014-11-07,2014-11-07,2014-11-08,ARV,Adult,MICRO LABS LIMITED,"Lamivudine 150mg, tablets, 60 Tabs",Lamivudine,Generic,150mg,Tablet,60,8500,14620.0,1.72,0.03,"Micro labs, Verna, Goa, India",False,3080.0,4400.805,15.03
6430,79701,109-TZ-T30,FPQ-12540,SCMS-198780,ASN-20861,Tanzania,PMO - US,Direct Drop,EXW,Air,2013-07-03,2013-07-16,2013-09-24,2013-09-27,2013-09-27,ARV,Adult,Aurobindo Pharma Limited,"Lamivudine/Nevirapine/Zidovudine 150/200/300mg, tablets, 60 Tabs",Lamivudine/Nevirapine/Zidovudine,Generic,150/300/200mg,Tablet - FDC,60,7255,58983.15,8.13,0.14,"Aurobindo Unit III, India",True,917.0,4676.61,72.96
6431,79710,202-GT-T30,FPQ-6964,SCMS-96140,ASN-9516,Guatemala,PMO - US,Direct Drop,FCA,Air,2010-12-29,2011-01-05,2011-03-03,2011-03-03,2011-03-03,ARV,Adult,Hoffmann-La Roche ltd Basel,"Saquinavir 500mg [Invirase], tablets, 120 Tabs",Saquinavir,Invirase,500mg,Tablet,120,188,44639.99,237.45,1.98,Roche Madrid,True,33.0,660.3,73.66
6432,79747,161-ZA-T30,FPQ-7175,SCMS-104070,ASN-12034,South Africa,PMO - US,Direct Drop,DDP,Ocean,2011-03-10,2011-03-28,2011-11-02,2011-12-06,2011-12-06,ARV,Adult,CIPLA LIMITED,"Nevirapine 200mg, tablets, 60 Tabs",Nevirapine,Generic,200mg,Tablet,60,50326,136886.72,2.72,0.05,"Cipla, Goa, India",True,668.5,0.0,225.86
6433,79757,108-VN-T30,FPQ-7469,SCMS-106480,ASN-11908,Vietnam,PMO - US,Direct Drop,FCA,Air,2011-03-31,2011-04-21,2011-09-22,2011-09-22,2011-09-22,ARV,Adult,ABBVIE LOGISTICS (FORMERLY ABBOTT LOGISTICS BV),"Lopinavir/Ritonavir 200/50mg [Aluvia], tablets, 120 Tabs",Lopinavir/Ritonavir,Aluvia,200/50mg,Tablet,120,4951,406972.2,82.2,0.68,ABBVIE Ludwigshafen Germany,True,1232.0,8108.91,671.5
6434,79778,101-CD-T30,FPQ-14654,SCMS-253260,ASN-28279,"Congo, DRC",PMO - US,Direct Drop,EXW,Air,2014-08-11,2014-08-27,2014-11-04,2014-11-04,2014-11-20,HRDT,HIV test,"Trinity Biotech, Plc","HIV 1/2, Uni-Gold HIV Kit, 20 Tests","HIV 1/2, Uni-Gold HIV Kit",Uni-Gold,no_dosage,Test kit,20,41,1312.0,32.0,1.6,"Trinity Biotech, Plc",False,28.0,2346.5699999999997,1.35
6435,79785,116-ZA-T30,FPQ-13973,SCMS-238551,ASN-26882,South Africa,PMO - US,Direct Drop,DDP,Truck,2014-04-30,2014-06-25,2014-06-25,2014-06-25,2014-06-25,ARV,Pediatric,PHARMACY DIRECT,"Efavirenz 200mg, capsule, 90 Caps",Efavirenz,Generic,200mg,Capsule,90,20,471.74,23.59,0.26,"Aurobindo Unit III, India",False,35.5,0.0,0.48
6436,79791,116-ZA-T30,FPQ-14942,SCMS-259078,ASN-33470,South Africa,PMO - US,Direct Drop,DDP,Truck,2014-09-11,2014-10-09,2015-07-24,2015-07-24,2015-07-24,ARV,Adult,PHARMACY DIRECT,"Zidovudine 300mg, tablets, 60 Tabs",Zidovudine,Generic,300mg,Tablet,60,14,270.58,19.33,0.32,"Aurobindo Unit III, India",False,38.5,0.0,0.28
6437,79803,133-NG-T30,FPQ-14305,SCMS-240830,ASN-27472,Nigeria,PMO - US,Direct Drop,EXW,Air,2014-05-16,2014-06-02,2014-08-19,2014-08-29,2014-09-04,HRDT,HIV test,"Orgenics, Ltd","HIV 1/2, Determine Complete HIV Kit, 100 Tests","HIV 1/2, Determine Complete HIV Kit",Determine,no_dosage,Test kit,100,5903,525367.0,89.0,0.89,"Alere Medical Co., Ltd.",True,3473.0,35117.35,540.08
6438,79810,101-CD-T30,FPQ-14654,SCMS-253260,ASN-28279,"Congo, DRC",PMO - US,Direct Drop,EXW,Air,2014-08-11,2014-08-27,2014-11-04,2014-11-04,2014-11-20,HRDT,HIV test,"Trinity Biotech, Plc","HIV 1/2, Uni-Gold HIV Kit, 20 Tests","HIV 1/2, Uni-Gold HIV Kit",Uni-Gold,no_dosage,Test kit,20,34,1088.0,32.0,1.6,"Trinity Biotech, Plc",False,62.5,2346.5699999999997,1.12
6439,79837,104-CI-T30,FPQ-12806,SCMS-206520,ASN-23388,Côte d'Ivoire,PMO - US,Direct Drop,FCA,Air,2013-08-09,2013-09-17,2014-01-10,2014-01-10,2014-01-10,ARV,Pediatric,ABBVIE LOGISTICS (FORMERLY ABBOTT LOGISTICS BV),"Lopinavir/Ritonavir 100/25mg [Aluvia], tablets, 60 Tabs",Lopinavir/Ritonavir,Generic,100/25mg,Tablet,60,4400,26136.0,5.94,0.1,ABBVIE Ludwigshafen Germany,True,505.0,5335.6,32.33
6440,79841,107-RW-T30,FPQ-8741,SCMS-129510,ASN-15328,Rwanda,PMO - US,Direct Drop,CIP,Air,2011-11-30,2012-03-09,2012-06-28,2012-06-28,2012-06-28,ARV,Pediatric,CIPLA LIMITED,"Lamivudine 10mg/ml, oral solution, Bottle, 240 ml",Lamivudine,Generic,10mg/ml,Oral solution,240,7420,14469.0,1.95,0.01,"Cipla, Goa, India",False,668.5,5865.805,20.29
6441,79861,102-GY-T30,FPQ-8053,SCMS-115810,ASN-11777,Guyana,PMO - US,Direct Drop,EXW,Air,2011-07-13,2011-08-01,2011-08-31,2011-08-31,2011-08-31,HRDT,HIV test,"Trinity Biotech, Plc","HIV 1/2, Uni-Gold HIV Kit, 20 Tests","HIV 1/2, Uni-Gold HIV Kit",Uni-Gold,no_dosage,Test kit,20,4588,146816.0,32.0,1.6,"Trinity Biotech, Plc",True,1573.0,26710.2,242.25
6442,79871,133-NG-T30,FPQ-10349,SCMS-155301,ASN-17317,Nigeria,PMO - US,Direct Drop,EXW,Air,2012-07-17,2012-08-10,2012-12-21,2012-12-21,2012-12-21,HRDT,HIV test,"Trinity Biotech, Plc","HIV 1/2, Uni-Gold HIV Kit, 20 Tests","HIV 1/2, Uni-Gold HIV Kit",Uni-Gold,no_dosage,Test kit,20,6042,193344.0,32.0,1.6,"Trinity Biotech, Plc",True,1990.0,23396.04,271.07
6443,79879,104-CI-T30,FPQ-13602,SCMS-228050,ASN-26518,Côte d'Ivoire,PMO - US,Direct Drop,EXW,Air,2014-01-22,2014-02-26,2014-06-24,2014-06-24,2014-06-25,HRDT,HIV test,"Orgenics, Ltd","HIV 1/2, Determine Complete HIV Kit, 100 Tests","HIV 1/2, Determine Complete HIV Kit",Determine,no_dosage,Test kit,100,1500,120000.0,80.0,0.8,"Alere Medical Co., Ltd.",True,606.0,8158.8,123.36
6444,79885,113-ZW-T30,FPQ-13939,SCMS-240570,ASN-27582,Zimbabwe,PMO - US,Direct Drop,EXW,Air Charter,2014-04-01,2014-05-27,2014-09-17,2014-09-17,2014-09-19,ARV,Adult,HETERO LABS LIMITED,"Lamivudine/Tenofovir Disoproxil Fumarate 300/300mg, tablets, 30 Tabs",Lamivudine/Tenofovir Disoproxil Fumarate,Generic,300/300mg,Tablet - FDC,30,27053,124984.86,4.62,0.15,Hetero Unit III Hyderabad IN,True,4598.0,25467.64,128.48
6445,79890,108-VN-T30,FPQ-9001,SCMS-131700,ASN-14757,Vietnam,PMO - US,Direct Drop,EXW,Air,2011-12-15,2012-01-16,2012-05-15,2012-05-15,2012-05-15,ARV,Adult,MYLAN LABORATORIES LTD (FORMERLY MATRIX LABORATORIES),"Tenofovir Disoproxil Fumarate 300mg, tablets, 30 Tabs",Tenofovir Disoproxil Fumarate,Generic,300mg,Tablet,30,9679,47911.05,4.95,0.16,Mylan (formerly Matrix) Nashik,False,668.5,4400.805,67.17
6446,79910,116-ZA-T30,FPQ-12522,SCMS-199283,ASN-27980,South Africa,PMO - US,Direct Drop,DDP,Truck,2013-07-11,2014-08-27,2014-08-27,2014-08-27,2014-08-27,ARV,Adult,S. BUYS WHOLESALER,"Zidovudine 300mg, tablets, 60 Tabs",Zidovudine,Generic,300mg,Tablet,60,10,278.26,27.83,0.46,"Aurobindo Unit III, India",False,38.0,0.0,0.34
6447,79955,111-MZ-T30,FPQ-15221,SCMS-270120,ASN-32420,Mozambique,PMO - US,Direct Drop,CIP,Air,2014-10-28,2014-12-19,2015-06-09,2015-06-09,2015-07-16,ARV,Adult,MERCK SHARP & DOHME IDEA GMBH (FORMALLY MERCK SHARP & DOHME B.V.),"Raltegravir 400mg [Isentress], tablets, 60 Tabs",Raltegravir,Isentress,400mg,Tablet,60,162,8991.0,55.5,0.92,"MSD, Haarlem, NL",False,668.5,0.0,10.58
6448,80002,106-HT-T30,FPQ-12590,SCMS-210420,ASN-23851,Haiti,PMO - US,Direct Drop,CIP,Air,2013-08-21,2013-10-22,2014-02-12,2014-02-12,2014-02-14,ARV,Adult,MERCK SHARP & DOHME IDEA GMBH (FORMALLY MERCK SHARP & DOHME B.V.),"Raltegravir 400mg [Isentress], tablets, 60 Tabs",Raltegravir,Isentress,400mg,Tablet,60,17,943.5,55.5,0.92,"MSD, Haarlem, NL",True,50.0,0.0,1.17
6449,80005,108-VN-T30,FPQ-15040,SCMS-263670,ASN-30942,Vietnam,PMO - US,Direct Drop,EXW,Air,2014-10-30,2014-12-08,2015-04-14,2015-04-14,2015-04-14,ARV,Adult,HETERO LABS LIMITED,"Tenofovir Disoproxil Fumarate 300mg, tablets, 30 Tabs",Tenofovir Disoproxil Fumarate,Generic,300mg,Tablet,30,14000,49700.0,3.55,0.12,Hetero Unit III Hyderabad IN,False,1414.0,4400.805,51.09
6450,80019,116-ZA-T30,FPQ-5535,SCMS-71491,ASN-7427,South Africa,PMO - US,Direct Drop,DDP,Truck,2010-04-19,2010-04-21,2010-06-11,2010-06-11,2010-06-11,ARV,Pediatric,S. BUYS WHOLESALER,"Ritonavir 80mg/ml [Norvir], oral solution, cool, Bottle, 90 ml",Ritonavir,Norvir,80mg/ml,Oral solution,90,2,28.33,14.16,0.16,ABBVIE (Abbott) France,True,1.0,0.0,0.06
6451,80040,108-VN-T30,FPQ-3896,SCMS-48270,ASN-5131,Vietnam,PMO - US,Direct Drop,EXW,Air,2009-06-25,2009-06-26,2009-10-26,2009-10-26,2009-10-26,ARV,Adult,Aurobindo Pharma Limited,"Lamivudine 150mg, tablets, 60 Tabs",Lamivudine,Generic,150mg,Tablet,60,27480,65952.0,2.4,0.04,"Aurobindo Unit III, India",False,668.5,4400.805,129.27
6452,80070,108-VN-T30,FPQ-6818,SCMS-98053,ASN-11409,Vietnam,PMO - US,Direct Drop,EXW,Air,2011-01-17,2011-02-15,2011-07-27,2011-07-27,2011-07-27,ARV,Adult,MYLAN LABORATORIES LTD (FORMERLY MATRIX LABORATORIES),"Lamivudine/Nevirapine/Zidovudine 150/200/300mg, tablets, 60 Tabs",Lamivudine/Nevirapine/Zidovudine,Generic,150/300/200mg,Tablet - FDC,60,11594,127534.0,11.0,0.18,Mylan (formerly Matrix) Nashik,True,1615.0,9502.5,210.43
6453,80072,108-VN-T30,FPQ-11417,SCMS-174360,ASN-19383,Vietnam,PMO - US,Direct Drop,EXW,Air,2013-01-10,2013-01-22,2013-05-28,2013-05-28,2013-05-28,ARV,Adult,MICRO LABS LIMITED,"Lamivudine 150mg, tablets, 60 Tabs",Lamivudine,Generic,150mg,Tablet,60,34900,63169.0,1.81,0.03,"Micro labs, Verna, Goa, India",True,1588.0,11413.52,78.14
6454,80086,901-CM-T30,FPQ-12837,SCMS-204360,ASN-21529,Cameroon,PMO - US,Direct Drop,EXW,Air,2013-08-19,2013-08-23,2013-09-26,2013-09-26,2013-09-26,ARV,Adult,CIPLA LIMITED,"Lamivudine/Zidovudine 150/300mg, tablets, 60 Tabs",Lamivudine/Zidovudine,Generic,150/300mg,Tablet - FDC,60,7854,51757.86,6.59,0.11,"Cipla, Goa, India",True,803.0,7032.5,64.02
6455,80090,133-NG-T30,FPQ-10349,SCMS-155321,ASN-17165,Nigeria,PMO - US,Direct Drop,EXW,Air,2012-07-17,2012-08-13,2012-11-28,2012-11-28,2012-11-28,HRDT,HIV test,"Orgenics, Ltd","HIV 1/2, Determine Complete HIV Kit, 100 Tests","HIV 1/2, Determine Complete HIV Kit",Determine,no_dosage,Test kit,100,1139,101371.0,89.0,0.89,"Alere Medical Co., Ltd.",True,542.0,13117.86,142.12
6456,80105,114-UG-T30,FPQ-13116,SCMS-212410,ASN-23225,Uganda,PMO - US,Direct Drop,EXW,Air,2013-10-23,2013-10-30,2014-01-17,2014-01-17,2014-01-22,ARV,Pediatric,CIPLA LIMITED,"Lamivudine/Nevirapine/Zidovudine 30/50/60mg, dispersible tablets, 60 Tabs",Lamivudine/Nevirapine/Zidovudine,Generic,30/50/60mg,Chewable/dispersible tablet - FDC,60,6200,24800.0,4.0,0.07,"Cipla, Goa, India",True,597.0,2905.49,25.49
6457,80112,133-NG-T30,FPQ-12456,SCMS-196560,ASN-21223,Nigeria,PMO - US,Direct Drop,EXW,Air,2013-06-10,2013-07-10,2013-09-18,2013-09-19,2013-09-19,HRDT,HIV test,"Orgenics, Ltd","HIV 1/2, Determine Complete HIV Kit, 100 Tests","HIV 1/2, Determine Complete HIV Kit",Determine,no_dosage,Test kit,100,3064,272696.0,89.0,0.89,"Alere Medical Co., Ltd.",True,1245.0,13383.47,337.32
6458,80114,110-ZM-T30,FPQ-4692,SCMS-60730,ASN-6357,Zambia,PMO - US,Direct Drop,EXW,Air,2009-12-16,2009-12-22,2010-03-29,2010-03-29,2010-03-29,HRDT,HIV test,"Trinity Biotech, Plc","HIV 1/2, Uni-Gold HIV Kit, 20 Tests","HIV 1/2, Uni-Gold HIV Kit",Uni-Gold,no_dosage,Test kit,20,7200,230400.0,32.0,1.6,"Trinity Biotech, Plc",True,2521.0,22460.87,496.74
6459,80138,116-ZA-T30,FPQ-5535,SCMS-71370,ASN-7373,South Africa,PMO - US,Direct Drop,DDP,Truck,2010-04-19,2010-04-21,2010-05-31,2010-05-31,2010-05-31,ARV,Adult,S. BUYS WHOLESALER,"Didanosine EC 400mg [Videx EC], delayed-release capsules, Blister 3 x 10 Caps",Didanosine EC,Videx EC,400mg,Delayed-release capsules - blister,30,140,4039.16,28.85,0.96,"BMS Meymac, France",False,17.0,0.0,8.71
6460,80141,109-TZ-T30,FPQ-3782,SCMS-47760,ASN-4974,Tanzania,PMO - US,Direct Drop,CIP,Air,2009-06-11,2009-06-29,2009-10-21,2009-10-21,2009-10-21,ARV,Adult,BRISTOL-MYERS SQUIBB,"Didanosine EC 400mg [Videx EC], delayed-release capsules, Blister 3 x 10 Caps",Didanosine EC,Videx EC,400mg,Delayed-release capsules - blister,30,6900,163323.0,23.67,0.79,"BMS Meymac, France",False,668.5,8925.0,320.11
6461,80167,111-MZ-T30,FPQ-10369,SCMS-157220,ASN-16480,Mozambique,PMO - US,Direct Drop,EXW,Air,2012-07-23,2012-08-22,2012-10-09,2012-10-09,2012-10-09,HRDT,HIV test,"Trinity Biotech, Plc","HIV 1/2, Uni-Gold HIV Kit, 20 Tests","HIV 1/2, Uni-Gold HIV Kit",Uni-Gold,no_dosage,Test kit,20,427,13664.0,32.0,1.6,"Trinity Biotech, Plc",True,149.0,3165.69,19.16
6462,80175,106-HT-T30,FPQ-9636,SCMS-148360,ASN-16560,Haiti,PMO - US,Direct Drop,EXW,Ocean,2012-05-14,2012-07-03,2012-12-20,2012-12-20,2012-12-20,ARV,Adult,Aurobindo Pharma Limited,"Efavirenz 600mg, tablets, 30 Tabs",Efavirenz,Generic,600mg,Tablet,30,35616,126436.8,3.55,0.12,"Aurobindo Unit III, India",False,3479.0,7785.125,177.26
6463,80216,116-ZA-T30,FPQ-14942,SCMS-259071,ASN-29597,South Africa,PMO - US,Direct Drop,DDP,Truck,2014-09-11,2014-11-28,2014-11-28,2014-11-28,2014-11-28,ARV,Adult,PHARMACY DIRECT,"Didanosine 400mg, delayed-release capsules, 30 Caps",Didanosine,Generic,400mg,Delayed-release capsules,30,7,99.53,14.22,0.47,"Aurobindo Unit III, India",False,668.5,0.0,0.1
6464,80217,161-ZA-T30,FPQ-5303,SCMS-68951,ASN-7408,South Africa,PMO - US,Direct Drop,DDP,Air,2010-03-18,2010-03-19,2010-07-14,2010-07-14,2010-07-14,ARV,Pediatric,Aurobindo Pharma Limited,"Lamivudine 10mg/ml, oral solution w/syringe, Bottle, 240 ml",Lamivudine,Generic,10mg/ml,Oral solution,240,11644,34932.0,3.0,0.01,"Aurobindo Unit III, India",True,4442.0,3283.59,75.31
6465,80250,108-VN-T30,FPQ-4719,SCMS-62250,ASN-6598,Vietnam,PMO - US,Direct Drop,EXW,Air,2010-01-04,2010-01-07,2010-05-17,2010-05-17,2010-05-17,ARV,Adult,MYLAN LABORATORIES LTD (FORMERLY MATRIX LABORATORIES),"Tenofovir Disoproxil Fumarate 300mg, tablets, 30 Tabs",Tenofovir Disoproxil Fumarate,Generic,300mg,Tablet,30,1344,10080.0,7.5,0.25,Mylan (formerly Matrix) Nashik,True,86.0,3573.32,21.73
6466,80270,111-MZ-T30,FPQ-11915,SCMS-185200,ASN-21425,Mozambique,PMO - US,Direct Drop,EXW,Air,2013-03-20,2013-04-11,2013-10-09,2013-10-09,2013-11-06,ARV,Adult,STRIDES ARCOLAB LIMITED,"Lamivudine/Stavudine 150/30mg, tablets, 60 Tabs",Lamivudine/Stavudine,Generic,150/30mg,Tablet - FDC,60,13168,38450.56,2.92,0.05,"Strides, Bangalore, India.",True,834.0,3574.24,47.56
6467,80275,116-ZA-T30,FPQ-4054,SCMS-51250,ASN-5056,South Africa,PMO - US,Direct Drop,DDP,Truck,2009-07-29,2009-08-07,2009-08-24,2009-08-24,2009-08-24,ARV,Adult,S. BUYS WHOLESALER,"Emtricitabine/Tenofovir Disoproxil Fumarate 200/300mg [Truvada], tablets, 30 Tabs",Emtricitabine/Tenofovir Disoproxil Fumarate,Truvada,300/200mg,Tablet - FDC,30,200,9049.25,45.25,1.51,"Aspen-OSD, Port Elizabeth, SA",False,22.0,0.0,17.74
6468,80299,153-NA-T30,FPQ-8795,SCMS-131110,ASN-14106,Namibia,PMO - US,Direct Drop,EXW,Air,2011-12-05,2012-01-12,2012-03-22,2012-03-22,2012-03-22,HRDT,HIV test,"Orgenics, Ltd","HIV 1/2, Determine HIV Kit, without Lancets, 100 Tests","HIV 1/2, Determine HIV Kit, without Lancets",Determine,no_dosage,Test kit,100,150,11655.0,77.7,0.78,Inverness Japan,True,35.0,840.46,16.34
6469,80329,101-CD-T30,FPQ-9884,SCMS-149100,ASN-15470,"Congo, DRC",PMO - US,Direct Drop,EXW,Air,2012-05-31,2012-06-14,2012-12-07,2012-12-07,2012-12-07,ANTM,Malaria,AMSTELFARMA B.V.,"Sulfadoxine/Pyrimethamine 500/25mg, tablets, 1000 Tabs",Sulfadoxine/Pyrimethamine,Generic,500/25mg,Tablet - FDC,1000,602,15230.6,25.3,0.03,"Micro Labs, Hosur, India",True,488.0,7393.13,21.35
6470,80343,105-SS-T30,FPQ-11539,SCMS-176931,ASN-20331,South Sudan,PMO - US,Direct Drop,EXW,Air,2013-01-24,2013-02-26,2013-09-20,2013-09-20,2013-09-20,HRDT,HIV test - Ancillary,"Orgenics, Ltd","Capillary Tubes, for Determine, EDTA, 50uL,100 Pcs","HIV, Capillary Tubes, for Determine, EDTA, 50uL,100 Pcs",Determine,no_dosage,Test kit - Ancillary,100,115,920.0,8.0,0.08,"Alere Medical Co., Ltd.",False,132.0,2575.925,1.14
6471,80363,114-UG-T30,FPQ-13116,SCMS-220810,ASN-24339,Uganda,PMO - US,Direct Drop,EXW,Air,2013-10-23,2013-12-27,2014-02-27,2014-02-27,2014-03-10,ARV,Pediatric,Aurobindo Pharma Limited,"Nevirapine 50mg, dispersible tablets (tablets for oral suspension), 30 Tabs",Nevirapine,Generic,50mg,Chewable/dispersible tablet,30,1200,1500.0,1.25,0.04,"Aurobindo Unit III, India",True,64.0,896.35,1.54
6472,80394,101-CD-T30,FPQ-10044,SCMS-149130,ASN-15970,"Congo, DRC",PMO - US,Direct Drop,EXW,Air,2012-06-05,2012-06-27,2013-03-01,2013-03-01,2013-03-01,HRDT,HIV test,"Trinity Biotech, Plc","HIV 1/2, Uni-Gold HIV Kit, 20 Tests","HIV 1/2, Uni-Gold HIV Kit",Uni-Gold,no_dosage,Test kit,20,292,9344.0,32.0,1.6,"Trinity Biotech, Plc",True,99.0,2162.55,13.1
6473,80399,113-ZW-T30,FPQ-13939,SCMS-240580,ASN-27030,Zimbabwe,PMO - US,Direct Drop,EXW,Air Charter,2014-04-01,2014-05-26,2014-07-23,2014-07-23,2014-07-29,ARV,Adult,Aurobindo Pharma Limited,"Lamivudine/Tenofovir Disoproxil Fumarate 300/300mg, tablets, 30 Tabs",Lamivudine/Tenofovir Disoproxil Fumarate,Generic,300/300mg,Tablet - FDC,30,28899,134380.35,4.65,0.16,"Aurobindo Unit VII, IN",True,2846.0,19557.01,138.14
6474,80423,114-UG-T30,FPQ-6504,SCMS-91720,ASN-9221,Uganda,PMO - US,Direct Drop,EXW,Air,2010-10-31,2010-11-18,2010-12-31,2010-12-31,2010-12-31,ARV,Adult,ASPEN PHARMACARE,"Darunavir 300mg [Prezista], tablets, 120 Tabs",Darunavir,Prezista,300mg,Tablet,120,175,15750.0,90.0,0.75,"Aspen-OSD, Port Elizabeth, SA",True,37.0,1333.01,25.99
6475,80470,108-VN-T30,FPQ-11418,SCMS-176160,ASN-19186,Vietnam,PMO - US,Direct Drop,FCA,Air,2013-01-29,2013-02-11,2013-05-17,2013-05-17,2013-05-17,ARV,Adult,ABBVIE LOGISTICS (FORMERLY ABBOTT LOGISTICS BV),"Lopinavir/Ritonavir 200/50mg [Aluvia], tablets, 120 Tabs",Lopinavir/Ritonavir,Aluvia,200/50mg,Tablet,120,1114,67753.48,60.82,0.51,ABBVIE Ludwigshafen Germany,True,266.0,6568.7,83.81
6476,80473,116-ZA-T30,FPQ-13035,SCMS-215400,ASN-24362,South Africa,PMO - US,Direct Drop,DDP,Truck,2013-10-08,2013-12-02,2014-02-05,2014-02-05,2014-02-05,ARV,Pediatric,S. BUYS WHOLESALER,"Lopinavir/Ritonavir 80/20mg/ml [Kaletra], oral solution, cool, Bottle 5 x 60 ml",Lopinavir/Ritonavir,Kaletra,80/20mg/ml,Oral solution,300,8,185.0,23.12,0.08,ABBVIE (Abbott) Logis. UK,True,48.0,0.0,0.23
6477,80526,107-RW-T30,FPQ-13853,SCMS-235970,ASN-26932,Rwanda,PMO - US,Direct Drop,FCA,Air,2014-03-25,2014-04-29,2014-07-16,2014-07-16,2014-07-22,ARV,Pediatric,LAWRENCE LABORATORIES (SUBSIDIARY OF BRISTOL MYERS SQUIBB),"Atazanavir 150mg [Reyataz], capsules, 60 Caps",Atazanavir,Reyataz,150mg,Capsule,60,208,7040.8,33.85,0.56,"BMS Evansville, US",True,16.0,957.88,7.24
6478,80528,116-ZA-T30,FPQ-3596,SCMS-50361,ASN-5449,South Africa,PMO - US,Direct Drop,DDP,Truck,2009-05-07,2009-09-22,2009-10-08,2009-10-08,2009-10-08,ARV,Adult,S. BUYS WHOLESALER,"Lamivudine 150mg, tablets, 60 Tabs",Lamivudine,Generic,150mg,Tablet,60,808,8268.79,10.23,0.17,"Aurobindo Unit III, India",True,298.0,0.0,16.21
6479,80559,114-UG-T30,FPQ-10558,SCMS-160440,ASN-16895,Uganda,PMO - US,Direct Drop,EXW,Air,2012-08-24,2012-09-26,2012-11-09,2012-11-09,2012-11-09,ARV,Adult,MYLAN LABORATORIES LTD (FORMERLY MATRIX LABORATORIES),"Atazanavir/Ritonavir 300/100mg, tablets, 30 Tabs",Atazanavir/Ritonavir,Generic,300/100mg,Tablet,30,170,3825.0,22.5,0.75,Mylan (formerly Matrix) Nashik,True,22.0,1051.5,5.36
6480,80616,104-CI-T30,FPQ-6897,SCMS-100980,ASN-10406,Côte d'Ivoire,PMO - US,Direct Drop,FCA,Air,2011-01-05,2011-03-24,2011-06-30,2011-06-30,2011-06-30,ARV,Adult,ABBVIE LOGISTICS (FORMERLY ABBOTT LOGISTICS BV),"Lopinavir/Ritonavir 200/50mg [Aluvia], tablets, 120 Tabs",Lopinavir/Ritonavir,Aluvia,200/50mg,Tablet,120,9517,320722.9,33.7,0.28,ABBVIE Ludwigshafen Germany,True,2368.0,17068.85,529.19
6481,80639,106-HT-T30,FPQ-14895,SCMS-261020,ASN-30367,Haiti,PMO - US,Direct Drop,EXW,Air,2014-09-24,2014-11-14,2015-02-26,2015-02-26,2015-02-27,ARV,Adult,HETERO LABS LIMITED,"Efavirenz 600mg, tablets, 30 Tabs",Efavirenz,Generic,600mg,Tablet,30,56352,197232.0,3.5,0.12,"Hetero, Jadcherla, unit 5, IN",True,4792.0,30046.84,202.75
6482,80665,900-SZ-T30,FPQ-8386,SCMS-122650,ASN-12532,Swaziland,PMO - US,Direct Drop,EXW,Air,2011-09-14,2011-09-22,2011-11-16,2011-11-16,2011-11-16,ARV,Adult,MYLAN LABORATORIES LTD (FORMERLY MATRIX LABORATORIES),"Efavirenz/Lamivudine/Tenofovir Disoproxil Fumarate 600/300/300mg, tablets, 30 Tabs",Efavirenz/Lamivudine/Tenofovir Disoproxil Fumarate,Generic,600/300/300mg,Tablet - FDC,30,41700,587970.0,14.1,0.47,Mylan (formerly Matrix) Nashik,True,4900.0,29478.42,970.15
6483,80668,109-TZ-T30,FPQ-12050,SCMS-186890,ASN-19772,Tanzania,PMO - US,Direct Drop,FCA,Air,2013-04-12,2013-05-08,2013-07-18,2013-07-18,2013-07-18,ARV,Pediatric,ABBVIE LOGISTICS (FORMERLY ABBOTT LOGISTICS BV),"Lopinavir/Ritonavir 100/25mg [Aluvia], tablets, 60 Tabs",Lopinavir/Ritonavir,Generic,100/25mg,Tablet,60,765,4544.1,5.94,0.1,ABBVIE Ludwigshafen Germany,True,84.0,1396.04,5.62
6484,80688,104-CI-T30,FPQ-13155,SCMS-217000,ASN-23738,Côte d'Ivoire,PMO - US,Direct Drop,EXW,Air,2013-10-22,2013-12-03,2014-01-17,2014-01-17,2014-02-28,ARV,Pediatric,Aurobindo Pharma Limited,"Zidovudine 100mg, capsules, 100 Caps",Zidovudine,Generic,100mg,Capsule,100,650,2925.0,4.5,0.04,"Aurobindo Unit III, India",True,72.0,1766.56,3.01
6485,80699,133-NG-T30,FPQ-10765,SCMS-162440,ASN-18602,Nigeria,PMO - US,Direct Drop,EXW,Air,2012-10-05,2012-10-16,2013-01-09,2013-03-20,2013-03-20,HRDT,HIV test,"Orgenics, Ltd","HIV 1/2, Determine Complete HIV Kit, 100 Tests","HIV 1/2, Determine Complete HIV Kit",Determine,no_dosage,Test kit,100,2933,261037.0,89.0,0.89,"Alere Medical Co., Ltd.",True,1271.0,26859.39,365.97
6486,80704,101-CD-T30,FPQ-16001,SCMS-280220,ASN-32231,"Congo, DRC",PMO - US,Direct Drop,EXW,Air,2015-03-10,2015-03-17,2015-07-23,2015-07-23,2015-07-29,HRDT,HIV test,"Orgenics, Ltd","HIV 1/2, Determine Complete HIV Kit, 100 Tests","HIV 1/2, Determine Complete HIV Kit",Determine,no_dosage,Test kit,100,368,29440.0,80.0,0.8,"Alere Medical Co., Ltd.",False,394.0,2346.5699999999997,34.65
6487,80710,114-UG-T30,FPQ-11371,SCMS-173110,ASN-18722,Uganda,PMO - US,Direct Drop,EXW,Air,2013-01-03,2013-01-11,2013-04-29,2013-04-29,2013-04-29,HRDT,HIV test - Ancillary,"Orgenics, Ltd","HIV, Lancet, Safety, for HIV Test kits, 100 Pcs","HIV, Lancet, Safety, for HIV Test kits, 100 Pcs",Generic,no_dosage,Test kit - Ancillary,100,1000,5000.0,5.0,0.05,INVERNESS ANY,False,342.0,2485.92,6.18
6488,80730,113-ZW-T30,FPQ-13939,SCMS-234760,ASN-25888,Zimbabwe,PMO - US,Direct Drop,EXW,Air Charter,2014-04-01,2014-04-11,2014-06-14,2014-06-14,2014-06-16,ARV,Adult,STRIDES ARCOLAB LIMITED,"Nevirapine 200mg, tablets, 60 Tabs",Nevirapine,Generic,200mg,Tablet,60,7000,15400.0,2.2,0.04,"Strides, Bangalore, India.",True,437.0,11814.57,15.83
6489,80767,161-ZA-T30,FPQ-6262,SCMS-84200,ASN-9692,South Africa,PMO - US,Direct Drop,DDP,Ocean,2010-08-31,2010-09-21,2011-02-23,2011-03-11,2011-03-11,ARV,Adult,CIPLA LIMITED,"Tenofovir Disoproxil Fumarate 300mg, tablets, 30 Tabs",Tenofovir Disoproxil Fumarate,Generic,300mg,Tablet,30,12722,89435.66,7.03,0.23,"Cipla, Goa, India",True,875.0,6038.22,192.82
6490,80804,110-ZM-T30,FPQ-12634,SCMS-201920,ASN-21906,Zambia,PMO - US,Direct Drop,EXW,Air,2013-07-17,2013-08-06,2013-11-06,2013-11-06,2013-11-06,HRDT,HIV test,"Orgenics, Ltd","HIV 1/2, Determine Complete HIV Kit, 100 Tests","HIV 1/2, Determine Complete HIV Kit",Determine,no_dosage,Test kit,100,4000,320000.0,80.0,0.8,"Alere Medical Co., Ltd.",True,1623.0,20644.03,395.84
6491,80819,106-HT-T30,FPQ-14895,SCMS-261011,ASN-32760,Haiti,PMO - US,Direct Drop,EXW,Air,2014-09-24,2014-11-14,2015-07-23,2015-07-23,2015-07-28,ARV,Adult,EMCURE PHARMACEUTICALS LTD,"Atazanavir/Ritonavir 300/100mg, tablets, 30 Tabs",Atazanavir/Ritonavir,Generic,300/100mg,Tablet,30,4846,87228.0,18.0,0.6,"Emcure Plot No.P-2, I.T-B.T. Park, Phase II, MIDC, Hinjwadi, Pune, India",True,668.5,2946.7200000000003,89.67
6492,80842,116-ZA-T30,FPQ-12522,SCMS-199283,ASN-27978,South Africa,PMO - US,Direct Drop,DDP,Truck,2013-07-11,2014-08-27,2014-08-27,2014-08-27,2014-08-27,ARV,Adult,S. BUYS WHOLESALER,"Nevirapine 200mg, tablets, 60 Tabs",Nevirapine,Generic,200mg,Tablet,60,57,1123.94,19.72,0.33,"Aurobindo Unit III, India",False,668.5,0.0,1.39
6493,80860,104-CI-T30,FPQ-4381,SCMS-57610,ASN-5992,Côte d'Ivoire,PMO - US,Direct Drop,FCA,Air,2009-11-05,2009-11-23,2010-02-08,2010-02-08,2010-02-08,ARV,Adult,ABBVIE LOGISTICS (FORMERLY ABBOTT LOGISTICS BV),"Lopinavir/Ritonavir 200/50mg [Aluvia], tablets, 120 Tabs",Lopinavir/Ritonavir,Aluvia,200/50mg,Tablet,120,6000,216960.0,36.16,0.3,ABBVIE Ludwigshafen Germany,True,1523.0,10051.89,425.24
6494,80864,110-ZM-T30,FPQ-14130,SCMS-239730,ASN-30242,Zambia,PMO - US,Direct Drop,EXW,Air,2014-04-22,2014-05-19,2015-05-05,2015-05-05,2015-05-14,HRDT,HIV test,"Orgenics, Ltd","HIV 1/2, Determine Complete HIV Kit, 100 Tests","HIV 1/2, Determine Complete HIV Kit",Determine,no_dosage,Test kit,100,6137,490960.0,80.0,0.8,"Alere Medical Co., Ltd.",True,2492.0,32728.96,504.71
6495,80872,104-CI-T30,FPQ-12622,SCMS-201212,ASN-25596,Côte d'Ivoire,PMO - US,Direct Drop,EXW,Air,2013-07-16,2013-08-15,2014-04-30,2014-04-30,2014-05-02,HRDT,HIV test,"Standard Diagnostics, Inc.","HIV 1/2, Bioline 3.0 Kit, Lancets, Capillary pipets, Alcohol swabs included, 25 Tests","HIV 1/2, Bioline 3.0 Kit, Lancets, Capillary pipets, Alcohol swabs included",Bioline,no_dosage,Test kit,25,1400,28700.0,20.5,0.82,"Standard Diagnostics, Korea",True,469.0,5463.16,35.5
6496,80892,116-ZA-T30,FPQ-4054,SCMS-51250,ASN-5056,South Africa,PMO - US,Direct Drop,DDP,Truck,2009-07-29,2009-08-07,2009-08-24,2009-08-24,2009-08-24,ARV,Pediatric,S. BUYS WHOLESALER,"Efavirenz 50mg, capsule, 30 Caps",Efavirenz,Generic,50mg,Capsule,30,300,1213.12,4.04,0.13,"Aurobindo Unit III, India",False,42.0,0.0,2.38
6497,80918,116-ZA-T30,FPQ-3560,SCMS-49642,ASN-5244,South Africa,PMO - US,Direct Drop,DDP,Truck,2009-05-07,2009-07-21,2009-11-19,2009-11-19,2009-11-19,ARV,Adult,S. BUYS WHOLESALER,"Didanosine EC 400mg [Videx EC], delayed-release capsules, Blister 3 x 10 Caps",Didanosine EC,Videx EC,400mg,Delayed-release capsules - blister,30,190,1581.34,8.32,0.28,"BMS Meymac, France",False,668.5,0.0,3.1
6498,80924,116-ZA-T30,FPQ-12522,SCMS-199289,ASN-28034,South Africa,PMO - US,Direct Drop,DDP,Truck,2013-07-11,2014-08-29,2014-08-29,2014-08-29,2014-08-29,ARV,Adult,S. BUYS WHOLESALER,"Lamivudine/Nevirapine/Stavudine 150/200/30mg, tablets, 60 Tabs",Lamivudine/Nevirapine/Stavudine,Generic,150/200/30mg,Tablet - FDC,60,13,393.18,30.24,0.5,"Cipla, Goa, India",False,668.5,0.0,0.49
6499,80925,116-ZA-T30,FPQ-14942,SCMS-259079,ASN-33851,South Africa,PMO - US,Direct Drop,DDP,Truck,2014-09-11,2014-10-09,2015-08-24,2015-08-24,2015-08-24,ARV,Pediatric,PHARMACY DIRECT,"Abacavir 20mg/ml, oral solution, Bottle, 240 ml",Abacavir,Generic,20mg/ml,Oral solution,240,21,398.98,19.0,0.08,"Aurobindo Unit III, India",False,55.0,0.0,0.41
6500,81011,101-ZA-T30,FPQ-12932,SCMS-206100,ASN-24547,South Africa,PMO - US,Direct Drop,DDP,Truck,2013-09-07,2013-09-19,2014-02-17,2014-02-17,2014-02-17,ARV,Adult,PHARMACY DIRECT,"Tenofovir Disoproxil Fumarate 300mg [Viread], tablets, 30 Tabs",Tenofovir Disoproxil Fumarate,Viread,300mg,Tablet,30,2500,47371.85,18.95,0.63,"Aspen-OSD, Port Elizabeth, SA",False,284.0,0.0,58.6
6501,81018,103-ZW-T30,FPQ-9905,SCMS-149120,ASN-19611,Zimbabwe,PMO - US,Direct Drop,FCA,Air,2012-05-29,2012-07-18,2013-06-19,2013-06-19,2013-06-19,ARV,Pediatric,ABBVIE LOGISTICS (FORMERLY ABBOTT LOGISTICS BV),"Lopinavir/Ritonavir 80/20mg/ml [Kaletra], oral solution, cool, Bottle 5 x 60 ml",Lopinavir/Ritonavir,Kaletra,80/20mg/ml,Oral solution,300,2346,72303.72,30.82,0.1,ABBVIE (Abbott) Logis. UK,True,2172.0,31073.95,101.37
6502,81020,151-NG-T30,FPQ-5035,SCMS-67010,ASN-6723,Nigeria,PMO - US,Direct Drop,FCA,Air,2010-02-15,2010-03-09,2010-05-17,2010-05-17,2010-05-17,ARV,Adult,ABBVIE LOGISTICS (FORMERLY ABBOTT LOGISTICS BV),"Ritonavir 100mg [Norvir], capsules, cool, 4 x 84 Caps",Ritonavir,Norvir,100mg,Capsule,336,50,1918.0,38.36,0.11,ABBVIE (Abbott) Logis. UK,True,154.0,1176.03,4.14
6503,81031,107-RW-T30,FPQ-14813,SCMS-260920,ASN-31240,Rwanda,PMO - US,Direct Drop,FCA,Air,2014-10-09,2014-12-15,2015-03-26,2015-03-26,2015-03-26,ARV,Pediatric,ABBVIE LOGISTICS (FORMERLY ABBOTT LOGISTICS BV),"Lopinavir/Ritonavir 80/20mg/ml [Kaletra], oral solution, cool, Bottle 5 x 60 ml",Lopinavir/Ritonavir,Kaletra,80/20mg/ml,Oral solution,300,86,2650.52,30.82,0.1,ABBVIE (Abbott) Logis. UK,True,100.0,1952.77,2.72
6504,81050,114-UG-T30,FPQ-12477,SCMS-198701,ASN-21881,Uganda,PMO - US,Direct Drop,EXW,Ocean,2013-07-08,2013-09-10,2013-11-07,2013-11-07,2013-11-13,ARV,Adult,STRIDES ARCOLAB LIMITED,"Efavirenz 600mg, tablets, 30 Tabs",Efavirenz,Generic,600mg,Tablet,30,63652,203049.88,3.19,0.11,"Strides, Bangalore, India.",True,3963.0,12961.76,251.17
6505,81061,116-ZA-T30,FPQ-13973,SCMS-238554,ASN-28626,South Africa,PMO - US,Direct Drop,DDP,Truck,2014-04-30,2014-10-03,2014-10-03,2014-10-03,2014-10-03,ARV,Adult,PHARMACY DIRECT,"Saquinavir 200mg [Invirase], capsules, 270 Caps",Saquinavir,Invirase,200mg,Capsule,270,30,2304.67,76.82,0.28,Roche Basel,False,55.0,0.0,2.37
6506,81077,108-VN-T30,FPQ-15087,SCMS-261440,ASN-30320,Vietnam,PMO - US,Direct Drop,EXW,Air,2014-10-24,2014-10-30,2015-03-10,2015-03-10,2015-03-10,ARV,Adult,HETERO LABS LIMITED,"Nevirapine 200mg, tablets, 60 Tabs",Nevirapine,Generic,200mg,Tablet,60,4300,9288.0,2.16,0.04,Hetero Unit III Hyderabad IN,False,220.0,4400.805,10.93
6507,81083,104-CI-T30,FPQ-3882,SCMS-51810,ASN-4979,Côte d'Ivoire,PMO - US,Direct Drop,FCA,Air,2009-07-24,2009-08-24,2009-10-08,2009-10-08,2009-10-08,ARV,Adult,ABBVIE LOGISTICS (FORMERLY ABBOTT LOGISTICS BV),"Lopinavir/Ritonavir 200/50mg [Aluvia], tablets, 120 Tabs",Lopinavir/Ritonavir,Aluvia,200/50mg,Tablet,120,7600,274816.0,36.16,0.3,ABBVIE Ludwigshafen Germany,False,782.0,4063.81,538.64
6508,81121,104-CI-T30,FPQ-14372,SCMS-250210,ASN-29261,Côte d'Ivoire,PMO - US,Direct Drop,EXW,Air,2014-06-03,2014-07-31,2014-12-01,2014-12-01,2014-12-01,ARV,Adult,MYLAN LABORATORIES LTD (FORMERLY MATRIX LABORATORIES),"Atazanavir/Ritonavir 300/100mg, tablets, 30 Tabs",Atazanavir/Ritonavir,Generic,300/100mg,Tablet,30,1000,20000.0,20.0,0.67,Mylan (formerly Matrix) Nashik,True,140.0,2782.77,20.56
6509,81132,104-CI-T30,FPQ-11263,SCMS-174540,ASN-18253,Côte d'Ivoire,PMO - US,Direct Drop,FCA,Air,2012-12-14,2013-01-24,2013-02-27,2013-02-27,2013-02-27,ARV,Pediatric,ABBVIE LOGISTICS (FORMERLY ABBOTT LOGISTICS BV),"Lopinavir/Ritonavir 80/20mg/ml [Kaletra], oral solution, cool, Bottle 5 x 60 ml",Lopinavir/Ritonavir,Kaletra,80/20mg/ml,Oral solution,300,320,9862.4,30.82,0.1,ABBVIE (Abbott) Logis. UK,True,326.0,3852.86,12.2
6510,81197,144-BW-T30,FPQ-4167,SCMS-54160,ASN-5246,Botswana,PMO - US,Direct Drop,EXW,Air,2009-09-09,2009-09-30,2009-11-23,2009-11-23,2009-11-23,HRDT,HIV test - Ancillary,Orasure Technologies Inc.,"#109435**HIV, OraQuick Controls Kit, 3 Vials","HIV, OraQuick Controls Kit, 3 Vials",OraQuick,no_dosage,Test kit - Ancillary,3,10,250.0,25.0,8.33,"Orasure Technologies, Inc USA",True,6.0,337.89,0.49
6511,81200,116-ZA-T30,FPQ-5630,SCMS-72760,ASN-7111,South Africa,PMO - US,Direct Drop,DDP,Truck,2010-04-30,2010-05-05,2010-05-12,2010-05-12,2010-05-12,ARV,Adult,S. BUYS WHOLESALER,"Abacavir 300mg [Ziagen], tablets, Blister 6 x 10 Tabs",Abacavir,Ziagen,300mg,Tablet - blister,60,200,7781.51,38.91,0.65,GSK Ware (UK),False,22.0,0.0,16.78
6512,81252,102-KE-T30,FPQ-9126,SCMS-134000,ASN-13847,Kenya,PMO - US,Direct Drop,DAP,Air,2012-01-10,2012-01-18,2012-02-06,2012-02-06,2012-02-06,HRDT,HIV test,MEDMIRA EAST AFRICA LTD.,"HIV, Reveal G3 Rapid HIV-1 Antibody Test, 30 Tests","HIV, Reveal G3 Rapid HIV-1 Antibody Test",Reveal,no_dosage,Test kit,30,50,2550.0,51.0,1.7,MedMira Inc.,True,18.0,0.0,3.58
6513,81253,116-ZA-T30,FPQ-14942,SCMS-259077,ASN-33477,South Africa,PMO - US,Direct Drop,DDP,Truck,2014-09-11,2014-10-09,2015-07-24,2015-07-24,2015-07-24,ARV,Pediatric,PHARMACY DIRECT,"Abacavir 20mg/ml, oral solution, Bottle, 240 ml",Abacavir,Generic,20mg/ml,Oral solution,240,8,141.69,17.71,0.07,"Aurobindo Unit III, India",False,48.0,0.0,0.15
6514,81254,106-HT-T30,FPQ-15038,SCMS-262910,ASN-30183,Haiti,PMO - US,Direct Drop,EXW,Ocean,2014-10-22,2014-12-24,2015-03-13,2015-03-13,2015-03-18,ARV,Pediatric,Aurobindo Pharma Limited,"Abacavir 20mg/ml, oral solution, Bottle, 240 ml",Abacavir,Generic,20mg/ml,Oral solution,240,300,2049.0,6.83,0.03,"Aurobindo Unit III, India",False,42.0,7785.125,2.11
6515,81293,102-KE-T30,FPQ-4250,SCMS-55900,ASN-5689,Kenya,PMO - US,Direct Drop,EXW,Air,2009-09-16,2009-10-23,2010-01-07,2010-01-07,2010-01-07,HRDT,HIV test,"Standard Diagnostics, Inc.","HIV 1/2, Bioline 3.0 Kit, Lancets, Capillary pipets, Alcohol swabs included, 25 Tests","HIV 1/2, Bioline 3.0 Kit, Lancets, Capillary pipets, Alcohol swabs included",Bioline,no_dosage,Test kit,25,8525,170500.0,20.0,0.8,"Standard Diagnostics, Korea",True,2842.0,21825.6,334.18
6516,81352,116-ZA-T30,FPQ-3560,SCMS-49670,ASN-5049,South Africa,PMO - US,Direct Drop,DDP,Truck,2009-05-07,2009-07-21,2009-08-12,2009-08-12,2009-08-12,ARV,Pediatric,S. BUYS WHOLESALER,"Lopinavir/Ritonavir 80/20mg/ml [Kaletra], oral solution, cool, Bottle 5 x 60 ml",Lopinavir/Ritonavir,Kaletra,80/20mg/ml,Oral solution,300,540,23535.6,43.58,0.15,ABBVIE (Abbott) Logis. UK,True,519.0,0.0,46.13
6517,81358,103-ZW-T30,FPQ-9905,SCMS-148290,ASN-16418,Zimbabwe,PMO - US,Direct Drop,FCA,Air,2012-05-29,2012-07-18,2012-11-08,2012-11-08,2012-11-08,ARV,Pediatric,ABBVIE LOGISTICS (FORMERLY ABBOTT LOGISTICS BV),"Lopinavir/Ritonavir 80/20mg/ml [Kaletra], oral solution, cool, Bottle 5 x 60 ml",Lopinavir/Ritonavir,Kaletra,80/20mg/ml,Oral solution,300,1500,46230.0,30.82,0.1,ABBVIE (Abbott) Logis. UK,True,1374.0,15504.4,64.81
6518,81361,116-ZA-T30,FPQ-3560,SCMS-49670,ASN-5050,South Africa,PMO - US,Direct Drop,DDP,Truck,2009-05-07,2009-07-21,2009-08-12,2009-08-14,2009-08-14,ARV,Pediatric,S. BUYS WHOLESALER,"Lopinavir/Ritonavir 80/20mg/ml [Kaletra], oral solution, cool, Bottle 5 x 60 ml",Lopinavir/Ritonavir,Kaletra,80/20mg/ml,Oral solution,300,710,30944.95,43.58,0.15,ABBVIE (Abbott) Logis. UK,True,62.0,0.0,60.65
6519,81380,161-ZA-T30,FPQ-5303,SCMS-68910,ASN-7470,South Africa,PMO - US,Direct Drop,DDP,Air,2010-03-18,2010-03-19,2010-08-24,2010-08-24,2010-08-24,ARV,Adult,Aurobindo Pharma Limited,"Efavirenz 600mg, tablets, 30 Tabs",Efavirenz,Generic,600mg,Tablet,30,53234,248602.78,4.67,0.16,"Aurobindo Unit III, India",True,4507.0,5886.96,535.99
6520,81396,107-RW-T30,FPQ-14813,SCMS-261783,ASN-33614,Rwanda,PMO - US,Direct Drop,EXW,Air,2014-10-09,2014-12-15,2015-08-27,2015-08-27,2015-08-27,ARV,Adult,EMCURE PHARMACEUTICALS LTD,"Atazanavir/Ritonavir 300/100mg, tablets, 30 Tabs",Atazanavir/Ritonavir,Generic,300/100mg,Tablet,30,24666,443988.0,18.0,0.6,"Emcure Plot No.P-2, I.T-B.T. Park, Phase II, MIDC, Hinjwadi, Pune, India",False,668.5,5865.805,456.42
6521,81405,105-GH-T30,FPQ-13809,SCMS-234030,ASN-26372,Ghana,PMO - US,Direct Drop,EXW,Air,2014-03-07,2014-05-09,2014-06-12,2014-06-12,2014-06-12,ARV,Pediatric,Aurobindo Pharma Limited,"Efavirenz 50mg, capsule, 30 Caps",Efavirenz,Generic,50mg,Capsule,30,14802,23091.12,1.56,0.05,"Aurobindo Unit III, India",True,951.0,7326.62,23.74
6522,81421,161-ZA-T30,FPQ-6262,SCMS-84210,ASN-9173,South Africa,PMO - US,Direct Drop,DDP,Ocean,2010-08-31,2010-09-21,2011-02-09,2011-02-09,2011-02-09,ARV,Adult,CIPLA LIMITED,"Tenofovir Disoproxil Fumarate 300mg, tablets, 30 Tabs",Tenofovir Disoproxil Fumarate,Generic,300mg,Tablet,30,58423,410713.69,7.03,0.23,"Cipla, Goa, India",True,4007.0,6639.33,885.5
6523,81450,108-VN-T30,FPQ-10811,SCMS-164680,ASN-18664,Vietnam,PMO - US,Direct Drop,EXW,Air,2012-10-15,2012-11-07,2013-04-02,2013-04-02,2013-04-02,ARV,Adult,HETERO LABS LIMITED,"Abacavir 300mg, tablets, 60 Tabs",Abacavir,Generic,300mg,Tablet,60,293,3779.7,12.9,0.22,Hetero Unit III Hyderabad IN,False,668.5,4400.805,4.68
6524,81454,202-GT-T30,FPQ-6944,SCMS-98041,ASN-14350,Guatemala,PMO - US,Direct Drop,DDU,Air,2011-01-17,2011-01-25,2012-05-21,2012-05-21,2012-05-21,ARV,Pediatric,IDIS LIMITED,"Didanosine 25mg [Videx], chewable tablets, 60 Tabs",Didanosine,Videx,25mg,Chewable/dispersible tablet,60,228,10401.36,45.62,0.76,Bristol-Myers Squibb Anagni IT,False,40.5,0.0,17.16
6525,81456,106-HT-T30,FPQ-15102,SCMS-260790,ASN-31235,Haiti,PMO - US,Direct Drop,EXW,Air,2014-10-10,2014-11-05,2015-04-21,2015-04-21,2015-04-28,HRDT,HIV test,"SHANGHAI KEHUA BIOENGINEERING CO.,LTD.  (KHB)","HIV 1/2, SKB Colloidal Gold, Diagnostic Kit, Antibody, 50 Tests","HIV 1/2, Colloidal Gold, Diagnostic Kit, Antibody",Colloidal Gold,no_dosage,Test kit,1,1600,39200.0,24.5,24.5,"KHB Test Kit Facility, Shanghai China",True,1130.0,10893.85,46.14
6526,81477,161-ZA-T30,FPQ-5648,SCMS-76020,ASN-8901,South Africa,PMO - US,Direct Drop,DDP,Ocean,2010-06-02,2010-06-17,2010-12-03,2010-12-03,2010-12-03,ARV,Adult,Aurobindo Pharma Limited,"Lamivudine 150mg, tablets, 60 Tabs",Lamivudine,Generic,150mg,Tablet,60,75000,181500.0,2.42,0.04,"Aurobindo Unit III, India",True,2915.0,6012.42,391.31
6527,81483,108-VN-T30,FPQ-10286,SCMS-156150,ASN-16914,Vietnam,PMO - US,Direct Drop,EXW,Air,2012-07-25,2012-08-15,2012-11-12,2012-11-12,2012-11-12,ARV,Adult,CIPLA LIMITED,"Zidovudine 300mg, tablets, 60 Tabs",Zidovudine,Generic,300mg,Tablet,60,525,3465.0,6.6,0.11,"Cipla, Goa, India",True,34.0,807.47,4.86
6528,81495,106-HT-T30,FPQ-6194,SCMS-85980,ASN-8600,Haiti,PMO - US,Direct Drop,EXW,Air,2010-08-07,2010-09-24,2010-11-12,2010-11-12,2010-11-12,HRDT,HIV test,"SHANGHAI KEHUA BIOENGINEERING CO.,LTD.  (KHB)","HIV 1/2, SKB Colloidal Gold, Diagnostic Kit, Antibody, 50 Tests","HIV 1/2, Colloidal Gold, Diagnostic Kit, Antibody",Colloidal Gold,no_dosage,Test kit,1,40,920.0,23.0,23.0,"KHB Test Kit Facility, Shanghai China",True,30.0,835.01,1.98
6529,81496,108-VN-T30,FPQ-12539,SCMS-199750,ASN-22800,Vietnam,PMO - US,Direct Drop,EXW,Air,2013-07-11,2013-07-25,2013-12-13,2013-12-13,2013-12-13,ARV,Adult,CIPLA LIMITED,"Lamivudine/Nevirapine/Zidovudine 150/200/300mg, tablets, 60 Tabs",Lamivudine/Nevirapine/Zidovudine,Generic,150/300/200mg,Tablet - FDC,60,6238,50527.8,8.1,0.13,"Cipla, Goa, India",True,866.0,1464.24,62.5
6530,81509,105-SS-T30,FPQ-14470,SCMS-245250,ASN-27328,South Sudan,PMO - US,Direct Drop,EXW,Air,2014-06-17,2014-06-30,2014-10-03,2014-10-03,2014-11-12,HRDT,HIV test,"Orgenics, Ltd","HIV 1/2, Determine Complete HIV Kit, 100 Tests","HIV 1/2, Determine Complete HIV Kit",Determine,no_dosage,Test kit,100,350,31150.0,89.0,0.89,"Alere Medical Co., Ltd.",False,174.5,2575.925,32.02
6531,81521,161-ZA-T30,FPQ-6262,SCMS-84210,ASN-9694,South Africa,PMO - US,Direct Drop,DDP,Ocean,2010-08-31,2010-09-21,2011-02-09,2011-03-14,2011-03-14,ARV,Adult,CIPLA LIMITED,"Tenofovir Disoproxil Fumarate 300mg, tablets, 30 Tabs",Tenofovir Disoproxil Fumarate,Generic,300mg,Tablet,30,57577,404766.31,7.03,0.23,"Cipla, Goa, India",True,3950.0,6639.35,872.68
6532,81535,106-HT-T30,FPQ-13494,SCMS-225421,ASN-25828,Haiti,PMO - US,Direct Drop,EXW,Air,2014-01-21,2014-02-19,2014-06-23,2014-06-23,2014-07-01,HRDT,HIV test,"SHANGHAI KEHUA BIOENGINEERING CO.,LTD.  (KHB)","HIV 1/2, SKB Colloidal Gold, Diagnostic Kit, Antibody, 50 Tests","HIV 1/2, Colloidal Gold, Diagnostic Kit, Antibody",Colloidal Gold,no_dosage,Test kit,1,350,8575.0,24.5,24.5,"KHB Test Kit Facility, Shanghai China",True,240.0,2836.14,8.82
6533,81540,104-CI-T30,FPQ-13602,SCMS-228020,ASN-27955,Côte d'Ivoire,PMO - US,Direct Drop,EXW,Air,2014-01-22,2014-02-26,2014-09-04,2014-09-04,2014-09-10,HRDT,HIV test,"Standard Diagnostics, Inc.","HIV 1/2, Bioline 3.0 Kit, Lancets, Capillary pipets, Alcohol swabs included, 25 Tests","HIV 1/2, Bioline 3.0 Kit, Lancets, Capillary pipets, Alcohol swabs included",Bioline,no_dosage,Test kit,25,350,7175.0,20.5,0.82,"Standard Diagnostics, Korea",True,111.0,1857.39,7.38
6534,81579,103-KE-T30,FPQ-10018,SCMS-149610,ASN-15670,Kenya,PMO - US,Direct Drop,EXW,Air,2012-06-05,2012-06-14,2012-07-09,2012-07-30,2012-07-30,HRDT,HIV test,"Orgenics, Ltd","HIV 1/2, Determine Complete HIV Kit, 100 Tests","HIV 1/2, Determine Complete HIV Kit",Determine,no_dosage,Test kit,100,4,356.0,89.0,0.89,"Alere Medical Co., Ltd.",True,1413.0,15387.63,0.5
6535,81581,116-ZA-T30,FPQ-11828,SCMS-183950,ASN-19166,South Africa,South Africa Field Office,Direct Drop,DDP,Truck,2013-03-18,2012-10-16,2013-04-16,2013-04-16,2013-04-16,ARV,Adult,S. BUYS WHOLESALER,"Stavudine 20mg [Zerit], capsules, 60 Caps",Stavudine,Zerit,20mg,Capsule,60,71,367.73,5.18,0.09,Bristol-Myers Squibb Anagni IT,False,15.0,0.0,0.45
6536,81603,110-ZM-T30,FPQ-14130,SCMS-239720,ASN-26571,Zambia,PMO - US,Direct Drop,EXW,Air,2014-04-22,2014-05-19,2014-07-23,2014-07-23,2014-09-17,HRDT,HIV test,"Orgenics, Ltd","HIV 1/2, Determine Complete HIV Kit, 100 Tests","HIV 1/2, Determine Complete HIV Kit",Determine,no_dosage,Test kit,100,8000,640000.0,80.0,0.8,"Alere Medical Co., Ltd.",True,3247.0,41461.1,657.92
6537,81627,108-VN-T30,FPQ-7427,SCMS-105510,ASN-11735,Vietnam,PMO - US,Direct Drop,EXW,Air,2011-03-31,2011-04-14,2011-09-13,2011-09-13,2011-09-13,ARV,Adult,HETERO LABS LIMITED,"Efavirenz 600mg, tablets, 30 Tabs",Efavirenz,Generic,600mg,Tablet,30,30000,123900.0,4.13,0.14,Hetero Unit III Hyderabad IN,True,2957.0,14589.33,204.44
6538,81639,116-ZA-T30,FPQ-12522,SCMS-199283,ASN-27976,South Africa,PMO - US,Direct Drop,DDP,Truck,2013-07-11,2014-08-27,2014-08-27,2014-08-27,2014-08-27,ARV,Pediatric,S. BUYS WHOLESALER,"Abacavir 20mg/ml, oral solution w/syringe, Bottle, 240 ml",Abacavir,Generic,20mg/ml,Oral solution,240,35,959.72,27.42,0.11,"Aurobindo Unit III, India",False,668.5,0.0,1.19
6539,81651,104-CI-T30,FPQ-13602,SCMS-228030,ASN-26891,Côte d'Ivoire,PMO - US,Direct Drop,EXW,Air,2014-01-22,2014-02-27,2014-07-17,2014-07-17,2014-07-17,HRDT,HIV test,"CHEMBIO DIAGNOSTIC SYSTEMS, INC.","HIV 1/2, Stat-Pak HIV, Kit, 20 Tests","HIV 1/2, Stat-Pak HIV, Kit",Stat-Pak,no_dosage,Test kit,20,600,18600.0,31.0,1.55,Chembio Diagnostics Sys. Inc.,True,172.0,0.0,19.12
6540,81653,116-ZA-T30,FPQ-12522,SCMS-199280,ASN-24433,South Africa,PMO - US,Direct Drop,DDP,Truck,2013-07-11,2013-08-13,2014-02-07,2014-02-07,2014-02-07,ARV,Adult,S. BUYS WHOLESALER,"Lopinavir/Ritonavir 200/50mg [Aluvia], tablets, 120 Tabs",Lopinavir/Ritonavir,Aluvia,200/50mg,Tablet,120,57,1468.3,25.76,0.21,ABBVIE Ludwigshafen Germany,False,668.5,0.0,1.82
6541,81698,108-VN-T30,FPQ-4265,SCMS-57130,ASN-6268,Vietnam,PMO - US,Direct Drop,EXW,Air,2009-10-20,2009-11-13,2010-03-15,2010-03-15,2010-03-15,ARV,Adult,Aurobindo Pharma Limited,"Lamivudine/Nevirapine/Zidovudine 150/200/300mg, tablets, 60 Tabs",Lamivudine/Nevirapine/Zidovudine,Generic,150/300/200mg,Tablet - FDC,60,12700,141605.0,11.15,0.19,"Aurobindo Unit III, India",True,1572.0,13479.25,277.55
6542,81700,161-ZA-T30,FPQ-5303,SCMS-68940,ASN-8125,South Africa,PMO - US,Direct Drop,DDP,Air,2010-03-18,2010-03-19,2010-09-07,2010-09-20,2010-09-20,ARV,Adult,Aurobindo Pharma Limited,"Efavirenz 600mg, tablets, 30 Tabs",Efavirenz,Generic,600mg,Tablet,30,31875,148856.25,4.67,0.16,"Aurobindo Unit III, India",True,3005.0,4263.07,320.93
6543,81726,108-VN-T30,FPQ-11560,SCMS-177630,ASN-20041,Vietnam,PMO - US,Direct Drop,EXW,Air,2013-02-07,2013-02-13,2013-07-13,2013-07-13,2013-07-13,ARV,Adult,MYLAN LABORATORIES LTD (FORMERLY MATRIX LABORATORIES),"Efavirenz/Lamivudine/Tenofovir Disoproxil Fumarate 600/300/300mg, tablets, 30 Tabs",Efavirenz/Lamivudine/Tenofovir Disoproxil Fumarate,Generic,600/300/300mg,Tablet - FDC,30,2865,32918.85,11.49,0.38,Mylan (formerly Matrix) Nashik,True,332.0,6973.87,40.72
6544,81739,116-ZA-T30,FPQ-14942,SCMS-259079,ASN-33852,South Africa,PMO - US,Direct Drop,DDP,Truck,2014-09-11,2014-10-09,2015-08-24,2015-08-24,2015-08-24,ARV,Adult,PHARMACY DIRECT,"Lamivudine/Zidovudine 150/300mg, tablets, 60 Tabs",Lamivudine/Zidovudine,Generic,150/300mg,Tablet - FDC,60,26,597.92,23.0,0.38,"Aurobindo Unit III, India",False,33051.0,0.0,0.61
6545,81747,111-MZ-T30,FPQ-13395,SCMS-219220,ASN-25455,Mozambique,PMO - US,Direct Drop,EXW,Air,2013-12-11,2013-12-17,2014-05-02,2014-05-02,2014-05-07,ARV,Adult,HETERO LABS LIMITED,"Lamivudine/Nevirapine/Zidovudine 150/200/300mg, tablets, 60 Tabs",Lamivudine/Nevirapine/Zidovudine,Generic,150/300/200mg,Tablet - FDC,60,24816,201257.76,8.11,0.14,Hetero Unit III Hyderabad IN,True,3392.0,16835.52,206.89
6546,81753,103-ZW-T30,FPQ-15293,SCMS-263540,ASN-31073,Zimbabwe,PMO - US,Direct Drop,FCA,Air,2014-11-04,2014-11-12,2015-03-19,2015-03-19,2015-03-19,ARV,Pediatric,ABBVIE LOGISTICS (FORMERLY ABBOTT LOGISTICS BV),"Lopinavir/Ritonavir 80/20mg/ml [Kaletra], oral solution, cool, Bottle 5 x 60 ml",Lopinavir/Ritonavir,Kaletra,80/20mg/ml,Oral solution,300,6490,200021.8,30.82,0.1,ABBVIE (Abbott) Logis. UK,True,5747.0,50104.34,235.43
6547,81757,111-MZ-T30,FPQ-8116,SCMS-118351,ASN-14785,Mozambique,PMO - US,Direct Drop,EXW,Air,2011-08-04,2012-04-05,2012-06-20,2012-06-20,2012-06-20,HRDT,HIV test,"Trinity Biotech, Plc","HIV 1/2, Uni-Gold HIV Kit, 20 Tests","HIV 1/2, Uni-Gold HIV Kit",Uni-Gold,no_dosage,Test kit,20,7500,240000.0,32.0,1.6,"Trinity Biotech, Plc",True,2440.0,37115.71,396.0
6548,81767,108-VN-T30,FPQ-10266,SCMS-153070,ASN-16382,Vietnam,PMO - US,Direct Drop,EXW,Air,2012-07-11,2012-07-12,2012-10-09,2012-10-09,2012-10-09,ARV,Adult,HETERO LABS LIMITED,"Lamivudine 150mg, tablets, 60 Tabs",Lamivudine,Generic,150mg,Tablet,60,37366,78468.6,2.1,0.04,Hetero Unit III Hyderabad IN,True,2162.0,3324.85,110.01
6549,81769,116-ZA-T30,FPQ-12522,SCMS-199289,ASN-28036,South Africa,PMO - US,Direct Drop,DDP,Truck,2013-07-11,2014-08-29,2014-08-29,2014-08-29,2014-08-29,ARV,Adult,S. BUYS WHOLESALER,"Emtricitabine/Tenofovir Disoproxil Fumarate 200/300mg, tablets, 30 Tabs",Emtricitabine/Tenofovir Disoproxil Fumarate,Generic,200/300mg,Tablet - FDC,30,302,10065.28,33.33,1.11,"Aurobindo Unit III, India",False,668.5,0.0,12.45
6550,81808,106-HT-T30,FPQ-14083,SCMS-240130,ASN-28761,Haiti,PMO - US,Direct Drop,EXW,Ocean,2014-05-11,2014-06-02,2015-01-09,2015-01-09,2015-01-12,ARV,Adult,MICRO LABS LIMITED,"Nevirapine 200mg, tablets, 60 Tabs",Nevirapine,Generic,200mg,Tablet,60,45750,95160.0,2.08,0.03,"Micro labs, Verna, Goa, India",False,668.5,7785.125,97.82
6551,81823,111-MZ-T30,FPQ-15346,SCMS-266470,ASN-31352,Mozambique,PMO - US,Direct Drop,FCA,Air,2014-11-21,2014-12-08,2015-04-14,2015-04-14,2015-07-15,HRDT,HIV test,BIO-RAD LABORATORIES (FRANCE),"HIV, Multispot HIV-1/HIV-2 Rapid Test Kit, 50 Tests","HIV, Multispot HIV-1/HIV-2 Rapid Test Kit",Multispot,no_dosage,Test kit,50,80,107651.2,1345.64,26.91,Bio-Rad Laboratories,True,72.0,3247.5699999999997,126.71
6552,81854,161-ZA-T30,FPQ-6262,SCMS-84230,ASN-9509,South Africa,PMO - US,Direct Drop,DDP,Ocean,2010-08-31,2010-09-21,2011-02-14,2011-03-09,2011-03-09,ARV,Adult,STRIDES ARCOLAB LIMITED,"Lamivudine 150mg, tablets, 60 Tabs",Lamivudine,Generic,150mg,Tablet,60,212409,524650.23,2.47,0.04,"Strides, Bangalore, India.",True,10302.0,13677.69,1131.15
6553,81855,117-ET-T30,FPQ-6976,SCMS-98311,ASN-11688,Ethiopia,PMO - US,Direct Drop,EXW,Air,2011-01-13,2011-02-01,2011-08-25,2011-08-25,2011-08-25,ARV,Adult,Aurobindo Pharma Limited,"Didanosine 250mg, delayed-release capsules, 30 Caps",Didanosine,Generic,250mg,Delayed-release capsules,30,3775,49075.0,13.0,0.43,"Aurobindo Unit III, India",True,257.0,2325.62,80.97
6554,81888,133-NG-T30,FPQ-12812,SCMS-210351,ASN-23947,Nigeria,PMO - US,Direct Drop,EXW,Air,2013-08-13,2013-11-01,2014-02-18,2014-02-13,2014-03-12,HRDT,HIV test,"Orgenics, Ltd","HIV 1/2, Determine Complete HIV Kit, 100 Tests","HIV 1/2, Determine Complete HIV Kit",Determine,no_dosage,Test kit,100,9363,833307.0,89.0,0.89,"Alere Medical Co., Ltd.",True,3800.0,58592.54,1030.8
6555,81909,133-NG-T30,FPQ-12456,SCMS-196561,ASN-22343,Nigeria,PMO - US,Direct Drop,EXW,Air,2013-06-10,2013-07-10,2013-11-07,2013-11-05,2013-11-17,HRDT,HIV test,"Orgenics, Ltd","HIV 1/2, Determine Complete HIV Kit, 100 Tests","HIV 1/2, Determine Complete HIV Kit",Determine,no_dosage,Test kit,100,3031,269759.0,89.0,0.89,"Alere Medical Co., Ltd.",True,1231.0,20705.23,333.69
6556,81920,106-HT-T30,FPQ-10555,SCMS-158630,ASN-16286,Haiti,PMO - US,Direct Drop,EXW,Air,2012-08-24,2012-08-29,2012-10-04,2012-10-04,2012-10-04,ARV,Pediatric,Aurobindo Pharma Limited,"Lamivudine 10mg/ml, oral solution w/syringe, Bottle, 240 ml",Lamivudine,Generic,10mg/ml,Oral solution,240,3528,6526.8,1.85,0.01,"Aurobindo Unit III, India",True,1296.0,9230.19,9.15
6557,81961,116-ZA-T30,FPQ-11828,SCMS-183950,ASN-19166,South Africa,South Africa Field Office,Direct Drop,DDP,Truck,2013-03-18,2012-10-16,2013-04-16,2013-04-16,2013-04-16,ARV,Adult,S. BUYS WHOLESALER,"Stavudine 30mg, capsules, 60 Caps",Stavudine,Generic,30mg,Capsule,60,9227,37157.67,4.03,0.07,"Aurobindo Unit III, India",False,813.0,0.0,45.96
6558,81968,117-ET-T30,FPQ-9098,SCMS-133520,ASN-15537,Ethiopia,PMO - US,Direct Drop,EXW,Air,2012-01-10,2012-01-23,2012-08-05,2012-08-05,2012-08-05,HRDT,HIV test,"Trinity Biotech, Plc","HIV 1/2, Uni-Gold HIV Kit, 20 Tests","HIV 1/2, Uni-Gold HIV Kit",Uni-Gold,no_dosage,Test kit,20,167,5344.0,32.0,1.6,"Trinity Biotech, Plc",True,61.0,925.05,7.49
6559,81971,202-GT-T30,FPQ-6966,SCMS-98620,ASN-10108,Guatemala,PMO - US,Direct Drop,CIP,Air,2011-01-03,2011-02-02,2011-03-08,2011-03-08,2011-03-08,ARV,Adult,ABBOTT LOGISTICS B.V.,"Lopinavir/Ritonavir 200/50mg [Aluvia], tablets, 120 Tabs",Lopinavir/Ritonavir,Aluvia,200/50mg,Tablet,120,2426,203371.58,83.83,0.7,ABBVIE Ludwigshafen Germany,True,668.5,0.0,335.56
6560,81988,161-ZA-T30,FPQ-5447,SCMS-70130,ASN-7086,South Africa,PMO - US,Direct Drop,DDP,Truck,2010-04-01,2010-04-23,2010-04-29,2010-04-29,2010-04-29,ARV,Pediatric,AUROBINDO PHARAM (SOUTH AFRICA),"Lamivudine 10mg/ml, oral solution w/syringe, Bottle, 240 ml",Lamivudine,Generic,10mg/ml,Oral solution,240,16500,50631.92,3.07,0.01,"Aurobindo Unit III, India",True,2353.0,3908.56,109.16
6561,81990,116-ZA-T30,FPQ-12522,SCMS-199283,ASN-27976,South Africa,PMO - US,Direct Drop,DDP,Truck,2013-07-11,2014-08-27,2014-08-27,2014-08-27,2014-08-27,ARV,Adult,S. BUYS WHOLESALER,"Emtricitabine/Tenofovir Disoproxil Fumarate 200/300mg, tablets, 30 Tabs",Emtricitabine/Tenofovir Disoproxil Fumarate,Generic,200/300mg,Tablet - FDC,30,16,539.58,33.72,1.12,"Aurobindo Unit III, India",False,168.5,0.0,0.67
6562,82004,102-GY-T30,FPQ-9180,SCMS-139640,ASN-14784,Guyana,PMO - US,Direct Drop,EXW,Air,2012-01-17,2012-04-09,2012-05-23,2012-05-23,2012-05-23,HRDT,HIV test,"Trinity Biotech, Plc","HIV 1/2, Uni-Gold HIV Kit, 20 Tests","HIV 1/2, Uni-Gold HIV Kit",Uni-Gold,no_dosage,Test kit,20,1513,48416.0,32.0,1.6,"Trinity Biotech, Plc",True,410.0,5577.13,67.88
6563,82005,161-ZA-T30,FPQ-5648,SCMS-75460,ASN-8262,South Africa,PMO - US,Direct Drop,DDP,Ocean,2010-06-02,2010-06-17,2011-03-04,2011-03-04,2011-03-04,ARV,Adult,Aurobindo Pharma Limited,"Lamivudine 150mg, tablets, 60 Tabs",Lamivudine,Generic,150mg,Tablet,60,130828,316603.76,2.42,0.04,"Aurobindo Unit III, India",True,6525.0,10984.82,682.6
6564,82025,116-ZA-T30,FPQ-14942,SCMS-295800,ASN-33865,South Africa,PMO - US,Direct Drop,DDP,Truck,2014-09-11,2015-08-24,2015-08-24,2015-08-24,2015-08-24,ARV,Adult,PHARMACY DIRECT,"Lamivudine 150mg, tablets, 60 Tabs",Lamivudine,Generic,150mg,Tablet,60,98,691.06,7.05,0.12,"Aurobindo Unit III, India",False,22.0,0.0,0.71
6565,82047,116-ZA-T30,FPQ-14942,SCMS-259079,ASN-33851,South Africa,PMO - US,Direct Drop,DDP,Truck,2014-09-11,2014-10-09,2015-08-24,2015-08-24,2015-08-24,ARV,Adult,PHARMACY DIRECT,"Zidovudine 300mg, tablets, 60 Tabs",Zidovudine,Generic,300mg,Tablet,60,15,289.91,19.33,0.32,"Aurobindo Unit III, India",False,5256.0,0.0,0.3
6566,82052,161-ZA-T30,FPQ-5648,SCMS-75980,ASN-8791,South Africa,PMO - US,Direct Drop,DDP,Ocean,2010-06-02,2010-06-17,2010-12-20,2011-01-12,2011-01-12,ARV,Adult,Aurobindo Pharma Limited,"Tenofovir Disoproxil Fumarate 300mg, tablets, 30 Tabs",Tenofovir Disoproxil Fumarate,Generic,300mg,Tablet,30,11711,80923.01,6.91,0.23,"Aurobindo Unit III, India",True,1093.0,5460.48,174.47
6567,82058,116-ZA-T30,FPQ-4359,SCMS-55000,ASN-5348,South Africa,PMO - US,Direct Drop,DDP,Truck,2009-10-08,2009-10-15,2009-10-21,2009-10-21,2009-10-21,ARV,Pediatric,S. BUYS WHOLESALER,"Ritonavir 80mg/ml [Norvir], oral solution, cool, Bottle, 90 ml",Ritonavir,Norvir,80mg/ml,Oral solution,90,6,58.03,9.67,0.11,ABBVIE (Abbott) France,True,9.0,0.0,0.11
6568,82062,116-ZA-T30,FPQ-13214,SCMS-215410,ASN-23875,South Africa,PMO - US,Direct Drop,DDP,Truck,2013-11-14,2013-12-02,2014-01-13,2014-01-13,2014-01-13,ARV,Adult,S. BUYS WHOLESALER,"Abacavir 300mg, tablets, 60 Tabs",Abacavir,Generic,300mg,Tablet,60,3,193.74,64.58,1.08,"Aurobindo Unit III, India",False,1.0,0.0,0.2
6569,82069,116-ZA-T30,FPQ-5535,SCMS-71370,ASN-7373,South Africa,PMO - US,Direct Drop,DDP,Truck,2010-04-19,2010-04-21,2010-05-31,2010-05-31,2010-05-31,ARV,Adult,S. BUYS WHOLESALER,"Stavudine 30mg, capsules, 60 Caps",Stavudine,Generic,30mg,Capsule,60,2000,9240.04,4.62,0.08,"Aurobindo Unit III, India",False,274.0,0.0,19.92
6570,82105,108-VN-T30,FPQ-10267,SCMS-153080,ASN-16141,Vietnam,PMO - US,Direct Drop,EXW,Air,2012-07-10,2012-07-12,2012-10-08,2012-10-08,2012-10-08,ARV,Adult,HETERO LABS LIMITED,"Nevirapine 200mg, tablets, 60 Tabs",Nevirapine,Generic,200mg,Tablet,60,8586,20005.38,2.33,0.04,Hetero Unit III Hyderabad IN,True,544.0,1454.64,28.05
6571,82125,113-ZW-T30,FPQ-13939,SCMS-240570,ASN-27582,Zimbabwe,PMO - US,Direct Drop,EXW,Air Charter,2014-04-01,2014-05-27,2014-09-17,2014-09-17,2014-09-19,ARV,Adult,HETERO LABS LIMITED,"Lamivudine/Tenofovir Disoproxil Fumarate 300/300mg, tablets, 30 Tabs",Lamivudine/Tenofovir Disoproxil Fumarate,Generic,300/300mg,Tablet - FDC,30,15187,70163.94,4.62,0.15,Hetero Unit III Hyderabad IN,False,668.5,25467.64,72.13
6572,82128,116-ZA-T30,FPQ-13973,SCMS-238555,ASN-29257,South Africa,PMO - US,Direct Drop,DDP,Truck,2014-04-30,2014-11-04,2014-11-05,2014-11-05,2014-11-05,ARV,Adult,PHARMACY DIRECT,"Nevirapine 200mg, tablets, 60 Tabs",Nevirapine,Generic,200mg,Tablet,60,24,425.93,17.75,0.3,"Aurobindo Unit III, India",False,14.5,0.0,0.44
6573,82137,161-ZA-T30,FPQ-5303,SCMS-68940,ASN-8246,South Africa,PMO - US,Direct Drop,DDP,Air,2010-03-18,2010-03-19,2010-09-07,2010-11-17,2010-11-17,ARV,Adult,Aurobindo Pharma Limited,"Efavirenz 600mg, tablets, 30 Tabs",Efavirenz,Generic,600mg,Tablet,30,39049,182358.83,4.67,0.16,"Aurobindo Unit III, India",True,3669.0,4263.07,393.17
6574,82148,105-SS-T30,FPQ-15569,SCMS-272170,ASN-32108,South Sudan,PMO - US,Direct Drop,EXW,Air,2014-12-29,2015-02-20,2015-07-02,2015-07-07,2015-07-07,HRDT,HIV test,"Orgenics, Ltd","HIV 1/2, Determine Complete HIV Kit, 100 Tests","HIV 1/2, Determine Complete HIV Kit",Determine,no_dosage,Test kit,100,30,2670.0,89.0,0.89,"Alere Medical Co., Ltd.",False,59.0,2575.925,3.14
6575,82159,151-NG-T30,FPQ-16553,SCMS-296460,ASN-33764,Nigeria,PMO - US,Direct Drop,EXW,Air,2015-07-07,2015-08-04,2015-08-31,2015-08-31,2015-09-09,ARV,Pediatric,CIPLA LIMITED,"Abacavir 60mg, dispersible tablets, 60 Tabs",Abacavir,Generic,60mg,Chewable/dispersible tablet,60,800,3600.0,4.5,0.08,"Cipla, Patalganga, India",True,98.0,10144.765,4.24
6576,82172,108-VN-T30,FPQ-6384,SCMS-87780,ASN-9408,Vietnam,PMO - US,Direct Drop,EXW,Air,2010-09-30,2010-10-18,2011-02-16,2011-02-16,2011-02-16,ARV,Adult,HETERO LABS LIMITED,"Stavudine 30mg, capsules, 60 Caps",Stavudine,Generic,30mg,Capsule,60,15572,22579.4,1.45,0.02,Hetero Unit III Hyderabad IN,False,668.5,4400.805,48.68
6577,82177,108-VN-T30,FPQ-14516,SCMS-249050,ASN-29372,Vietnam,PMO - US,Direct Drop,EXW,Air,2014-07-09,2014-08-11,2014-12-17,2014-12-17,2014-12-17,ARV,Adult,HETERO LABS LIMITED,"Efavirenz 600mg, tablets, 30 Tabs",Efavirenz,Generic,600mg,Tablet,30,5000,17500.0,3.5,0.12,Hetero Unit III Hyderabad IN,False,452.0,4400.805,17.99
6578,82203,106-HT-T30,FPQ-11285,SCMS-176250,ASN-18844,Haiti,PMO - US,Direct Drop,FCA,Air,2013-01-16,2013-02-05,2013-04-11,2013-04-11,2013-04-11,ARV,Pediatric,LAWRENCE LABORATORIES (SUBSIDIARY OF BRISTOL MYERS SQUIBB),"Didanosine 2g [Videx], powder for oral solution 10mg/ml, reconstitute to 200 ml",Didanosine,Videx,2g,Powder for oral solution,200,98,1233.82,12.59,0.06,Bristol-Myers Squibb Anagni IT,True,22.0,817.99,1.53
6579,82256,116-ZA-T30,FPQ-3596,SCMS-50370,ASN-5458,South Africa,PMO - US,Direct Drop,DDP,Truck,2009-05-07,2009-09-22,2009-10-29,2009-10-27,2009-10-27,ARV,Adult,S. BUYS WHOLESALER,"Nevirapine 200mg [Viramune], tablets, 60 Tabs",Nevirapine,Viramune,200mg,Tablet,60,2400,48739.72,20.31,0.34,"Boehringer Ing., Koropi, GR",False,469.5,0.0,95.53
6580,82271,114-UG-T30,FPQ-4065,SO-33010,DN-1417,Uganda,PMO - US,From RDC,N/A - From RDC,Air,2009-08-06,2009-04-08,2009-10-08,2009-10-08,2009-10-08,ARV,Adult,SCMS from RDC,"Lamivudine/Zidovudine 150/300mg, tablets, 60 Tabs",Lamivudine/Zidovudine,Generic,150/300mg,Tablet - FDC,60,400,3504.0,8.76,0.15,"Aurobindo Unit III, India",True,70.0,1764.84,6.87
6581,82272,154-NG-T30,FPQ-3815,SO-32260,DN-1452,Nigeria,PMO - US,From RDC,N/A - From RDC,Air Charter,2009-05-26,2009-04-30,2009-10-30,2009-10-20,2009-10-20,ARV,Adult,SCMS from RDC,"Nevirapine 200mg, tablets, 60 Tabs",Nevirapine,Generic,200mg,Tablet,60,318,922.2,2.9,0.05,"Aurobindo Unit III, India",True,105.0,9341.59,1.81
6582,82273,104-CI-T30,FPQ-4187,SO-33520,DN-1474,Côte d'Ivoire,PMO - US,From RDC,N/A - From RDC,Air,2009-09-09,2009-04-23,2009-10-23,2009-10-23,2009-10-23,ARV,Adult,SCMS from RDC,"Nevirapine 200mg, tablets, 60 Tabs",Nevirapine,Generic,200mg,Tablet,60,2600,7540.0,2.9,0.05,Hetero Unit III Hyderabad IN,True,373.0,4266.24,14.78
6583,82274,113-ZW-T30,FPQ-4472,SO-27190,DN-1500,Zimbabwe,PMO - US,From RDC,N/A - From RDC,Truck,2009-03-17,2009-05-15,2009-11-15,2009-11-09,2009-11-09,ARV,Adult,SCMS from RDC,"Lamivudine/Nevirapine/Stavudine 150/200/30mg, tablets, 60 Tabs",Lamivudine/Nevirapine/Stavudine,Generic,150/200/30mg,Tablet - FDC,60,76000,506160.0,6.66,0.11,"Cipla, Goa, India",True,8701.0,15332.68,992.07
6584,82275,110-ZM-T30,FPQ-4035,SO-34340,DN-1515,Zambia,PMO - US,From RDC,N/A - From RDC,Truck,2009-08-05,2009-05-30,2009-11-30,2009-11-23,2009-11-23,ARV,Adult,SCMS from RDC,"Efavirenz 600mg, tablets, 30 Tabs",Efavirenz,Generic,600mg,Tablet,30,47227,272972.06,5.78,0.19,"Aurobindo Unit III, India",True,4959.0,9973.51,535.03
6585,82276,123-NG-T30,FPQ-4395,SO-32971,DN-1519,Nigeria,PMO - US,From RDC,N/A - From RDC,Air Charter,2009-07-27,2009-06-18,2009-12-18,2009-12-18,2009-12-18,ARV,Adult,SCMS from RDC,"Zidovudine 300mg, tablets, 60 Tabs",Zidovudine,Generic,300mg,Tablet,60,1697,12778.41,7.53,0.13,"Aurobindo Unit III, India",True,6725.0,33279.39,25.05
6586,82277,104-CI-T30,FPQ-3964,SO-34520,DN-1536,Côte d'Ivoire,PMO - US,From RDC,N/A - From RDC,Air,2009-07-24,2009-06-10,2009-12-10,2009-12-02,2009-12-02,ARV,Adult,SCMS from RDC,"Lamivudine/Stavudine 150/30mg, tablets, 60 Tabs",Lamivudine/Stavudine,Generic,150/30mg,Tablet - FDC,60,1060,4028.0,3.8,0.06,"Strides, Bangalore, India.",True,56.0,1211.48,7.89
6587,82278,104-CI-T30,FPQ-4378,SO-34470,DN-1539,Côte d'Ivoire,PMO - US,From RDC,N/A - From RDC,Air,2009-10-15,2009-06-02,2009-12-02,2009-12-02,2009-12-02,ARV,Adult,SCMS from RDC,"Stavudine 30mg, capsules, 60 Caps",Stavudine,Generic,30mg,Capsule,60,1260,1839.6,1.46,0.02,"Aurobindo Unit III, India",True,82.0,1211.48,3.61
6588,82279,104-CI-T30,FPQ-4187,SO-33492,DN-1555,Côte d'Ivoire,PMO - US,From RDC,N/A - From RDC,Air,2009-09-09,2009-06-09,2009-12-09,2009-11-27,2009-11-27,ARV,Adult,SCMS from RDC,"Lamivudine 150mg, tablets, 60 Tabs",Lamivudine,Generic,150mg,Tablet,60,5907,14413.08,2.44,0.04,"Aurobindo Unit III, India",True,283.0,4969.95,28.25
6589,82280,114-UG-T30,FPQ-4275,SO-33990,DN-1579,Uganda,PMO - US,From RDC,N/A - From RDC,Air,2009-09-17,2009-07-15,2010-01-15,2009-12-10,2009-12-10,ARV,Adult,SCMS from RDC,"Zidovudine 300mg, tablets, 60 Tabs",Zidovudine,Generic,300mg,Tablet,60,4730,35616.9,7.53,0.13,"Aurobindo Unit III, India",True,260.0,1898.84,69.81
6590,82281,111-MZ-T30,FPQ-4479,SO-34170,DN-1580,Mozambique,PMO - US,From RDC,N/A - From RDC,Air,2009-02-26,2009-07-19,2010-01-19,2010-01-26,2010-01-26,ARV,Adult,SCMS from RDC,"Zidovudine 300mg, tablets, 60 Tabs",Zidovudine,Generic,300mg,Tablet,60,92,709.32,7.71,0.13,"Aurobindo Unit III, India",True,363.0,1816.73,1.39
6591,82282,110-ZM-T30,FPQ-4029,SO-34920,DN-1586,Zambia,PMO - US,From RDC,N/A - From RDC,Truck,2009-08-05,2009-07-15,2010-01-15,2009-12-09,2009-12-09,ARV,Adult,SCMS from RDC,"Zidovudine 300mg, tablets, 60 Tabs",Zidovudine,Generic,300mg,Tablet,60,10000,75300.0,7.53,0.13,"Aurobindo Unit III, India",True,546.0,2412.99,147.59
6592,82283,114-UG-T30,FPQ-4275,SO-35160,DN-1601,Uganda,PMO - US,From RDC,N/A - From RDC,Air,2009-09-17,2009-07-15,2010-01-15,2010-01-22,2010-01-22,ARV,Adult,SCMS from RDC,"Lamivudine/Nevirapine/Zidovudine 150/200/300mg, tablets, 60 Tabs",Lamivudine/Nevirapine/Zidovudine,Generic,150/300/200mg,Tablet - FDC,60,59,661.98,11.22,0.19,Mylan (formerly Matrix) Nashik,True,12.0,1311.0,1.3
6593,82284,106-HT-T30,FPQ-4469,SO-35170,DN-1605,Haiti,PMO - US,From RDC,N/A - From RDC,Air,2009-09-23,2009-07-11,2010-01-11,2010-01-08,2010-01-08,ARV,Pediatric,SCMS from RDC,"Zidovudine 10mg/ml, oral solution, Bottle, 240 ml",Zidovudine,Generic,10mg/ml,Oral solution,240,3648,7368.96,2.02,0.01,"Aurobindo Unit III, India",True,2571.0,26830.44,15.89
6594,82285,111-MZ-T30,FPQ-4473,SO-26422,DN-1608,Mozambique,PMO - US,From RDC,N/A - From RDC,Truck,2009-02-26,2009-09-30,2010-03-31,2010-03-24,2010-03-24,ARV,Adult,SCMS from RDC,"Tenofovir Disoproxil Fumarate 300mg, tablets, 30 Tabs",Tenofovir Disoproxil Fumarate,Generic,300mg,Tablet,30,3040,25931.2,8.53,0.28,Mylan (formerly Matrix) Nashik,True,163.0,1236.13,50.83
6595,82286,106-HT-T30,FPQ-4384,SO-34700,DN-1609,Haiti,PMO - US,From RDC,N/A - From RDC,Air,2009-10-23,2009-07-18,2010-01-18,2010-01-27,2010-01-27,ARV,Pediatric,SCMS from RDC,"Nevirapine 10mg/ml, oral suspension, Bottle, 240 ml",Nevirapine,Generic,10mg/ml,Oral suspension,240,3635,6979.2,1.92,0.01,"Aurobindo Unit III, India",True,1345.0,14489.1,15.05
6596,82289,104-CI-T30,FPQ-4187,SO-33472,DN-1618,Côte d'Ivoire,PMO - US,From RDC,N/A - From RDC,Air,2009-09-09,2009-08-05,2010-02-05,2010-01-23,2010-01-23,ARV,Adult,SCMS from RDC,"Lamivudine/Nevirapine/Zidovudine 150/200/300mg, tablets, 60 Tabs",Lamivudine/Nevirapine/Zidovudine,Generic,150/300/200mg,Tablet - FDC,60,30060,337273.2,11.22,0.19,"Aurobindo Unit III, India",True,3508.0,5254.1,661.06
6597,82290,106-HT-T30,FPQ-4469,SO-34200,DN-1626,Haiti,PMO - US,From RDC,N/A - From RDC,Air,2009-09-23,2009-09-05,2010-03-05,2010-03-03,2010-03-03,ARV,Adult,SCMS from RDC,"Lamivudine/Zidovudine 150/300mg, tablets, 60 Tabs",Lamivudine/Zidovudine,Generic,150/300mg,Tablet - FDC,60,12000,105120.0,8.76,0.15,"Aurobindo Unit III, India",True,1077.0,12016.69,226.64
6598,82291,111-MZ-T30,FPQ-4471,SO-33590,DN-1628,Mozambique,PMO - US,From RDC,N/A - From RDC,Air,2009-09-14,2009-10-14,2010-04-14,2010-04-14,2010-04-14,ARV,Adult,SCMS from RDC,"Efavirenz 600mg, tablets, 30 Tabs",Efavirenz,Generic,600mg,Tablet,30,10000,57800.0,5.78,0.19,"Aurobindo Unit III, India",True,2156.0,3423.25,113.29
6599,82292,111-MZ-T30,FPQ-4471,SO-33590,DN-1628,Mozambique,PMO - US,From RDC,N/A - From RDC,Air,2009-09-14,2009-10-14,2010-04-14,2010-04-14,2010-04-14,ARV,Adult,SCMS from RDC,"Lamivudine 150mg, tablets, 60 Tabs",Lamivudine,Generic,150mg,Tablet,60,1939,4731.16,2.44,0.04,"Aurobindo Unit III, India",False,668.5,3247.5699999999997,9.27
6600,82293,110-ZM-T30,FPQ-4273,SO-33690,DN-1643,Zambia,PMO - US,From RDC,N/A - From RDC,Truck,2009-09-17,2009-09-15,2010-03-15,2010-03-05,2010-03-05,ARV,Adult,SCMS from RDC,"Lamivudine/Nevirapine/Stavudine 150/200/30mg, tablets, 60 Tabs",Lamivudine/Nevirapine/Stavudine,Generic,150/200/30mg,Tablet - FDC,60,58097,375887.59,6.47,0.11,"Cipla, Goa, India",True,19451.0,16898.2,736.74
6601,82294,111-MZ-T30,FPQ-4471,SO-35500,DN-1651,Mozambique,PMO - US,From RDC,N/A - From RDC,Truck,2009-09-14,2009-10-19,2010-04-19,2010-04-14,2010-04-14,ARV,Adult,SCMS from RDC,"Zidovudine 300mg, tablets, 60 Tabs",Zidovudine,Generic,300mg,Tablet,60,25020,188400.6,7.53,0.13,Hetero Unit III Hyderabad IN,True,1387.0,0.0,369.27
6602,82295,114-UG-T30,FPQ-5014,SO-35870,DN-1654,Uganda,PMO - US,From RDC,N/A - From RDC,Air,2010-01-29,2009-09-18,2010-03-18,2010-03-17,2010-03-17,ARV,Adult,SCMS from RDC,"Nevirapine 200mg, tablets, 60 Tabs",Nevirapine,Generic,200mg,Tablet,60,600,1638.0,2.73,0.05,"Aurobindo Unit III, India",True,306.0,3945.33,3.53
6603,82296,113-ZW-T30,FPQ-4688,SO-35410,DN-1660,Zimbabwe,PMO - US,From RDC,N/A - From RDC,Air,2009-12-08,2009-09-30,2010-03-31,2010-03-12,2010-03-12,ARV,Adult,SCMS from RDC,"Efavirenz 600mg, tablets, 30 Tabs",Efavirenz,Generic,600mg,Tablet,30,1900,9747.0,5.13,0.17,"Aurobindo Unit III, India",True,4000.0,3302.14,21.01
6604,82297,114-UG-T30,FPQ-4325,SO-35970,DN-1677,Uganda,PMO - US,From RDC,N/A - From RDC,Air,2009-09-23,2009-09-19,2010-03-19,2010-03-17,2010-03-17,ARV,Adult,SCMS from RDC,"Lamivudine 150mg, tablets, 60 Tabs",Lamivudine,Generic,150mg,Tablet,60,3519,8586.36,2.44,0.04,Mylan (formerly Matrix) Nashik,True,2538.0,6298.34,16.83
6605,82298,104-CI-T30,FPQ-4378,SO-34450,DN-1680,Côte d'Ivoire,PMO - US,From RDC,N/A - From RDC,Air,2009-10-15,2009-09-22,2010-03-22,2010-03-11,2010-03-11,ARV,Pediatric,SCMS from RDC,"Didanosine 200mg, chewable/dispersible tablets, 60 Tabs",Didanosine,Generic,200mg,Chewable/dispersible tablet,60,1907,29558.5,15.5,0.26,"Aurobindo Unit III, India",True,395.0,1042.58,57.93
6606,82299,104-CI-T30,FPQ-4659,SO-35561,DN-1681,Côte d'Ivoire,PMO - US,From RDC,N/A - From RDC,Air,2009-12-08,2009-11-10,2010-05-10,2010-03-11,2010-03-11,ARV,Pediatric,SCMS from RDC,"Didanosine 200mg, chewable/dispersible tablets, 60 Tabs",Didanosine,Generic,200mg,Chewable/dispersible tablet,60,260,4030.0,15.5,0.26,"Aurobindo Unit III, India",True,54.0,1042.58,8.69
6607,82300,151-NG-T30,FPQ-4537,SO-35032,DN-1684,Nigeria,PMO - US,From RDC,N/A - From RDC,Air Charter,2009-11-06,2009-10-19,2010-04-19,2010-03-31,2010-03-31,ARV,Adult,SCMS from RDC,"Lamivudine 150mg, tablets, 60 Tabs",Lamivudine,Generic,150mg,Tablet,60,342,834.48,2.44,0.04,"Aurobindo Unit III, India",True,17.0,0.0,1.8
6608,82301,151-NG-T30,FPQ-4537,SO-35069,DN-1687,Nigeria,PMO - US,From RDC,N/A - From RDC,Air Charter,2009-11-06,2009-10-19,2010-04-19,2010-03-31,2010-03-31,ARV,Adult,SCMS from RDC,"Lamivudine/Nevirapine/Zidovudine 150/200/300mg, tablets, 60 Tabs",Lamivudine/Nevirapine/Zidovudine,Generic,150/300/200mg,Tablet - FDC,60,2121,23797.62,11.22,0.19,"Aurobindo Unit III, India",True,248.0,0.0,51.31
6609,82302,151-NG-T30,FPQ-4537,SO-35077,DN-1692,Nigeria,PMO - US,From RDC,N/A - From RDC,Air Charter,2009-11-06,2009-10-19,2010-04-19,2010-03-31,2010-03-31,ARV,Adult,SCMS from RDC,"Emtricitabine/Tenofovir Disoproxil Fumarate 200/300mg, tablets, 30 Tabs",Emtricitabine/Tenofovir Disoproxil Fumarate,Generic,200/300mg,Tablet - FDC,30,3060,35955.0,11.75,0.39,Mylan (formerly Matrix) Nashik,True,247.0,0.0,77.52
6610,82303,151-NG-T30,FPQ-4537,SO-35083,DN-1693,Nigeria,PMO - US,From RDC,N/A - From RDC,Air Charter,2009-11-06,2009-10-19,2010-04-19,2010-03-31,2010-03-31,ARV,Adult,SCMS from RDC,"Lamivudine/Tenofovir Disoproxil Fumarate 300/300mg, tablets, 30 Tabs",Lamivudine/Tenofovir Disoproxil Fumarate,Generic,300/300mg,Tablet - FDC,30,799,7990.0,10.0,0.33,Mylan (formerly Matrix) Nashik,True,65.0,0.0,17.23
6611,82304,151-NG-T30,FPQ-4537,SO-34910,DN-1709,Nigeria,PMO - US,From RDC,N/A - From RDC,Air Charter,2009-11-06,2009-10-19,2010-04-19,2010-03-31,2010-03-31,ARV,Adult,SCMS from RDC,"Efavirenz 600mg, tablets, 30 Tabs",Efavirenz,Generic,600mg,Tablet,30,8000,41040.0,5.13,0.17,"Aurobindo Unit III, India",True,687.0,0.0,88.48
6612,82305,151-NG-T30,FPQ-4537,SO-35054,DN-1716,Nigeria,PMO - US,From RDC,N/A - From RDC,Air Charter,2009-11-06,2009-10-19,2010-04-19,2010-03-31,2010-03-31,ARV,Adult,SCMS from RDC,"Lamivudine/Zidovudine 150/300mg, tablets, 60 Tabs",Lamivudine/Zidovudine,Generic,150/300mg,Tablet - FDC,60,155,1357.8,8.76,0.15,"Aurobindo Unit III, India",True,14.0,0.0,2.93
6613,82306,151-NG-T30,FPQ-4537,SO-35070,DN-1727,Nigeria,PMO - US,From RDC,N/A - From RDC,Air Charter,2009-11-06,2009-10-19,2010-04-19,2010-03-31,2010-03-31,ARV,Adult,SCMS from RDC,"Emtricitabine/Tenofovir Disoproxil Fumarate 200/300mg, tablets, 30 Tabs",Emtricitabine/Tenofovir Disoproxil Fumarate,Generic,200/300mg,Tablet - FDC,30,3598,42276.5,11.75,0.39,Mylan (formerly Matrix) Nashik,True,290.0,0.0,91.15
6614,82307,151-NG-T30,FPQ-4537,SO-35140,DN-1729,Nigeria,PMO - US,From RDC,N/A - From RDC,Air Charter,2009-11-06,2009-10-19,2010-04-19,2010-03-31,2010-03-31,ARV,Adult,SCMS from RDC,"Tenofovir Disoproxil Fumarate 300mg, tablets, 30 Tabs",Tenofovir Disoproxil Fumarate,Generic,300mg,Tablet,30,500,4070.0,8.14,0.27,Mylan (formerly Matrix) Nashik,True,28.0,0.0,8.77
6615,82308,151-NG-T30,FPQ-4537,SO-35057,DN-1735,Nigeria,PMO - US,From RDC,N/A - From RDC,Air Charter,2009-11-06,2009-10-19,2010-04-19,2010-03-31,2010-03-31,ARV,Adult,SCMS from RDC,"Lamivudine/Zidovudine 150/300mg, tablets, 60 Tabs",Lamivudine/Zidovudine,Generic,150/300mg,Tablet - FDC,60,80,700.8,8.76,0.15,"Aurobindo Unit III, India",True,8.0,0.0,1.51
6616,82309,151-NG-T30,FPQ-4537,SO-34892,DN-1740,Nigeria,PMO - US,From RDC,N/A - From RDC,Air Charter,2009-11-06,2009-10-19,2010-04-19,2010-03-31,2010-03-31,ARV,Adult,SCMS from RDC,"Nevirapine 200mg, tablets, 60 Tabs",Nevirapine,Generic,200mg,Tablet,60,18799,51321.27,2.73,0.05,Hetero Unit III Hyderabad IN,True,1098.0,0.0,110.65
6617,82310,151-NG-T30,FPQ-4537,SO-35097,DN-1747,Nigeria,PMO - US,From RDC,N/A - From RDC,Air Charter,2009-11-06,2009-10-19,2010-04-19,2010-03-30,2010-03-30,ARV,Adult,SCMS from RDC,"Zidovudine 300mg, tablets, 60 Tabs",Zidovudine,Generic,300mg,Tablet,60,586,4395.0,7.5,0.12,Mylan (formerly Matrix) Nashik,True,30.0,0.0,9.48
6618,82311,114-UG-T30,FPQ-4325,SO-35660,DN-1752,Uganda,PMO - US,From RDC,N/A - From RDC,Truck,2009-09-23,2009-10-01,2010-04-01,2010-03-25,2010-03-25,ARV,Adult,SCMS from RDC,"Lamivudine/Zidovudine 150/300mg, tablets, 60 Tabs",Lamivudine/Zidovudine,Generic,150/300mg,Tablet - FDC,60,17896,156768.96,8.76,0.15,Hetero Unit III Hyderabad IN,True,1188.0,4097.0,307.27
6619,82312,114-UG-T30,FPQ-5239,SO-36160,DN-1761,Uganda,PMO - US,From RDC,N/A - From RDC,Air,2010-03-02,2009-12-23,2010-06-23,2010-04-08,2010-04-08,ARV,Adult,SCMS from RDC,"Lamivudine/Stavudine 150/30mg, tablets, 60 Tabs",Lamivudine/Stavudine,Generic,150/30mg,Tablet - FDC,60,140,476.0,3.4,0.06,"Cipla, Goa, India",True,17.0,1073.46,1.03
6620,82314,110-ZM-T30,FPQ-4273,SO-35840,DN-1776,Zambia,PMO - US,From RDC,N/A - From RDC,Truck,2009-09-17,2009-11-17,2010-05-17,2010-05-11,2010-05-11,ARV,Pediatric,SCMS from RDC,"Didanosine 100mg, chewable/dispersible tablets, 60 Tabs",Didanosine,Generic,100mg,Chewable/dispersible tablet,60,2500,19300.0,7.72,0.13,"Aurobindo Unit III, India",True,526.0,4964.27,37.83
6621,82315,111-MZ-T30,FPQ-4711,SO-35750,DN-1795,Mozambique,PMO - US,From RDC,N/A - From RDC,Truck,2009-12-23,2009-12-21,2010-06-21,2010-06-14,2010-06-14,ARV,Adult,SCMS from RDC,"Efavirenz 600mg, tablets, 30 Tabs",Efavirenz,Generic,600mg,Tablet,30,12250,58187.5,4.75,0.16,Mylan (formerly Matrix) Nashik,True,1866.0,10959.63,125.45
6622,82316,114-UG-T30,FPQ-5239,SO-36150,DN-1796,Uganda,PMO - US,From RDC,N/A - From RDC,Air,2010-03-02,2009-12-09,2010-06-09,2010-05-03,2010-05-03,ARV,Adult,SCMS from RDC,"Lamivudine/Nevirapine/Zidovudine 150/200/300mg, tablets, 60 Tabs",Lamivudine/Nevirapine/Zidovudine,Generic,150/300/200mg,Tablet - FDC,60,5218,58545.96,11.22,0.19,"Aurobindo Unit III, India",True,617.0,5194.22,126.23
6623,82317,151-NG-T30,FPQ-4537,SO-35020,DN-1805,Nigeria,PMO - US,From RDC,N/A - From RDC,Air Charter,2009-11-06,2009-11-30,2010-05-31,2010-05-18,2010-05-18,ARV,Adult,SCMS from RDC,"Efavirenz/Emtricitabine/Tenofovir Disoproxil Fumarate 600/200/300mg, tablets, 30 Tabs",Efavirenz/Emtricitabine/Tenofovir Disoproxil Fumarate,Generic,600/200/300mg,Tablet - FDC,30,30000,597600.0,19.92,0.66,Mylan (formerly Matrix) Nashik,True,3289.0,9736.1,1288.43
6624,82318,114-UG-T30,FPQ-4495,SO-34941,DN-1817,Uganda,PMO - US,From RDC,N/A - From RDC,Air,2009-10-28,2009-11-03,2010-05-03,2010-05-03,2010-05-03,ARV,Adult,SCMS from RDC,"Lamivudine/Nevirapine/Zidovudine 150/200/300mg, tablets, 60 Tabs",Lamivudine/Nevirapine/Zidovudine,Generic,150/300/200mg,Tablet - FDC,60,18000,201960.0,11.22,0.19,Mylan (formerly Matrix) Nashik,True,2281.0,15254.43,435.43
6625,82319,114-UG-T30,FPQ-4496,SO-34980,DN-1797,Uganda,PMO - US,From RDC,N/A - From RDC,Air,2009-10-28,2009-11-03,2010-05-03,2010-05-03,2010-05-03,ARV,Adult,SCMS from RDC,"Lamivudine/Nevirapine/Zidovudine 150/200/300mg, tablets, 60 Tabs",Lamivudine/Nevirapine/Zidovudine,Generic,150/300/200mg,Tablet - FDC,60,4400,49368.0,11.22,0.19,"Aurobindo Unit III, India",True,527.0,4549.95,106.44
6626,82320,113-ZW-T30,FPQ-4694,SO-35400,DN-1829,Zimbabwe,PMO - US,From RDC,N/A - From RDC,Truck,2009-12-08,2009-11-30,2010-05-31,2010-05-31,2010-05-31,ARV,Adult,SCMS from RDC,"Lamivudine/Stavudine 150/30mg, tablets, 60 Tabs",Lamivudine/Stavudine,Generic,150/30mg,Tablet - FDC,60,5800,19024.0,3.28,0.05,"Cipla, Goa, India",True,12791.0,3833.17,41.02
6627,82321,111-MZ-T30,FPQ-4711,SO-35730,DN-1832,Mozambique,PMO - US,From RDC,N/A - From RDC,Truck,2009-12-23,2009-12-30,2010-06-30,2010-06-14,2010-06-14,ARV,Adult,SCMS from RDC,"Lamivudine/Nevirapine/Zidovudine 150/200/300mg, tablets, 60 Tabs",Lamivudine/Nevirapine/Zidovudine,Generic,150/300/200mg,Tablet - FDC,60,109554,1229195.88,11.22,0.19,"Aurobindo Unit III, India",True,20316.0,25790.82,2650.15
6628,82322,117-ET-T30,FPQ-5668,SO-36810,DN-1844,Ethiopia,PMO - US,From RDC,N/A - From RDC,Air,2010-05-07,2009-12-01,2010-06-01,2010-05-31,2010-05-31,ARV,Adult,SCMS from RDC,"Nevirapine 200mg, tablets, 60 Tabs",Nevirapine,Generic,200mg,Tablet,60,11000,29260.0,2.66,0.04,"Aurobindo Unit III, India",True,1070.0,6153.8,63.08
6629,82323,151-NG-T30,FPQ-4537,SO-36571,DN-1863,Nigeria,PMO - US,From RDC,N/A - From RDC,Air Charter,2009-11-06,2009-12-30,2010-06-30,2010-06-28,2010-06-28,ARV,Adult,SCMS from RDC,"Lamivudine/Nevirapine/Zidovudine 150/200/300mg, tablets, 60 Tabs",Lamivudine/Nevirapine/Zidovudine,Generic,150/300/200mg,Tablet - FDC,60,43050,483021.0,11.22,0.19,"Aurobindo Unit III, India",True,5067.0,0.0,1041.39
6630,82324,151-NG-T30,FPQ-4537,SO-36572,DN-1864,Nigeria,PMO - US,From RDC,N/A - From RDC,Air Charter,2009-11-06,2009-12-30,2010-06-30,2010-06-28,2010-06-28,ARV,Adult,SCMS from RDC,"Lamivudine/Nevirapine/Zidovudine 150/200/300mg, tablets, 60 Tabs",Lamivudine/Nevirapine/Zidovudine,Generic,150/300/200mg,Tablet - FDC,60,22571,253246.62,11.22,0.19,"Aurobindo Unit III, India",True,2657.0,0.0,546.0
6631,82325,110-ZM-T30,FPQ-4273,SO-33701,DN-1866,Zambia,PMO - US,From RDC,N/A - From RDC,Truck,2009-09-17,2009-12-30,2010-06-30,2010-06-29,2010-06-29,ARV,Adult,SCMS from RDC,"Lamivudine/Zidovudine 150/300mg, tablets, 60 Tabs",Lamivudine/Zidovudine,Generic,150/300mg,Tablet - FDC,60,22560,197625.6,8.76,0.15,Hetero Unit III Hyderabad IN,True,1928.0,11054.56,387.35
6632,82326,104-CI-T30,FPQ-4659,SO-35580,DN-1867,Côte d'Ivoire,PMO - US,From RDC,N/A - From RDC,Air,2009-12-08,2009-12-28,2010-06-28,2010-06-21,2010-06-21,ARV,Adult,SCMS from RDC,"Lamivudine/Nevirapine/Zidovudine 150/200/300mg, tablets, 60 Tabs",Lamivudine/Nevirapine/Zidovudine,Generic,150/300/200mg,Tablet - FDC,60,62410,700240.2,11.22,0.19,"Aurobindo Unit III, India",True,7701.0,27912.64,1509.72
6633,82327,104-CI-T30,FPQ-4659,SO-35580,DN-1867,Côte d'Ivoire,PMO - US,From RDC,N/A - From RDC,Air,2009-12-08,2009-12-28,2010-06-28,2010-06-21,2010-06-21,ARV,Adult,SCMS from RDC,"Stavudine 20mg, capsules, 60 Caps",Stavudine,Generic,20mg,Capsule,60,1620,2316.6,1.43,0.02,"Aurobindo Unit III, India",False,668.5,4063.81,4.99
6634,82328,106-HT-T30,FPQ-5523,SO-36800,DN-1871,Haiti,PMO - US,From RDC,N/A - From RDC,Air,2010-04-19,2010-01-12,2010-07-12,2010-06-30,2010-06-30,ARV,Adult,SCMS from RDC,"Stavudine 30mg, capsules, 60 Caps",Stavudine,Generic,30mg,Capsule,60,7560,10659.6,1.41,0.02,"Strides, Bangalore, India.",True,2027.0,19372.86,22.98
6635,82329,104-CI-T30,FPQ-5201,SO-36340,DN-1873,Côte d'Ivoire,PMO - US,From RDC,N/A - From RDC,Air,2010-03-03,2010-01-12,2010-07-12,2010-06-30,2010-06-30,ARV,Pediatric,SCMS from RDC,"Abacavir 20mg/ml, oral solution, Bottle, 240 ml",Abacavir,Generic,20mg/ml,Oral solution,240,672,9139.2,13.6,0.06,"Aurobindo Unit III, India",True,2979.0,3365.45,19.7
6636,82330,110-ZM-T30,FPQ-5702,SO-36850,DN-1875,Zambia,PMO - US,From RDC,N/A - From RDC,Truck,2010-05-20,2010-05-04,2010-11-04,2010-06-29,2010-06-29,ARV,Adult,SCMS from RDC,"Efavirenz 600mg, tablets, 30 Tabs",Efavirenz,Generic,600mg,Tablet,30,2750,12650.0,4.6,0.15,Mylan (formerly Matrix) Nashik,True,10313.0,11054.59,27.27
6637,82331,110-ZM-T30,FPQ-5702,SO-36850,DN-1875,Zambia,PMO - US,From RDC,N/A - From RDC,Truck,2010-05-20,2010-05-04,2010-11-04,2010-06-29,2010-06-29,ARV,Adult,SCMS from RDC,"Efavirenz 600mg, tablets, 30 Tabs",Efavirenz,Generic,600mg,Tablet,30,19454,89488.4,4.6,0.15,"Aurobindo Unit III, India",False,668.5,6476.695,192.94
6638,82332,104-CI-T30,FPQ-5201,SO-36370,DN-1877,Côte d'Ivoire,PMO - US,From RDC,N/A - From RDC,Air,2010-03-03,2010-01-09,2010-07-09,2010-07-05,2010-07-05,ARV,Pediatric,SCMS from RDC,"Nevirapine 10mg/ml, oral suspension, Bottle, 240 ml",Nevirapine,Generic,10mg/ml,Oral suspension,240,3872,7085.76,1.83,0.01,"Aurobindo Unit III, India",True,1438.0,5121.68,15.28
6639,82333,104-CI-T30,FPQ-5201,SO-36310,DN-1880,Côte d'Ivoire,PMO - US,From RDC,N/A - From RDC,Air,2010-03-03,2010-01-09,2010-07-09,2010-07-05,2010-07-05,ARV,Pediatric,SCMS from RDC,"Nevirapine 10mg/ml, oral suspension, Bottle, 240 ml",Nevirapine,Generic,10mg/ml,Oral suspension,240,3872,7085.76,1.83,0.01,"Aurobindo Unit III, India",True,1451.0,5121.68,15.28
6640,82334,104-CI-T30,FPQ-4659,SO-35550,DN-1889,Côte d'Ivoire,PMO - US,From RDC,N/A - From RDC,Air,2009-12-08,2010-01-09,2010-07-09,2010-07-05,2010-07-05,ARV,Adult,SCMS from RDC,"Lopinavir/Ritonavir 200/50mg [Aluvia], tablets, 120 Tabs",Lopinavir/Ritonavir,Aluvia,200/50mg,Tablet,120,3240,117158.4,36.16,0.3,ABBVIE Ludwigshafen Germany,True,731.0,5121.69,252.59
6641,82335,117-ET-T30,FPQ-5827,SO-37070,DN-1907,Ethiopia,PMO - US,From RDC,N/A - From RDC,Air,2010-06-09,2010-01-15,2010-07-15,2010-07-08,2010-07-08,ARV,Adult,SCMS from RDC,"Zidovudine 300mg, tablets, 60 Tabs",Zidovudine,Generic,300mg,Tablet,60,2000,14420.0,7.21,0.12,"Aurobindo Unit III, India",True,88.0,755.64,31.09
6642,82336,151-NG-T30,FPQ-5023,SO-36490,DN-1909,Nigeria,PMO - US,From RDC,N/A - From RDC,Air,2010-02-10,2010-01-15,2010-07-15,2010-06-28,2010-06-28,ARV,Adult,SCMS from RDC,"Lamivudine 150mg, tablets, 60 Tabs",Lamivudine,Generic,150mg,Tablet,60,6570,16030.8,2.44,0.04,"Aurobindo Unit III, India",True,307.0,0.0,34.56
6643,82337,151-NG-T30,FPQ-5023,SO-36500,DN-1913,Nigeria,PMO - US,From RDC,N/A - From RDC,Air,2010-02-10,2010-01-15,2010-07-15,2010-06-28,2010-06-28,ARV,Adult,SCMS from RDC,"Zidovudine 300mg, tablets, 60 Tabs",Zidovudine,Generic,300mg,Tablet,60,20000,150000.0,7.5,0.12,"Aurobindo Unit III, India",True,1096.0,0.0,323.4
6644,82338,151-NG-T30,FPQ-5023,SO-36422,DN-1932,Nigeria,PMO - US,From RDC,N/A - From RDC,Air,2010-02-10,2010-01-15,2010-07-15,2010-06-28,2010-06-28,ARV,Adult,SCMS from RDC,"Efavirenz/Emtricitabine/Tenofovir Disoproxil Fumarate 600/200/300mg, tablets, 30 Tabs",Efavirenz/Emtricitabine/Tenofovir Disoproxil Fumarate,Generic,600/200/300mg,Tablet - FDC,30,7400,147408.0,19.92,0.66,Mylan (formerly Matrix) Nashik,True,668.0,0.0,317.81
6645,82339,151-NG-T30,FPQ-5023,SO-36472,DN-1936,Nigeria,PMO - US,From RDC,N/A - From RDC,Air,2010-02-10,2010-01-15,2010-07-15,2010-06-28,2010-06-28,ARV,Adult,SCMS from RDC,"Lamivudine/Tenofovir Disoproxil Fumarate 300/300mg, tablets, 30 Tabs",Lamivudine/Tenofovir Disoproxil Fumarate,Generic,300/300mg,Tablet - FDC,30,18522,185220.0,10.0,0.33,Mylan (formerly Matrix) Nashik,True,1668.0,0.0,399.33
6646,82341,107-RW-T30,FPQ-5394,SO-36581,DN-1950,Rwanda,PMO - US,From RDC,N/A - From RDC,Air,2010-03-25,2010-02-28,2010-08-30,2010-08-03,2010-08-03,ARV,Adult,SCMS from RDC,"Lamivudine/Nevirapine/Zidovudine 150/200/300mg, tablets, 60 Tabs",Lamivudine/Nevirapine/Zidovudine,Generic,150/300/200mg,Tablet - FDC,60,44131,495149.82,11.22,0.19,"Aurobindo Unit III, India",True,5364.0,81670.57,1067.54
6647,82342,109-TZ-T30,FPQ-5436,SO-36630,DN-1953,Tanzania,PMO - US,From RDC,N/A - From RDC,Air,2010-04-01,2010-02-26,2010-08-26,2010-08-23,2010-08-23,ARV,Adult,SCMS from RDC,"Tenofovir Disoproxil Fumarate 300mg, tablets, 30 Tabs",Tenofovir Disoproxil Fumarate,Generic,300mg,Tablet,30,3000,21900.0,7.3,0.24,Mylan (formerly Matrix) Nashik,True,269.0,1647.25,47.22
6648,82343,109-TZ-T30,FPQ-5436,SO-36620,DN-1954,Tanzania,PMO - US,From RDC,N/A - From RDC,Air,2010-04-01,2010-02-28,2010-08-31,2010-08-23,2010-08-23,ARV,Adult,SCMS from RDC,"Abacavir 300mg, tablets, 60 Tabs",Abacavir,Generic,300mg,Tablet,60,23340,383709.6,16.44,0.27,Mylan (formerly Matrix) Nashik,True,2344.0,1647.25,827.28
6649,82345,151-NG-T30,FPQ-5023,SO-36413,DN-1967,Nigeria,PMO - US,From RDC,N/A - From RDC,Air Charter,2010-02-10,2010-02-09,2010-08-09,2010-08-17,2010-08-17,ARV,Adult,SCMS from RDC,"Emtricitabine/Tenofovir Disoproxil Fumarate 200/300mg, tablets, 30 Tabs",Emtricitabine/Tenofovir Disoproxil Fumarate,Generic,200/300mg,Tablet - FDC,30,6203,72885.25,11.75,0.39,Mylan (formerly Matrix) Nashik,True,560.0,6147.18,157.14
6650,82346,151-NG-T30,FPQ-5688,SO-36932,DN-1976,Nigeria,PMO - US,From RDC,N/A - From RDC,Air Charter,2010-05-27,2010-02-28,2010-08-31,2010-08-17,2010-08-17,ARV,Adult,SCMS from RDC,"Lamivudine/Nevirapine/Zidovudine 150/200/300mg, tablets, 60 Tabs",Lamivudine/Nevirapine/Zidovudine,Generic,150/300/200mg,Tablet - FDC,60,32040,359488.8,11.22,0.19,"Aurobindo Unit III, India",True,4212.0,6147.18,775.06
6651,82347,104-CI-T30,FPQ-5925,SO-37141,DN-1983,Côte d'Ivoire,PMO - US,From RDC,N/A - From RDC,Air,2010-06-23,2010-02-28,2010-08-31,2010-08-23,2010-08-23,ARV,Adult,SCMS from RDC,"Stavudine 30mg, capsules, 60 Caps",Stavudine,Generic,30mg,Capsule,60,5670,7994.7,1.41,0.02,"Strides, Bangalore, India.",True,317.0,12648.36,17.24
6652,82349,117-ET-T30,FPQ-5668,SO-36812,DN-2007,Ethiopia,PMO - US,From RDC,N/A - From RDC,Air,2010-05-07,2010-02-28,2010-08-30,2010-09-13,2010-09-13,ARV,Adult,SCMS from RDC,"Lamivudine 150mg, tablets, 60 Tabs",Lamivudine,Generic,150mg,Tablet,60,2000,4660.0,2.33,0.04,"Aurobindo Unit III, India",True,84.0,530.36,10.05
6653,82350,104-CI-T30,FPQ-5623,SO-36880,DN-2011,Côte d'Ivoire,PMO - US,From RDC,N/A - From RDC,Air,2010-05-07,2010-03-30,2010-09-30,2010-09-25,2010-09-25,ARV,Adult,SCMS from RDC,"Tenofovir Disoproxil Fumarate 300mg, tablets, 30 Tabs",Tenofovir Disoproxil Fumarate,Generic,300mg,Tablet,30,2200,16060.0,7.3,0.24,Mylan (formerly Matrix) Nashik,True,6587.0,8953.2,34.63
6654,82351,105-GY-T30,FPQ-6306,SO-37390,DN-2016,Guyana,PMO - US,From RDC,N/A - From RDC,Air,2010-08-27,2010-05-23,2010-11-23,2010-09-19,2010-09-19,ARV,Adult,SCMS from RDC,"Abacavir 300mg, tablets, 60 Tabs",Abacavir,Generic,300mg,Tablet,60,330,5425.2,16.44,0.27,Mylan (formerly Matrix) Nashik,True,86.0,3307.86,11.7
6655,82352,110-ZM-T30,FPQ-5702,SO-36841,DN-2018,Zambia,PMO - US,From RDC,N/A - From RDC,Truck,2010-05-20,2010-05-04,2010-11-04,2010-10-12,2010-10-12,ARV,Adult,SCMS from RDC,"Emtricitabine/Tenofovir Disoproxil Fumarate 200/300mg, tablets, 30 Tabs",Emtricitabine/Tenofovir Disoproxil Fumarate,Generic,200/300mg,Tablet - FDC,30,140554,1651509.5,11.75,0.39,Mylan (formerly Matrix) Nashik,True,16961.0,16981.15,3560.65
6656,82353,106-HT-T30,FPQ-5523,SO-36780,DN-2021,Haiti,PMO - US,From RDC,N/A - From RDC,Air,2010-04-19,2010-04-20,2010-10-20,2010-10-21,2010-10-21,ARV,Adult,SCMS from RDC,"Lamivudine/Zidovudine 150/300mg, tablets, 60 Tabs",Lamivudine/Zidovudine,Generic,150/300mg,Tablet - FDC,60,64241,549260.55,8.55,0.14,Hetero Unit III Hyderabad IN,True,6234.0,31214.27,1184.21
6657,82354,111-MZ-T30,FPQ-5126,SO-35980,DN-2027,Mozambique,PMO - US,From RDC,N/A - From RDC,Truck,2010-02-18,2010-05-25,2010-11-25,2010-12-01,2010-12-01,ARV,Adult,SCMS from RDC,"Lamivudine/Nevirapine/Zidovudine 150/200/300mg, tablets, 60 Tabs",Lamivudine/Nevirapine/Zidovudine,Generic,150/300/200mg,Tablet - FDC,60,208501,2339381.22,11.22,0.19,"Aurobindo Unit III, India",True,28237.0,14163.13,5043.71
6658,82355,105-GY-T30,FPQ-6307,SO-37410,DN-2038,Guyana,PMO - US,From RDC,N/A - From RDC,Air,2010-08-30,2010-05-23,2010-11-23,2010-11-13,2010-11-13,ARV,Pediatric,SCMS from RDC,"Didanosine 100mg, chewable/dispersible tablets, 60 Tabs",Didanosine,Generic,100mg,Chewable/dispersible tablet,60,336,2593.92,7.72,0.13,"Aurobindo Unit III, India",True,89.0,1221.83,5.59
6659,82356,104-CI-T30,FPQ-5925,SO-37150,DN-2035,Côte d'Ivoire,PMO - US,From RDC,N/A - From RDC,Truck,2010-06-23,2010-05-30,2010-11-30,2010-11-26,2010-11-26,ARV,Pediatric,SCMS from RDC,"Abacavir 20mg/ml, oral solution w/syringe, Bottle, 240 ml",Abacavir,Generic,20mg/ml,Oral solution,240,36,493.2,13.7,0.06,"Aurobindo Unit III, India",True,7889.0,6406.53,1.06
6660,82357,104-CI-T30,FPQ-5925,SO-37150,DN-2035,Côte d'Ivoire,PMO - US,From RDC,N/A - From RDC,Truck,2010-06-23,2010-05-30,2010-11-30,2010-11-26,2010-11-26,ARV,Pediatric,SCMS from RDC,"Lamivudine 10mg/ml, oral solution w/syringe, Bottle, 240 ml",Lamivudine,Generic,10mg/ml,Oral solution,240,2415,4467.75,1.85,0.01,"Aurobindo Unit III, India",False,668.5,6757.815,9.63
6661,82358,104-CI-T30,FPQ-5623,SO-37750,DN-2036,Côte d'Ivoire,PMO - US,From RDC,N/A - From RDC,Air,2010-05-07,2010-05-16,2010-11-16,2010-11-26,2010-11-26,ARV,Pediatric,SCMS from RDC,"Abacavir 20mg/ml, oral solution, Bottle, 240 ml",Abacavir,Generic,20mg/ml,Oral solution,240,588,7996.8,13.6,0.06,"Aurobindo Unit III, India",True,215.0,6406.54,17.24
6662,82359,111-MZ-T30,FPQ-6426,SO-37590,DN-2051,Mozambique,PMO - US,From RDC,N/A - From RDC,Truck,2010-09-23,2010-06-20,2010-12-20,2010-12-23,2010-12-23,ARV,Adult,SCMS from RDC,"Lamivudine/Stavudine 150/30mg, tablets, 60 Tabs",Lamivudine/Stavudine,Generic,150/30mg,Tablet - FDC,60,2996,9587.2,3.2,0.05,"Cipla, Goa, India",True,6022.0,6500.45,20.67
6663,82360,200-DO-T30,FPQ-6616,SO-38020,DN-2065,Dominican Republic,PMO - US,From RDC,N/A - From RDC,Air,2010-10-25,2010-07-31,2011-01-31,2010-12-08,2010-12-08,ARV,Adult,SCMS from RDC,"Lamivudine 150mg, tablets, 60 Tabs",Lamivudine,Generic,150mg,Tablet,60,649,1512.17,2.33,0.04,Hetero Unit III Hyderabad IN,True,1787.0,18046.12,2.5
6664,82361,104-CI-T30,FPQ-5925,SO-37660,DN-2071,Côte d'Ivoire,PMO - US,From RDC,N/A - From RDC,Air,2010-06-23,2010-06-14,2010-12-14,2010-12-15,2010-12-15,ARV,Pediatric,SCMS from RDC,"Nevirapine 10mg/ml, oral suspension w/syringe, Bottle, 240 ml",Nevirapine,Generic,10mg/ml,Oral suspension,240,628,1224.6,1.95,0.01,"Aurobindo Unit III, India",True,232.0,1794.58,2.64
6665,82362,106-HT-T30,FPQ-6484,SO-37760,DN-2073,Haiti,PMO - US,From RDC,N/A - From RDC,Air,2010-10-13,2010-06-20,2010-12-20,2011-01-05,2011-01-05,ARV,Pediatric,SCMS from RDC,"Zidovudine 10mg/ml, oral solution, Bottle, 240 ml",Zidovudine,Generic,10mg/ml,Oral solution,240,3872,7821.44,2.02,0.01,"Aurobindo Unit III, India",True,7755.0,74839.9,16.86
6666,82363,110-ZM-T30,FPQ-6665,SO-38200,DN-2081,Zambia,PMO - US,From RDC,N/A - From RDC,Air,2010-11-08,2010-07-20,2011-01-20,2011-02-07,2011-02-07,ARV,Adult,SCMS from RDC,"Lamivudine 150mg, tablets, 60 Tabs",Lamivudine,Generic,150mg,Tablet,60,10131,23605.23,2.33,0.04,"Aurobindo Unit III, India",True,493.0,2859.16,38.95
6667,82364,114-UG-T30,FPQ-6614,SO-38140,DN-2083,Uganda,PMO - US,From RDC,N/A - From RDC,Air,2010-10-31,2010-08-08,2011-02-08,2011-01-17,2011-01-17,ARV,Adult,SCMS from RDC,"Lamivudine/Nevirapine/Zidovudine 150/200/300mg, tablets, 60 Tabs",Lamivudine/Nevirapine/Zidovudine,Generic,150/300/200mg,Tablet - FDC,60,4176,46854.72,11.22,0.19,"Aurobindo Unit III, India",True,567.0,2768.96,77.31
6668,82365,117-ET-T30,FPQ-6980,SO-38290,DN-2088,Ethiopia,PMO - US,From RDC,N/A - From RDC,Air,2011-01-04,2010-07-21,2011-01-21,2011-01-12,2011-01-12,ARV,Pediatric,SCMS from RDC,"Zidovudine 10mg/ml, oral solution, Bottle, 240 ml",Zidovudine,Generic,10mg/ml,Oral solution,240,3000,6060.0,2.02,0.01,"Aurobindo Unit III, India",True,1190.0,6770.6,10.0
6669,82366,151-NG-T30,FPQ-6243,SO-38320,DN-2090,Nigeria,PMO - US,From RDC,N/A - From RDC,Air Charter,2010-08-25,2010-08-22,2011-02-22,2011-02-16,2011-02-16,ARV,Adult,SCMS from RDC,"Lamivudine/Nevirapine/Zidovudine 150/200/300mg, tablets, 60 Tabs",Lamivudine/Nevirapine/Zidovudine,Generic,150/300/200mg,Tablet - FDC,60,141764,1590592.08,11.22,0.19,"Aurobindo Unit III, India",True,70109.0,43548.0,3429.32
6670,82367,117-ET-T30,FPQ-7001,SO-38450,DN-2104,Ethiopia,PMO - US,From RDC,N/A - From RDC,Air,2011-01-06,2010-08-14,2011-02-14,2011-01-28,2011-01-28,ARV,Adult,SCMS from RDC,"Tenofovir Disoproxil Fumarate 300mg, tablets, 30 Tabs",Tenofovir Disoproxil Fumarate,Generic,300mg,Tablet,30,1467,9638.19,6.57,0.22,Mylan (formerly Matrix) Nashik,True,9.0,1401.76,15.9
6671,82368,104-CI-T30,FPQ-6144,SO-37290,DN-2108,Côte d'Ivoire,PMO - US,From RDC,N/A - From RDC,Air,2010-08-03,2010-07-31,2011-01-31,2011-02-22,2011-02-22,ARV,Adult,SCMS from RDC,"Abacavir/Lamivudine 600/300mg, scored tablets, 30 Tabs",Abacavir/Lamivudine,Generic,600/300mg,Tablet - FDC,30,2610,58725.0,22.5,0.75,Mylan (formerly Matrix) Nashik,True,1195.0,8758.37,126.61
6672,82369,114-UG-T30,FPQ-6614,SO-37990,DN-2077,Uganda,PMO - US,From RDC,N/A - From RDC,Air,2010-10-31,2010-08-08,2011-02-08,2010-12-23,2010-12-23,ARV,Adult,SCMS from RDC,"Lamivudine/Zidovudine 150/300mg, tablets, 60 Tabs",Lamivudine/Zidovudine,Generic,150/300mg,Tablet - FDC,60,2316,19801.8,8.55,0.14,Hetero Unit III Hyderabad IN,True,386.0,2294.85,32.67
6673,82370,114-UG-T30,FPQ-6427,SO-37560,DN-2121,Uganda,PMO - US,From RDC,N/A - From RDC,Truck,2010-09-29,2010-08-28,2011-02-28,2011-03-22,2011-03-22,ARV,Adult,SCMS from RDC,"Lamivudine/Nevirapine/Zidovudine 150/200/300mg, tablets, 60 Tabs",Lamivudine/Nevirapine/Zidovudine,Generic,150/300/200mg,Tablet - FDC,60,117367,1316857.74,11.22,0.19,"Aurobindo Unit III, India",True,17496.0,104604.06,2839.15
6674,82371,113-ZW-T30,FPQ-6470,SO-37830,DN-2127,Zimbabwe,PMO - US,From RDC,N/A - From RDC,Truck,2010-10-13,2010-09-30,2011-03-31,2011-03-17,2011-03-17,ARV,Adult,SCMS from RDC,"Lamivudine/Tenofovir Disoproxil Fumarate 300/300mg, tablets, 30 Tabs",Lamivudine/Tenofovir Disoproxil Fumarate,Generic,300/300mg,Tablet - FDC,30,97100,856422.0,8.82,0.29,Mylan (formerly Matrix) Nashik,True,14340.0,16222.85,1846.45
6675,82372,114-UG-T30,FPQ-7166,SO-38860,DN-2134,Uganda,PMO - US,From RDC,N/A - From RDC,Air,2011-02-11,2010-09-09,2011-03-09,2011-03-15,2011-03-15,ARV,Pediatric,SCMS from RDC,"Nevirapine 10mg/ml, oral suspension w/syringe, Bottle, 240 ml",Nevirapine,Generic,10mg/ml,Oral suspension,240,1000,1950.0,1.95,0.01,"Aurobindo Unit III, India",True,369.0,6218.58,3.22
6676,82373,117-ET-T30,FPQ-7001,SO-38580,DN-2148,Ethiopia,PMO - US,From RDC,N/A - From RDC,Air,2011-01-06,2010-10-30,2011-04-30,2011-03-18,2011-03-18,ARV,Adult,SCMS from RDC,"Tenofovir Disoproxil Fumarate 300mg, tablets, 30 Tabs",Tenofovir Disoproxil Fumarate,Generic,300mg,Tablet,30,6993,45944.01,6.57,0.22,"Aurobindo Unit III, India",True,629.0,4277.04,75.81
6677,82374,104-CI-T30,FPQ-6891,SO-38540,DN-2153,Côte d'Ivoire,PMO - US,From RDC,N/A - From RDC,Air,2010-12-21,2010-10-20,2011-04-20,2011-06-10,2011-06-10,ARV,Adult,SCMS from RDC,"Tenofovir Disoproxil Fumarate 300mg, tablets, 30 Tabs",Tenofovir Disoproxil Fumarate,Generic,300mg,Tablet,30,859,5643.63,6.57,0.22,"Aurobindo Unit III, India",True,12232.0,60010.73,9.31
6678,82378,113-ZW-T30,FPQ-6470,SO-39260,DN-2177,Zimbabwe,PMO - US,From RDC,N/A - From RDC,Truck,2010-10-13,2010-09-30,2011-03-31,2011-05-20,2011-05-20,ARV,Adult,SCMS from RDC,"Lamivudine/Stavudine 150/30mg, tablets, 60 Tabs",Lamivudine/Stavudine,Generic,150/30mg,Tablet - FDC,60,2786,9138.08,3.28,0.05,"Cipla, Goa, India",True,213.0,3403.98,19.7
6679,82379,106-HT-T30,FPQ-6484,SO-37790,DN-2186,Haiti,PMO - US,From RDC,N/A - From RDC,Air,2010-10-13,2010-10-14,2011-04-14,2011-05-04,2011-05-04,ARV,Pediatric,SCMS from RDC,"Zidovudine 100mg, capsules, 100 Caps",Zidovudine,Generic,100mg,Capsule,100,1242,6011.28,4.84,0.05,"Aurobindo Unit III, India",True,260.0,2452.54,12.96
6680,82380,106-HT-T30,FPQ-6484,SO-39310,DN-2188,Haiti,PMO - US,From RDC,N/A - From RDC,Air,2010-10-13,2010-11-12,2011-05-12,2011-05-04,2011-05-04,ARV,Pediatric,SCMS from RDC,"Efavirenz 200mg, capsule, 90 Caps",Efavirenz,Generic,200mg,Capsule,90,1260,12234.6,9.71,0.11,"Aurobindo Unit III, India",True,194.0,2452.54,26.38
6681,82381,114-UG-T30,FPQ-7162,SO-38810,DN-2191,Uganda,PMO - US,From RDC,N/A - From RDC,Truck,2011-02-14,2010-11-11,2011-05-11,2011-05-24,2011-05-24,ARV,Adult,SCMS from RDC,"Lamivudine/Nevirapine/Zidovudine 150/200/300mg, tablets, 60 Tabs",Lamivudine/Nevirapine/Zidovudine,Generic,150/300/200mg,Tablet - FDC,60,100000,1122000.0,11.22,0.19,Mylan (formerly Matrix) Nashik,True,14983.0,78442.21,1851.3
6682,82382,151-NG-T30,FPQ-7217,SO-39640,DN-2220,Nigeria,PMO - US,From RDC,N/A - From RDC,Air Charter,2011-02-21,2010-12-15,2011-06-15,2011-07-05,2011-07-05,ARV,Adult,SCMS from RDC,"Efavirenz 600mg, tablets, 30 Tabs",Efavirenz,Generic,600mg,Tablet,30,57468,248261.76,4.32,0.14,Mylan (formerly Matrix) Nashik,True,4915.0,13398.06,409.63
6683,82383,113-ZW-T30,FPQ-6470,SO-37860,DN-2223,Zimbabwe,PMO - US,From RDC,N/A - From RDC,Truck,2010-10-13,2010-11-30,2011-05-31,2011-06-30,2011-06-30,ARV,Adult,SCMS from RDC,"Efavirenz 600mg, tablets, 30 Tabs",Efavirenz,Generic,600mg,Tablet,30,6392,27741.28,4.34,0.14,"Aurobindo Unit III, India",True,571.0,4428.06,59.81
6684,82384,200-ZW-T30,FPQ-6483,SO-39520,DN-2224,Zimbabwe,PMO - US,From RDC,N/A - From RDC,Truck,2010-10-13,2010-11-30,2011-05-31,2011-06-30,2011-06-30,ARV,Pediatric,SCMS from RDC,"Lamivudine/Nevirapine/Zidovudine 30/50/60mg, dispersible tablets, 60 Tabs",Lamivudine/Nevirapine/Zidovudine,Generic,30/50/60mg,Chewable/dispersible tablet - FDC,60,35000,148750.0,4.25,0.07,Mylan (formerly Matrix) Nashik,True,2032.0,4428.06,320.7
6685,82385,105-GY-T30,FPQ-7621,SO-39720,DN-2231,Guyana,PMO - US,From RDC,N/A - From RDC,Air,2011-05-04,2011-04-27,2011-10-27,2011-06-15,2011-06-15,ARV,Pediatric,SCMS from RDC,"Zidovudine 100mg, capsules, 100 Caps",Zidovudine,Generic,100mg,Capsule,100,1043,4964.68,4.76,0.05,"Aurobindo Unit III, India",True,332.0,4398.32,8.19
6686,82386,117-ET-T30,FPQ-7798,SO-39770,DN-2234,Ethiopia,PMO - US,From RDC,N/A - From RDC,Air,2011-05-23,2010-12-21,2011-06-21,2011-06-01,2011-06-01,ARV,Adult,SCMS from RDC,"Lamivudine/Tenofovir Disoproxil Fumarate 300/300mg, tablets, 30 Tabs",Lamivudine/Tenofovir Disoproxil Fumarate,Generic,300/300mg,Tablet - FDC,30,27558,237825.54,8.63,0.29,Mylan (formerly Matrix) Nashik,True,668.5,4672.77,392.41
6687,82387,151-NG-T30,FPQ-7217,SO-39850,DN-2245,Nigeria,PMO - US,From RDC,N/A - From RDC,Air Charter,2011-02-21,2010-12-15,2011-06-15,2011-07-06,2011-07-06,ARV,Pediatric,SCMS from RDC,"Efavirenz 200mg, capsule, 90 Caps",Efavirenz,Generic,200mg,Capsule,90,1280,12403.2,9.69,0.11,"Aurobindo Unit III, India",True,177.0,13398.06,20.47
6688,82388,110-ZM-T30,FPQ-7233,SO-39040,DN-2273,Zambia,PMO - US,From RDC,N/A - From RDC,Truck,2011-03-01,2011-02-15,2011-08-15,2011-08-05,2011-08-05,ARV,Pediatric,SCMS from RDC,"Nevirapine 10mg/ml, oral suspension, Bottle, 240 ml",Nevirapine,Generic,10mg/ml,Oral suspension,240,20000,36000.0,1.8,0.01,"Aurobindo Unit III, India",True,7469.0,3949.19,59.4
6689,82389,113-ZW-T30,FPQ-6470,SO-37841,DN-2282,Zimbabwe,PMO - US,From RDC,N/A - From RDC,Truck,2010-10-13,2011-02-15,2011-08-15,2011-08-11,2011-08-11,ARV,Adult,SCMS from RDC,"Lamivudine/Nevirapine/Stavudine 150/200/30mg, tablets, 60 Tabs",Lamivudine/Nevirapine/Stavudine,Generic,150/200/30mg,Tablet - FDC,60,51722,278264.36,5.38,0.09,"Cipla, Goa, India",True,9134.0,16064.09,599.94
6690,82390,200-ZW-T30,FPQ-6483,SO-38901,DN-2288,Zimbabwe,PMO - US,From RDC,N/A - From RDC,Air,2010-10-13,2011-03-30,2011-09-30,2011-08-04,2011-08-04,ARV,Pediatric,SCMS from RDC,"Didanosine 125mg, delayed-release capsules, 30 Caps",Didanosine,Generic,125mg,Delayed-release capsules,30,124,1054.0,8.5,0.28,"Aurobindo Unit III, India",True,8.0,940.23,2.27
6691,82391,110-ZM-T30,FPQ-7233,SO-39031,DN-2289,Zambia,PMO - US,From RDC,N/A - From RDC,Air,2011-03-01,2011-02-15,2011-08-15,2011-07-18,2011-07-18,ARV,Adult,SCMS from RDC,"Emtricitabine/Tenofovir Disoproxil Fumarate 200/300mg, tablets, 30 Tabs",Emtricitabine/Tenofovir Disoproxil Fumarate,Generic,200/300mg,Tablet - FDC,30,10015,109363.8,10.92,0.36,Mylan (formerly Matrix) Nashik,True,846.0,3798.73,180.45
6692,82392,114-UG-T30,FPQ-7162,SO-38801,DN-2297,Uganda,PMO - US,From RDC,N/A - From RDC,Truck,2011-02-14,2011-02-05,2011-08-05,2011-08-05,2011-08-05,ARV,Adult,SCMS from RDC,"Nevirapine 200mg, tablets, 60 Tabs",Nevirapine,Generic,200mg,Tablet,60,451,1132.01,2.51,0.04,"Strides, Bangalore, India.",True,698.0,3865.63,1.87
6693,82393,114-UG-T30,FPQ-7162,SO-38820,DN-2298,Uganda,PMO - US,From RDC,N/A - From RDC,Truck,2011-02-14,2011-01-29,2011-07-29,2011-08-02,2011-08-02,ARV,Adult,SCMS from RDC,"Lamivudine/Zidovudine 150/300mg, tablets, 60 Tabs",Lamivudine/Zidovudine,Generic,150/300mg,Tablet - FDC,60,15107,124783.82,8.26,0.14,"Aurobindo Unit III, India",True,1409.0,10928.52,205.89
6694,82394,113-ZW-T30,FPQ-6470,SO-37843,DN-2300,Zimbabwe,PMO - US,From RDC,N/A - From RDC,Truck,2010-10-13,2011-03-06,2011-09-06,2011-09-05,2011-09-05,ARV,Adult,SCMS from RDC,"Lamivudine/Tenofovir Disoproxil Fumarate 300/300mg, tablets, 30 Tabs",Lamivudine/Tenofovir Disoproxil Fumarate,Generic,300/300mg,Tablet - FDC,30,10114,87283.82,8.63,0.29,Mylan (formerly Matrix) Nashik,True,1019.0,4969.87,188.18
6695,82395,104-CI-T30,FPQ-7659,SO-40121,DN-2304,Côte d'Ivoire,PMO - US,From RDC,N/A - From RDC,Air,2011-05-03,2011-03-27,2011-09-27,2011-09-12,2011-09-12,ARV,Adult,SCMS from RDC,"Lamivudine/Nevirapine/Zidovudine 150/200/300mg, tablets, 60 Tabs",Lamivudine/Nevirapine/Zidovudine,Generic,150/300/200mg,Tablet - FDC,60,160058,1795850.76,11.22,0.19,Mylan (formerly Matrix) Nashik,True,26409.0,60432.88,2963.15
6696,82397,111-MZ-T30,FPQ-7053,SO-40180,DN-2317,Mozambique,PMO - US,From RDC,N/A - From RDC,Truck,2011-01-24,2011-05-02,2011-11-02,2011-11-02,2011-11-02,ARV,Adult,SCMS from RDC,"Lamivudine/Nevirapine/Zidovudine 150/200/300mg, tablets, 60 Tabs",Lamivudine/Nevirapine/Zidovudine,Generic,150/300/200mg,Tablet - FDC,60,119098,1336279.56,11.22,0.19,"Aurobindo Unit III, India",True,15808.0,11969.68,2204.86
6697,82398,114-UG-T30,FPQ-8048,SO-40210,DN-2327,Uganda,PMO - US,From RDC,N/A - From RDC,Air,2011-07-13,2011-05-03,2011-11-03,2011-08-21,2011-08-21,ARV,Adult,SCMS from RDC,"Tenofovir Disoproxil Fumarate 300mg, tablets, 30 Tabs",Tenofovir Disoproxil Fumarate,Generic,300mg,Tablet,30,2447,15709.74,6.42,0.21,Mylan (formerly Matrix) Nashik,True,138.0,1812.94,25.92
6698,82399,114-UG-T30,FPQ-7166,SO-38871,DN-2334,Uganda,PMO - US,From RDC,N/A - From RDC,Air,2011-02-11,2011-02-28,2011-08-31,2011-09-14,2011-09-14,ARV,Pediatric,SCMS from RDC,"Nevirapine 10mg/ml, oral suspension w/syringe, Bottle, 240 ml",Nevirapine,Generic,10mg/ml,Oral suspension,240,11326,22085.7,1.95,0.01,"Aurobindo Unit III, India",True,4274.0,24213.81,36.44
6699,82401,104-CI-T30,FPQ-7659,SO-40122,DN-2339,Côte d'Ivoire,PMO - US,From RDC,N/A - From RDC,Air,2011-05-03,2011-04-12,2011-10-12,2011-10-12,2011-10-12,ARV,Adult,SCMS from RDC,"Lamivudine/Nevirapine/Zidovudine 150/200/300mg, tablets, 60 Tabs",Lamivudine/Nevirapine/Zidovudine,Generic,150/300/200mg,Tablet - FDC,60,12169,136536.18,11.22,0.19,"Aurobindo Unit III, India",True,7916.0,21397.38,225.28
6700,82402,105-GY-T30,FPQ-8023,SO-40440,DN-2348,Guyana,PMO - US,From RDC,N/A - From RDC,Air,2011-08-19,2011-04-18,2011-10-18,2011-10-03,2011-10-03,ARV,Adult,SCMS from RDC,"Zidovudine 300mg, tablets, 60 Tabs",Zidovudine,Generic,300mg,Tablet,60,726,5096.52,7.02,0.12,Hetero Unit III Hyderabad IN,True,199.0,3127.35,8.41
6701,82403,151-NG-T30,FPQ-7812,SO-39994,DN-2353,Nigeria,PMO - US,From RDC,N/A - From RDC,Air Charter,2011-06-06,2011-05-03,2011-11-03,2011-09-28,2011-09-28,ARV,Adult,SCMS from RDC,"Lamivudine 150mg, tablets, 60 Tabs",Lamivudine,Generic,150mg,Tablet,60,4300,10019.0,2.33,0.04,"Aurobindo Unit III, India",True,220.0,18495.9,16.53
6702,82404,151-NG-T30,FPQ-7812,SO-39997,DN-2356,Nigeria,PMO - US,From RDC,N/A - From RDC,Air Charter,2011-06-06,2011-05-03,2011-11-03,2011-09-28,2011-09-28,ARV,Adult,SCMS from RDC,"Emtricitabine/Tenofovir Disoproxil Fumarate 200/300mg, tablets, 30 Tabs",Emtricitabine/Tenofovir Disoproxil Fumarate,Generic,200/300mg,Tablet - FDC,30,115089,1127872.2,9.8,0.33,Mylan (formerly Matrix) Nashik,True,11004.0,18495.9,1860.99
6703,82405,151-NG-T30,FPQ-7812,SO-39998,DN-2358,Nigeria,PMO - US,From RDC,N/A - From RDC,Air Charter,2011-06-06,2011-05-03,2011-11-03,2011-09-28,2011-09-28,ARV,Adult,SCMS from RDC,"Lamivudine/Zidovudine 150/300mg, tablets, 60 Tabs",Lamivudine/Zidovudine,Generic,150/300mg,Tablet - FDC,60,3446,28463.96,8.26,0.14,Mylan (formerly Matrix) Nashik,True,6622.0,18495.9,46.97
6704,82406,151-NG-T30,FPQ-7812,SO-39998,DN-2358,Nigeria,PMO - US,From RDC,N/A - From RDC,Air Charter,2011-06-06,2011-05-03,2011-11-03,2011-09-28,2011-09-28,ARV,Adult,SCMS from RDC,"Lamivudine/Zidovudine 150/300mg, tablets, 60 Tabs",Lamivudine/Zidovudine,Generic,150/300mg,Tablet - FDC,60,61567,508543.42,8.26,0.14,"Aurobindo Unit III, India",False,668.5,12601.07,839.1
6705,82407,901-SZ-T30,FPQ-8360,SO-40590,DN-2360,Swaziland,PMO - US,From RDC,N/A - From RDC,Air,2011-09-02,2011-03-30,2011-09-30,2011-09-15,2011-09-15,ARV,Adult,SCMS from RDC,"Abacavir 300mg, tablets, 60 Tabs",Abacavir,Generic,300mg,Tablet,60,4224,61797.12,14.63,0.24,Mylan (formerly Matrix) Nashik,True,1926.0,3134.82,101.97
6706,82408,901-SZ-T30,FPQ-8360,SO-40590,DN-2360,Swaziland,PMO - US,From RDC,N/A - From RDC,Air,2011-09-02,2011-03-30,2011-09-30,2011-09-15,2011-09-15,ARV,Adult,SCMS from RDC,"Lamivudine/Nevirapine/Zidovudine 150/200/300mg, tablets, 60 Tabs",Lamivudine/Nevirapine/Zidovudine,Generic,150/300/200mg,Tablet - FDC,60,10900,122298.0,11.22,0.19,"Aurobindo Unit III, India",False,668.5,3467.885,201.79
6707,82409,106-HT-T30,FPQ-6801,SO-38215,DN-2370,Haiti,PMO - US,From RDC,N/A - From RDC,Air,2010-12-14,2011-04-30,2011-10-31,2011-10-10,2011-10-10,ARV,Pediatric,SCMS from RDC,"Nevirapine 10mg/ml, oral suspension w/syringe, Bottle, 240 ml",Nevirapine,Generic,10mg/ml,Oral suspension,240,1292,2519.4,1.95,0.01,"Aurobindo Unit III, India",True,483.0,5324.69,4.16
6708,82410,900-SZ-T30,FPQ-8417,SO-40680,DN-2379,Swaziland,PMO - US,From RDC,N/A - From RDC,Air,2011-09-14,2011-04-06,2011-10-06,2011-10-11,2011-10-11,ARV,Adult,SCMS from RDC,"Lamivudine/Tenofovir Disoproxil Fumarate 300/300mg, tablets, 30 Tabs",Lamivudine/Tenofovir Disoproxil Fumarate,Generic,300/300mg,Tablet - FDC,30,30000,246900.0,8.23,0.27,Mylan (formerly Matrix) Nashik,True,2641.0,7168.8,407.38
6709,82411,114-UG-T30,FPQ-7166,SO-38872,DN-2382,Uganda,PMO - US,From RDC,N/A - From RDC,Air,2011-02-11,2011-04-30,2011-10-30,2011-11-01,2011-11-01,ARV,Pediatric,SCMS from RDC,"Nevirapine 10mg/ml, oral suspension w/syringe, Bottle, 240 ml",Nevirapine,Generic,10mg/ml,Oral suspension,240,13993,27286.35,1.95,0.01,"Aurobindo Unit III, India",True,5262.0,27823.07,45.02
6710,82412,109-TZ-T30,FPQ-7675,SO-39753,DN-2386,Tanzania,PMO - US,From RDC,N/A - From RDC,Air,2011-05-18,2011-05-29,2011-11-29,2011-11-29,2011-11-29,ARV,Adult,SCMS from RDC,"Efavirenz/Emtricitabine/Tenofovir Disoproxil Fumarate 600/200/300mg, tablets, 30 Tabs",Efavirenz/Emtricitabine/Tenofovir Disoproxil Fumarate,Generic,600/200/300mg,Tablet - FDC,30,4163,82926.96,19.92,0.66,Mylan (formerly Matrix) Nashik,True,483.0,2367.4,136.83
6711,82413,111-MZ-T30,FPQ-7053,SO-38642,DN-2392,Mozambique,PMO - US,From RDC,N/A - From RDC,Truck,2011-01-24,2011-06-14,2011-12-14,2011-12-14,2011-12-14,ARV,Pediatric,SCMS from RDC,"Nevirapine 10mg/ml, oral suspension w/syringe, Bottle, 240 ml",Nevirapine,Generic,10mg/ml,Oral suspension,240,26337,51357.15,1.95,0.01,"Aurobindo Unit III, India",True,9931.0,6888.32,84.74
6712,82414,151-NG-T30,FPQ-7812,SO-40722,DN-2394,Nigeria,PMO - US,From RDC,N/A - From RDC,Air Charter,2011-06-06,2011-06-05,2011-12-05,2011-10-14,2011-10-14,ARV,Adult,SCMS from RDC,"Lamivudine/Tenofovir Disoproxil Fumarate 300/300mg, tablets, 30 Tabs",Lamivudine/Tenofovir Disoproxil Fumarate,Generic,300/300mg,Tablet - FDC,30,24346,190385.72,7.82,0.26,Mylan (formerly Matrix) Nashik,True,2391.0,21326.73,314.14
6713,82415,151-NG-T30,FPQ-7812,SO-40723,DN-2395,Nigeria,PMO - US,From RDC,N/A - From RDC,Air Charter,2011-06-06,2011-06-05,2011-12-05,2011-10-13,2011-10-13,ARV,Adult,SCMS from RDC,"Lamivudine/Nevirapine/Zidovudine 150/200/300mg, tablets, 60 Tabs",Lamivudine/Nevirapine/Zidovudine,Generic,150/300/200mg,Tablet - FDC,60,105160,1179895.2,11.22,0.19,"Aurobindo Unit III, India",True,28277.0,21326.73,1946.83
6714,82416,111-MZ-T30,FPQ-7053,SO-38637,DN-2414,Mozambique,PMO - US,From RDC,N/A - From RDC,Truck,2011-01-24,2011-07-25,2012-01-25,2012-01-25,2012-01-25,ARV,Pediatric,SCMS from RDC,"Nevirapine 10mg/ml, oral suspension w/syringe, Bottle, 240 ml",Nevirapine,Generic,10mg/ml,Oral suspension,240,2930,5713.5,1.95,0.01,"Aurobindo Unit III, India",True,1102.0,2779.53,9.43
6715,82417,104-CI-T30,FPQ-8295,SO-40780,DN-2421,Côte d'Ivoire,PMO - US,From RDC,N/A - From RDC,Truck,2011-08-25,2011-06-15,2011-12-15,2011-11-19,2011-11-19,ARV,Adult,SCMS from RDC,"Lamivudine 150mg, tablets, 60 Tabs",Lamivudine,Generic,150mg,Tablet,60,8100,18873.0,2.33,0.04,"Aurobindo Unit III, India",True,387.0,3296.34,31.14
6716,82418,110-ZM-T30,FPQ-7667,SO-40241,DN-2423,Zambia,PMO - US,From RDC,N/A - From RDC,Ocean,2011-07-26,2011-07-10,2012-01-10,2011-11-28,2011-11-28,ARV,Pediatric,SCMS from RDC,"Nevirapine 10mg/ml, oral suspension w/syringe, Bottle, 240 ml",Nevirapine,Generic,10mg/ml,Oral suspension,240,12861,25078.95,1.95,0.01,"Aurobindo Unit III, India",True,4836.0,4075.1,41.38
6717,82419,111-MZ-T30,FPQ-8157,SO-40320,DN-2425,Mozambique,PMO - US,From RDC,N/A - From RDC,Truck,2011-08-04,2011-06-14,2011-12-14,2011-12-14,2011-12-14,ARV,Adult,SCMS from RDC,"Lamivudine/Nevirapine/Zidovudine 150/200/300mg, tablets, 60 Tabs",Lamivudine/Nevirapine/Zidovudine,Generic,150/300/200mg,Tablet - FDC,60,107325,1204186.5,11.22,0.19,"Aurobindo Unit VII, IN",True,12669.0,11291.75,1986.91
6718,82420,109-TZ-T30,FPQ-7675,SO-39750,DN-2445,Tanzania,PMO - US,From RDC,N/A - From RDC,Air,2011-05-18,2011-07-30,2012-01-30,2011-12-22,2011-12-22,ARV,Pediatric,SCMS from RDC,"Abacavir 20mg/ml, oral solution w/syringe, Bottle, 240 ml",Abacavir,Generic,20mg/ml,Oral solution,240,2335,29187.5,12.5,0.05,"Aurobindo Unit III, India",True,9523.0,0.0,48.16
6719,82421,109-TZ-T30,FPQ-7675,SO-39754,DN-2447,Tanzania,PMO - US,From RDC,N/A - From RDC,Air,2011-05-18,2011-07-31,2012-01-31,2011-12-22,2011-12-22,ARV,Adult,SCMS from RDC,"Efavirenz/Emtricitabine/Tenofovir Disoproxil Fumarate 600/200/300mg, tablets, 30 Tabs",Efavirenz/Emtricitabine/Tenofovir Disoproxil Fumarate,Generic,600/200/300mg,Tablet - FDC,30,11723,233522.16,19.92,0.66,Mylan (formerly Matrix) Nashik,True,1305.0,0.0,385.31
6720,82422,151-NG-T30,FPQ-8364,SO-40652,DN-2454,Nigeria,PMO - US,From RDC,N/A - From RDC,Air Charter,2011-08-29,2011-09-02,2012-03-02,2011-12-18,2011-12-18,ARV,Adult,SCMS from RDC,"Lamivudine 150mg, tablets, 60 Tabs",Lamivudine,Generic,150mg,Tablet,60,4700,10951.0,2.33,0.04,"Aurobindo Unit III, India",True,264.0,15322.73,18.07
6721,82423,151-NG-T30,FPQ-8364,SO-40653,DN-2455,Nigeria,PMO - US,From RDC,N/A - From RDC,Air Charter,2011-08-29,2011-09-02,2012-03-02,2011-12-18,2011-12-18,ARV,Adult,SCMS from RDC,"Emtricitabine/Tenofovir Disoproxil Fumarate 200/300mg, tablets, 30 Tabs",Emtricitabine/Tenofovir Disoproxil Fumarate,Generic,200/300mg,Tablet - FDC,30,5950,53371.5,8.97,0.3,"Aurobindo Unit III, India",True,631.0,15322.73,88.06
6722,82424,104-CI-T30,FPQ-8295,SO-40791,DN-2459,Côte d'Ivoire,PMO - US,From RDC,N/A - From RDC,Truck,2011-08-25,2011-08-06,2012-02-06,2012-02-06,2012-02-06,ARV,Pediatric,SCMS from RDC,"Didanosine 200mg, chewable/dispersible tablets, 60 Tabs",Didanosine,Generic,200mg,Chewable/dispersible tablet,60,3765,56475.0,15.0,0.25,"Aurobindo Unit III, India",True,303.0,12102.81,93.18
6723,82425,151-NG-T30,FPQ-8364,SO-40654,DN-2462,Nigeria,PMO - US,From RDC,N/A - From RDC,Air Charter,2011-08-29,2011-09-02,2012-03-02,2011-12-18,2011-12-18,ARV,Adult,SCMS from RDC,"Nevirapine 200mg, tablets, 60 Tabs",Nevirapine,Generic,200mg,Tablet,60,60000,154800.0,2.58,0.04,Hetero Unit III Hyderabad IN,True,9746.0,15322.73,255.42
6724,82426,151-NG-T30,FPQ-8364,SO-40661,DN-2465,Nigeria,PMO - US,From RDC,N/A - From RDC,Air Charter,2011-08-29,2011-09-16,2012-03-16,2011-12-18,2011-12-18,ARV,Adult,SCMS from RDC,"Lamivudine/Nevirapine/Zidovudine 150/200/300mg, tablets, 60 Tabs",Lamivudine/Nevirapine/Zidovudine,Generic,150/300/200mg,Tablet - FDC,60,9887,110932.14,11.22,0.19,Mylan (formerly Matrix) Nashik,True,20845.0,15322.73,183.04
6725,82427,104-CI-T30,FPQ-8363,SO-40831,DN-2469,Côte d'Ivoire,PMO - US,From RDC,N/A - From RDC,Air Charter,2011-08-29,2011-10-27,2012-04-27,2012-02-08,2012-02-08,ARV,Adult,SCMS from RDC,"Lamivudine/Zidovudine 150/300mg, tablets, 60 Tabs",Lamivudine/Zidovudine,Generic,150/300mg,Tablet - FDC,60,14081,116309.06,8.26,0.14,"Aurobindo Unit III, India",True,6410.0,24940.97,191.91
6726,82428,151-NG-T30,FPQ-8364,SO-40663,DN-2475,Nigeria,PMO - US,From RDC,N/A - From RDC,Air Charter,2011-08-29,2011-09-16,2012-03-16,2011-12-18,2011-12-18,ARV,Adult,SCMS from RDC,"Lamivudine/Tenofovir Disoproxil Fumarate 300/300mg, tablets, 30 Tabs",Lamivudine/Tenofovir Disoproxil Fumarate,Generic,300/300mg,Tablet - FDC,30,43441,357519.43,8.23,0.27,Mylan (formerly Matrix) Nashik,True,3263.0,15322.7,589.91
6727,82429,101-CD-T30,FPQ-9015,SO-41230,DN-2478,"Congo, DRC",PMO - US,From RDC,N/A - From RDC,Air,2011-12-12,2011-06-27,2011-12-27,2012-01-03,2012-01-03,ARV,Adult,SCMS from RDC,"Lamivudine/Zidovudine 150/300mg, tablets, 60 Tabs",Lamivudine/Zidovudine,Generic,150/300mg,Tablet - FDC,60,1500,12390.0,8.26,0.14,"Aurobindo Unit III, India",True,147.0,1182.25,17.37
6728,82430,109-TZ-T30,FPQ-8297,SO-40601,DN-2483,Tanzania,PMO - US,From RDC,N/A - From RDC,Truck,2011-08-22,2011-08-29,2012-02-29,2012-02-05,2012-02-05,ARV,Adult,SCMS from RDC,"Efavirenz 600mg, tablets, 30 Tabs",Efavirenz,Generic,600mg,Tablet,30,200693,846924.46,4.22,0.14,"Strides, Bangalore, India.",True,17947.0,0.0,1397.43
6729,82431,110-ZM-T30,FPQ-7085,SO-38740,DN-2487,Zambia,PMO - US,From RDC,N/A - From RDC,Truck,2011-02-03,2011-07-30,2012-01-30,2012-01-20,2012-01-20,ARV,Adult,SCMS from RDC,"Nevirapine 200mg, tablets, 60 Tabs",Nevirapine,Generic,200mg,Tablet,60,13836,34728.36,2.51,0.04,"Aurobindo Unit VII, IN",True,1332.0,6476.7,57.3
6730,82432,101-CD-T30,FPQ-8840,SO-41131,DN-2493,"Congo, DRC",PMO - US,From RDC,N/A - From RDC,Air,2011-11-21,2011-09-16,2012-03-16,2012-02-14,2012-02-14,ARV,Adult,SCMS from RDC,"Lamivudine/Zidovudine 150/300mg, tablets, 60 Tabs",Lamivudine/Zidovudine,Generic,150/300mg,Tablet - FDC,60,97,801.22,8.26,0.14,"Aurobindo Unit III, India",True,46.0,456.17,1.12
6731,82433,101-CD-T30,FPQ-8840,SO-41132,DN-2494,"Congo, DRC",PMO - US,From RDC,N/A - From RDC,Air,2011-11-21,2011-09-16,2012-03-16,2012-02-14,2012-02-14,ARV,Adult,SCMS from RDC,"Nevirapine 200mg, tablets, 60 Tabs",Nevirapine,Generic,200mg,Tablet,60,16,41.28,2.58,0.04,"Strides, Bangalore, India.",True,42.0,456.18,0.06
6732,82434,101-CD-T30,FPQ-8840,SO-41134,DN-2496,"Congo, DRC",PMO - US,From RDC,N/A - From RDC,Air,2011-11-21,2011-09-16,2012-03-16,2012-02-14,2012-02-14,ARV,Adult,SCMS from RDC,"Lamivudine/Nevirapine/Zidovudine 150/200/300mg, tablets, 60 Tabs",Lamivudine/Nevirapine/Zidovudine,Generic,150/300/200mg,Tablet - FDC,60,54,594.0,11.0,0.18,Mylan (formerly Matrix) Nashik,True,668.5,2346.5699999999997,0.83
6733,82435,101-CD-T30,FPQ-8840,SO-41135,DN-2497,"Congo, DRC",PMO - US,From RDC,N/A - From RDC,Air,2011-11-21,2011-09-16,2012-03-16,2012-02-14,2012-02-14,ARV,Adult,SCMS from RDC,"Lamivudine/Nevirapine/Zidovudine 150/200/300mg, tablets, 60 Tabs",Lamivudine/Nevirapine/Zidovudine,Generic,150/300/200mg,Tablet - FDC,60,28,308.0,11.0,0.18,Mylan (formerly Matrix) Nashik,True,13.0,912.36,0.43
6734,82436,101-CD-T30,FPQ-8840,SO-41138,DN-2500,"Congo, DRC",PMO - US,From RDC,N/A - From RDC,Air,2011-11-21,2011-08-10,2012-02-10,2012-02-14,2012-02-14,ARV,Adult,SCMS from RDC,"Lamivudine/Nevirapine/Zidovudine 150/200/300mg, tablets, 60 Tabs",Lamivudine/Nevirapine/Zidovudine,Generic,150/300/200mg,Tablet - FDC,60,1176,12936.0,11.0,0.18,Mylan (formerly Matrix) Nashik,True,308.0,1824.72,18.14
6735,82437,101-CD-T30,FPQ-8840,SO-41138,DN-2500,"Congo, DRC",PMO - US,From RDC,N/A - From RDC,Air,2011-11-21,2011-08-10,2012-02-10,2012-02-14,2012-02-14,ARV,Adult,SCMS from RDC,"Lopinavir/Ritonavir 200/50mg, tablets, 120 Tabs",Lopinavir/Ritonavir,Generic,200/50mg,Tablet,120,147,4959.78,33.74,0.28,"Aurobindo Unit III, India",False,668.5,2346.5699999999997,6.95
6736,82438,101-CD-T30,FPQ-8840,SO-41138,DN-2500,"Congo, DRC",PMO - US,From RDC,N/A - From RDC,Air,2011-11-21,2011-08-10,2012-02-10,2012-02-14,2012-02-14,ARV,Adult,SCMS from RDC,"Nevirapine 200mg, tablets, 60 Tabs",Nevirapine,Generic,200mg,Tablet,60,341,879.78,2.58,0.04,"Strides, Bangalore, India.",False,668.5,2346.5699999999997,1.23
6737,82439,101-CD-T30,FPQ-8840,SO-41142,DN-2506,"Congo, DRC",PMO - US,From RDC,N/A - From RDC,Air,2011-11-21,2011-09-16,2012-03-16,2012-03-14,2012-03-14,ARV,Adult,SCMS from RDC,"Zidovudine 300mg, tablets, 60 Tabs",Zidovudine,Generic,300mg,Tablet,60,913,6409.26,7.02,0.12,Hetero Unit III Hyderabad IN,True,288.0,2460.79,8.99
6738,82440,101-CD-T30,FPQ-8840,SO-41143,DN-2507,"Congo, DRC",PMO - US,From RDC,N/A - From RDC,Air,2011-11-21,2011-09-16,2012-03-16,2012-04-11,2012-04-11,ARV,Adult,SCMS from RDC,"Zidovudine 300mg, tablets, 60 Tabs",Zidovudine,Generic,300mg,Tablet,60,1029,7223.58,7.02,0.12,Hetero Unit III Hyderabad IN,True,324.0,3436.14,10.13
6739,82441,101-CD-T30,FPQ-8840,SO-41145,DN-2509,"Congo, DRC",PMO - US,From RDC,N/A - From RDC,Air,2011-11-21,2011-09-16,2012-03-16,2012-04-13,2012-04-13,ARV,Adult,SCMS from RDC,"Zidovudine 300mg, tablets, 60 Tabs",Zidovudine,Generic,300mg,Tablet,60,98,687.96,7.02,0.12,Hetero Unit III Hyderabad IN,True,65.0,1418.01,0.96
6740,82442,101-CD-T30,FPQ-8840,SO-41146,DN-2510,"Congo, DRC",PMO - US,From RDC,N/A - From RDC,Air,2011-11-21,2011-09-16,2012-03-16,2012-03-23,2012-03-23,ARV,Adult,SCMS from RDC,"Lamivudine/Tenofovir Disoproxil Fumarate 300/300mg, tablets, 30 Tabs",Lamivudine/Tenofovir Disoproxil Fumarate,Generic,300/300mg,Tablet - FDC,30,20,121.6,6.08,0.2,Mylan (formerly Matrix) Nashik,True,70.0,1524.5,0.17
6741,82443,101-CD-T30,FPQ-8840,SO-41148,DN-2512,"Congo, DRC",PMO - US,From RDC,N/A - From RDC,Air,2011-11-21,2011-09-16,2012-03-16,2012-03-14,2012-03-14,ARV,Adult,SCMS from RDC,"Lamivudine/Tenofovir Disoproxil Fumarate 300/300mg, tablets, 30 Tabs",Lamivudine/Tenofovir Disoproxil Fumarate,Generic,300/300mg,Tablet - FDC,30,103,626.24,6.08,0.2,Mylan (formerly Matrix) Nashik,True,1072.0,5636.3,0.88
6742,82444,110-ZM-T30,FPQ-7767,SO-40270,DN-2513,Zambia,PMO - US,From RDC,N/A - From RDC,Truck,2011-07-26,2011-08-28,2012-02-28,2012-02-17,2012-02-17,ARV,Adult,SCMS from RDC,"Abacavir 300mg, tablets, 60 Tabs",Abacavir,Generic,300mg,Tablet,60,27452,412878.08,15.04,0.25,Mylan (formerly Matrix) Nashik,True,3898.0,11292.05,681.25
6743,82445,111-MZ-T30,FPQ-8157,SO-40310,DN-2517,Mozambique,PMO - US,From RDC,N/A - From RDC,Truck,2011-08-04,2011-08-15,2012-02-15,2012-03-08,2012-03-08,ARV,Adult,SCMS from RDC,"Nevirapine 200mg, tablets, 60 Tabs",Nevirapine,Generic,200mg,Tablet,60,2870,7031.5,2.45,0.04,"Aurobindo Unit VII, IN",True,277.0,4313.33,11.6
6744,82446,101-CD-T30,FPQ-8840,SO-41380,DN-2522,"Congo, DRC",PMO - US,From RDC,N/A - From RDC,Air,2011-11-21,2011-09-22,2012-03-22,2012-03-22,2012-03-22,ARV,Adult,SCMS from RDC,"Lamivudine 150mg, tablets, 60 Tabs",Lamivudine,Generic,150mg,Tablet,60,6,13.98,2.33,0.04,Hetero Unit III Hyderabad IN,True,6.0,522.42,0.02
6745,82447,101-CD-T30,FPQ-8840,SO-41382,DN-2530,"Congo, DRC",PMO - US,From RDC,N/A - From RDC,Air,2011-11-21,2011-09-22,2012-03-22,2012-03-22,2012-03-22,ARV,Adult,SCMS from RDC,"Lamivudine 150mg, tablets, 60 Tabs",Lamivudine,Generic,150mg,Tablet,60,20,46.6,2.33,0.04,Hetero Unit III Hyderabad IN,True,1.0,491.43,0.07
6746,82448,110-ZM-T30,FPQ-8759,SO-41121,DN-2532,Zambia,PMO - US,From RDC,N/A - From RDC,Truck,2011-11-06,2011-10-27,2012-04-27,2012-02-17,2012-02-17,ARV,Adult,SCMS from RDC,"Abacavir 300mg, tablets, 60 Tabs",Abacavir,Generic,300mg,Tablet,60,7548,110427.24,14.63,0.24,Mylan (formerly Matrix) Nashik,True,13472.0,11292.05,154.82
6747,82449,109-TZ-T30,FPQ-8303,SO-40500,DN-2540,Tanzania,PMO - US,From RDC,N/A - From RDC,Truck,2011-08-22,2011-09-15,2012-03-15,2012-03-12,2012-03-12,ARV,Pediatric,SCMS from RDC,"Efavirenz 50mg, capsule, 30 Caps",Efavirenz,Generic,50mg,Capsule,30,18732,41959.68,2.24,0.07,"Aurobindo Unit III, India",True,1090.0,1698.83,69.23
6748,82450,104-CI-T30,FPQ-8295,SO-40790,DN-2548,Côte d'Ivoire,PMO - US,From RDC,N/A - From RDC,Truck,2011-08-25,2011-08-29,2012-02-29,2012-03-01,2012-03-01,ARV,Adult,SCMS from RDC,"Lamivudine/Nevirapine/Zidovudine 150/200/300mg, tablets, 60 Tabs",Lamivudine/Nevirapine/Zidovudine,Generic,150/300/200mg,Tablet - FDC,60,92352,1036189.44,11.22,0.19,"Aurobindo Unit III, India",True,10832.0,3641.16,1709.71
6749,82451,109-TZ-T30,FPQ-8303,SO-41390,DN-2550,Tanzania,PMO - US,From RDC,N/A - From RDC,Truck,2011-08-22,2011-09-15,2012-03-15,2012-03-12,2012-03-12,ARV,Pediatric,SCMS from RDC,"Abacavir 20mg/ml, oral solution w/syringe, Bottle, 240 ml",Abacavir,Generic,20mg/ml,Oral solution,240,2176,27200.0,12.5,0.05,"Aurobindo Unit III, India",True,821.0,1698.83,44.88
6750,82452,104-CI-T30,FPQ-8363,SO-40820,DN-2551,Côte d'Ivoire,PMO - US,From RDC,N/A - From RDC,Truck,2011-08-29,2011-09-02,2012-03-02,2012-02-24,2012-02-24,ARV,Adult,SCMS from RDC,"Tenofovir Disoproxil Fumarate 300mg, tablets, 30 Tabs",Tenofovir Disoproxil Fumarate,Generic,300mg,Tablet,30,2160,11880.0,5.5,0.18,Mylan (formerly Matrix) Nashik,True,1122.0,6009.47,19.6
6751,82453,109-TZ-T30,FPQ-8297,SO-40613,DN-2558,Tanzania,PMO - US,From RDC,N/A - From RDC,Truck,2011-08-22,2011-10-06,2012-04-06,2012-02-14,2012-02-14,ARV,Adult,SCMS from RDC,"Zidovudine 300mg, tablets, 60 Tabs",Zidovudine,Generic,300mg,Tablet,60,150000,1053000.0,7.02,0.12,"Aurobindo Unit III, India",True,10142.0,7651.59,1737.45
6752,82454,151-NG-T30,FPQ-8952,SO-41264,DN-2566,Nigeria,PMO - US,From RDC,N/A - From RDC,Air Charter,2011-12-08,2011-12-20,2012-06-20,2012-02-16,2012-02-16,ARV,Adult,SCMS from RDC,"Efavirenz/Emtricitabine/Tenofovir Disoproxil Fumarate 600/200/300mg, tablets, 30 Tabs",Efavirenz/Emtricitabine/Tenofovir Disoproxil Fumarate,Generic,600/200/300mg,Tablet - FDC,30,26798,448330.54,16.73,0.56,Mylan (formerly Matrix) Nashik,True,3203.0,25231.96,628.56
6753,82455,151-NG-T30,FPQ-8952,SO-41266,DN-2568,Nigeria,PMO - US,From RDC,N/A - From RDC,Air Charter,2011-12-08,2011-12-20,2012-06-20,2012-02-16,2012-02-16,ARV,Adult,SCMS from RDC,"Nevirapine 200mg, tablets, 60 Tabs",Nevirapine,Generic,200mg,Tablet,60,100000,258000.0,2.58,0.04,"Strides, Bangalore, India.",True,18672.0,25231.96,361.72
6754,82456,105-GY-T30,FPQ-8623,SO-41030,DN-2575,Guyana,PMO - US,From RDC,N/A - From RDC,Air,2011-10-27,2011-09-30,2012-03-30,2012-03-19,2012-03-19,ARV,Adult,SCMS from RDC,"Lopinavir/Ritonavir 200/50mg [Aluvia], tablets, 120 Tabs",Lopinavir/Ritonavir,Aluvia,200/50mg,Tablet,120,1313,44300.62,33.74,0.28,ABBVIE Ludwigshafen Germany,True,276.0,3940.18,62.11
6755,82457,900-SS-T30,FPQ-8624,SO-41080,DN-2581,South Sudan,PMO - US,From RDC,N/A - From RDC,Air,2011-11-04,2011-09-21,2012-03-21,2012-03-08,2012-03-08,ARV,Adult,SCMS from RDC,"Zidovudine 300mg, tablets, 60 Tabs",Zidovudine,Generic,300mg,Tablet,60,6200,43524.0,7.02,0.12,Hetero Unit III Hyderabad IN,True,2652.0,22788.95,61.02
6756,82458,900-SS-T30,FPQ-8624,SO-41080,DN-2581,South Sudan,PMO - US,From RDC,N/A - From RDC,Air,2011-11-04,2011-09-21,2012-03-21,2012-03-08,2012-03-08,ARV,Adult,SCMS from RDC,"Lamivudine/Zidovudine 150/300mg, tablets, 60 Tabs",Lamivudine/Zidovudine,Generic,150/300mg,Tablet - FDC,60,250,2065.0,8.26,0.14,"Aurobindo Unit III, India",False,73.5,2575.925,2.9
6757,82459,151-NG-T30,FPQ-8952,SO-41268,DN-2582,Nigeria,PMO - US,From RDC,N/A - From RDC,Air Charter,2011-12-08,2011-12-20,2012-06-20,2012-02-16,2012-02-16,ARV,Adult,SCMS from RDC,"Emtricitabine/Tenofovir Disoproxil Fumarate 200/300mg, tablets, 30 Tabs",Emtricitabine/Tenofovir Disoproxil Fumarate,Generic,200/300mg,Tablet - FDC,30,95243,854329.71,8.97,0.3,"Aurobindo Unit III, India",True,14487.0,12601.07,1197.77
6758,82460,151-NG-T30,FPQ-8952,SO-41268,DN-2582,Nigeria,PMO - US,From RDC,N/A - From RDC,Air Charter,2011-12-08,2011-12-20,2012-06-20,2012-02-16,2012-02-16,ARV,Adult,SCMS from RDC,"Emtricitabine/Tenofovir Disoproxil Fumarate 200/300mg, tablets, 30 Tabs",Emtricitabine/Tenofovir Disoproxil Fumarate,Generic,200/300mg,Tablet - FDC,30,50000,448500.0,8.97,0.3,Mylan (formerly Matrix) Nashik,False,4502.0,12601.07,628.8
6759,82461,107-RW-T30,FPQ-9238,SO-41440,DN-2584,Rwanda,PMO - US,From RDC,N/A - From RDC,Air,2012-01-26,2011-09-12,2012-03-12,2012-03-05,2012-03-05,HRDT,HIV test,SCMS from RDC,"HIV 1/2, Uni-Gold HIV Kit, 20 Tests","HIV 1/2, Uni-Gold HIV Kit",Uni-Gold,no_dosage,Test kit,20,1000,32000.0,32.0,1.6,"Trinity Biotech, Plc",True,334.0,3494.5,44.86
6760,82462,114-UG-T30,FPQ-9321,SO-41520,DN-2597,Uganda,PMO - US,From RDC,N/A - From RDC,Truck,2012-02-10,2011-10-24,2012-04-24,2012-02-27,2012-02-27,ARV,Adult,SCMS from RDC,"Lamivudine/Nevirapine/Zidovudine 150/200/300mg, tablets, 60 Tabs",Lamivudine/Nevirapine/Zidovudine,Generic,150/300/200mg,Tablet - FDC,60,5525,60775.0,11.0,0.18,Mylan (formerly Matrix) Nashik,True,1414.0,4054.19,85.21
6761,82463,114-UG-T30,FPQ-9321,SO-41520,DN-2597,Uganda,PMO - US,From RDC,N/A - From RDC,Truck,2012-02-10,2011-10-24,2012-04-24,2012-02-27,2012-02-27,ARV,Adult,SCMS from RDC,"Lamivudine/Tenofovir Disoproxil Fumarate 300/300mg, tablets, 30 Tabs",Lamivudine/Tenofovir Disoproxil Fumarate,Generic,300/300mg,Tablet - FDC,30,3900,23712.0,6.08,0.2,Mylan (formerly Matrix) Nashik,False,635.5,5458.45,33.24
6762,82464,114-UG-T30,FPQ-9321,SO-41520,DN-2597,Uganda,PMO - US,From RDC,N/A - From RDC,Truck,2012-02-10,2011-10-24,2012-04-24,2012-02-27,2012-02-27,ARV,Adult,SCMS from RDC,"Nevirapine 200mg, tablets, 60 Tabs",Nevirapine,Generic,200mg,Tablet,60,1700,4267.0,2.51,0.04,"Strides, Bangalore, India.",False,268.0,5458.45,5.98
6763,82465,109-TZ-T30,FPQ-8297,SO-40610,DN-2598,Tanzania,PMO - US,From RDC,N/A - From RDC,Truck,2011-08-22,2011-11-04,2012-05-04,2012-04-11,2012-04-11,ARV,Adult,SCMS from RDC,"Lamivudine/Zidovudine 150/300mg, tablets, 60 Tabs",Lamivudine/Zidovudine,Generic,150/300mg,Tablet - FDC,60,22340,184528.4,8.26,0.14,"Aurobindo Unit III, India",True,20975.0,3279.25,304.47
6764,82466,104-CI-T30,FPQ-8787,SO-41152,DN-2606,Côte d'Ivoire,PMO - US,From RDC,N/A - From RDC,Air,2011-11-11,2011-10-16,2012-04-16,2012-04-06,2012-04-06,ARV,Adult,SCMS from RDC,"Zidovudine 300mg, tablets, 60 Tabs",Zidovudine,Generic,300mg,Tablet,60,13860,97297.2,7.02,0.12,"Aurobindo Unit III, India",True,662.0,3848.91,136.41
6765,82467,113-ZW-T30,FPQ-8464,SO-40850,DN-2605,Zimbabwe,PMO - US,From RDC,N/A - From RDC,Truck,2011-10-04,2011-10-13,2012-04-13,2012-04-10,2012-04-10,ARV,Adult,SCMS from RDC,"Lamivudine/Zidovudine 150/300mg, tablets, 60 Tabs",Lamivudine/Zidovudine,Generic,150/300mg,Tablet - FDC,60,3345,26760.0,8.0,0.13,"Aurobindo Unit VII, IN",True,21063.0,29250.68,44.15
6766,82468,102-BI-T30,FPQ-9229,SO-41532,DN-2637,Burundi,PMO - US,From RDC,N/A - From RDC,Air,2012-01-25,2011-10-26,2012-04-26,2012-04-30,2012-04-30,ARV,Adult,SCMS from RDC,"Abacavir 300mg, tablets, 60 Tabs",Abacavir,Generic,300mg,Tablet,60,350,4602.5,13.15,0.22,Mylan (formerly Matrix) Nashik,True,36.0,1188.75,6.45
6767,82469,151-NG-T30,FPQ-8952,SO-41269,DN-2644,Nigeria,PMO - US,From RDC,N/A - From RDC,Air Charter,2011-12-08,2011-12-20,2012-06-20,2012-04-30,2012-04-30,ARV,Adult,SCMS from RDC,"Efavirenz/Emtricitabine/Tenofovir Disoproxil Fumarate 600/200/300mg, tablets, 30 Tabs",Efavirenz/Emtricitabine/Tenofovir Disoproxil Fumarate,Generic,600/200/300mg,Tablet - FDC,30,50000,813500.0,16.27,0.54,Mylan (formerly Matrix) Nashik,True,6078.0,27441.22,1140.53
6768,82470,151-NG-T30,FPQ-8952,SO-41920,DN-2645,Nigeria,PMO - US,From RDC,N/A - From RDC,Air Charter,2011-12-08,2011-12-20,2012-06-20,2012-04-30,2012-04-30,ARV,Adult,SCMS from RDC,"Lamivudine/Zidovudine 150/300mg, tablets, 60 Tabs",Lamivudine/Zidovudine,Generic,150/300mg,Tablet - FDC,60,29980,233244.4,7.78,0.13,Mylan (formerly Matrix) Nashik,True,2721.0,27441.22,327.01
6769,82471,114-UG-T30,FPQ-9321,SO-41510,DN-2643,Uganda,PMO - US,From RDC,N/A - From RDC,Truck,2012-02-10,2012-01-03,2012-07-03,2012-05-18,2012-05-18,ARV,Adult,SCMS from RDC,"Lamivudine/Tenofovir Disoproxil Fumarate 300/300mg, tablets, 30 Tabs",Lamivudine/Tenofovir Disoproxil Fumarate,Generic,300/300mg,Tablet - FDC,30,1500,8310.0,5.54,0.18,Mylan (formerly Matrix) Nashik,True,729.0,3758.4,11.65
6770,82472,114-UG-T30,FPQ-9321,SO-41510,DN-2643,Uganda,PMO - US,From RDC,N/A - From RDC,Truck,2012-02-10,2012-01-03,2012-07-03,2012-05-18,2012-05-18,ARV,Adult,SCMS from RDC,"Nevirapine 200mg, tablets, 60 Tabs",Nevirapine,Generic,200mg,Tablet,60,750,1830.0,2.44,0.04,"Strides, Bangalore, India.",False,668.5,5458.45,2.57
6771,82473,114-UG-T30,FPQ-9356,SO-41610,DN-2654,Uganda,PMO - US,From RDC,N/A - From RDC,Truck,2012-02-20,2011-12-29,2012-06-29,2012-05-22,2012-05-22,ARV,Adult,SCMS from RDC,"Lopinavir/Ritonavir 200/50mg, tablets, 120 Tabs",Lopinavir/Ritonavir,Generic,200/50mg,Tablet,120,6899,204762.32,29.68,0.25,"Aurobindo Unit III, India",True,1859.0,10611.0,287.08
6772,82474,113-ZW-T30,FPQ-8464,SO-40861,DN-2655,Zimbabwe,PMO - US,From RDC,N/A - From RDC,Truck,2011-10-04,2011-11-30,2012-05-31,2012-05-25,2012-05-25,ARV,Adult,SCMS from RDC,"Nevirapine 200mg, tablets, 60 Tabs",Nevirapine,Generic,200mg,Tablet,60,16873,41170.12,2.44,0.04,"Aurobindo Unit III, India",True,8433.0,15219.71,67.93
6773,82475,110-ZM-T30,FPQ-8476,SO-40950,DN-2657,Zambia,PMO - US,From RDC,N/A - From RDC,Truck,2011-09-27,2011-12-01,2012-06-01,2012-05-28,2012-05-28,ARV,Adult,SCMS from RDC,"Efavirenz/Emtricitabine/Tenofovir Disoproxil Fumarate 600/200/300mg, tablets, 30 Tabs",Efavirenz/Emtricitabine/Tenofovir Disoproxil Fumarate,Generic,600/200/300mg,Tablet - FDC,30,150000,2440500.0,16.27,0.54,Mylan (formerly Matrix) Nashik,True,17001.0,6079.27,4026.82
6774,82476,110-ZM-T30,FPQ-9081,SO-41290,DN-2660,Zambia,PMO - US,From RDC,N/A - From RDC,Truck,2011-12-22,2011-12-15,2012-06-15,2012-05-28,2012-05-28,ARV,Adult,SCMS from RDC,"Efavirenz/Emtricitabine/Tenofovir Disoproxil Fumarate 600/200/300mg, tablets, 30 Tabs",Efavirenz/Emtricitabine/Tenofovir Disoproxil Fumarate,Generic,600/200/300mg,Tablet - FDC,30,10000,167300.0,16.73,0.56,Mylan (formerly Matrix) Nashik,True,1133.0,6079.27,234.55
6775,82477,104-CI-T30,FPQ-8790,SO-41200,DN-2652,Côte d'Ivoire,PMO - US,From RDC,N/A - From RDC,Air,2011-11-11,2011-11-30,2012-05-30,2012-05-30,2012-05-30,ARV,Adult,SCMS from RDC,"Lamivudine/Zidovudine 150/300mg, tablets, 60 Tabs",Lamivudine/Zidovudine,Generic,150/300mg,Tablet - FDC,60,69684,542141.52,7.78,0.13,Mylan (formerly Matrix) Nashik,True,6798.0,26205.83,760.08
6776,82478,111-MZ-T30,FPQ-9506,SO-41760,DN-2663,Mozambique,PMO - US,From RDC,N/A - From RDC,Truck,2012-03-16,2012-01-03,2012-07-03,2012-06-28,2012-06-28,ARV,Pediatric,SCMS from RDC,"Nevirapine 10mg/ml, oral suspension w/syringe, Bottle, 240 ml",Nevirapine,Generic,10mg/ml,Oral suspension,240,60968,118887.6,1.95,0.01,"Aurobindo Unit III, India",True,53692.0,29683.06,166.68
6777,82479,151-NG-T30,FPQ-8952,SO-41255,DN-2684,Nigeria,PMO - US,From RDC,N/A - From RDC,Air Charter,2011-12-08,2012-01-04,2012-07-04,2012-06-03,2012-06-03,ARV,Adult,SCMS from RDC,"Lamivudine/Nevirapine/Zidovudine 150/200/300mg, tablets, 60 Tabs",Lamivudine/Nevirapine/Zidovudine,Generic,150/300/200mg,Tablet - FDC,60,220000,2420000.0,11.0,0.18,"Aurobindo Unit III, India",True,28776.0,17090.0,3392.84
6778,82480,151-NG-T30,FPQ-9432,SO-42332,DN-2687,Nigeria,PMO - US,From RDC,N/A - From RDC,Air Charter,2012-03-01,2012-02-02,2012-08-02,2012-06-03,2012-06-03,ARV,Adult,SCMS from RDC,"Efavirenz 600mg, tablets, 30 Tabs",Efavirenz,Generic,600mg,Tablet,30,70000,273700.0,3.91,0.13,"Strides, Bangalore, India.",True,6889.0,17090.0,383.73
6779,82481,113-ZW-T30,FPQ-8464,SO-40883,DN-2693,Zimbabwe,PMO - US,From RDC,N/A - From RDC,Truck,2011-10-04,2012-02-14,2012-08-14,2012-06-27,2012-06-27,ARV,Adult,SCMS from RDC,"Lamivudine/Zidovudine 150/300mg, tablets, 60 Tabs",Lamivudine/Zidovudine,Generic,150/300mg,Tablet - FDC,60,3345,26024.1,7.78,0.13,Mylan (formerly Matrix) Nashik,True,7095.0,5530.11,42.94
6780,82482,113-ZW-T30,FPQ-7560,SO-39460,DN-2696,Zimbabwe,PMO - US,From RDC,N/A - From RDC,Truck,2011-04-26,2012-01-31,2012-07-31,2012-06-27,2012-06-27,ARV,Adult,SCMS from RDC,"Zidovudine 300mg, tablets, 60 Tabs",Zidovudine,Generic,300mg,Tablet,60,36192,254067.84,7.02,0.12,Mylan (formerly Matrix) Nashik,True,2036.0,5530.12,419.21
6781,82483,113-ZW-T30,FPQ-8464,SO-40891,DN-2694,Zimbabwe,PMO - US,From RDC,N/A - From RDC,Truck,2011-10-04,2012-04-16,2012-10-16,2012-06-27,2012-06-27,ARV,Adult,SCMS from RDC,"Lamivudine/Zidovudine 150/300mg, tablets, 60 Tabs",Lamivudine/Zidovudine,Generic,150/300mg,Tablet - FDC,60,3345,26024.1,7.78,0.13,Mylan (formerly Matrix) Nashik,True,7114.0,5530.11,42.94
6782,82484,104-CI-T30,FPQ-8790,SO-41181,DN-2715,Côte d'Ivoire,PMO - US,From RDC,N/A - From RDC,Air,2011-11-11,2012-01-02,2012-07-02,2012-07-03,2012-07-03,ARV,Adult,SCMS from RDC,"Lamivudine 150mg, tablets, 60 Tabs",Lamivudine,Generic,150mg,Tablet,60,9900,23067.0,2.33,0.04,"Strides, Bangalore, India.",True,451.0,2394.27,32.34
6783,82485,107-RW-T30,FPQ-10015,SO-42470,DN-2723,Rwanda,PMO - US,From RDC,N/A - From RDC,Air,2012-06-04,2012-01-03,2012-07-03,2012-06-20,2012-06-20,ARV,Adult,SCMS from RDC,"Nevirapine 200mg, tablets, 60 Tabs",Nevirapine,Generic,200mg,Tablet,60,40000,97600.0,2.44,0.04,"Aurobindo Unit III, India",True,3771.0,31029.99,136.84
6784,82486,900-UG-T30,FPQ-10048,SO-42580,DN-2724,Uganda,PMO - US,From RDC,N/A - From RDC,Air,2012-06-06,2012-01-05,2012-07-05,2012-07-16,2012-07-16,ARV,Adult,SCMS from RDC,"Efavirenz 600mg, tablets, 30 Tabs",Efavirenz,Generic,600mg,Tablet,30,45840,179234.4,3.91,0.13,"Strides, Bangalore, India.",True,5486.0,27321.52,251.29
6785,82487,151-NG-T30,FPQ-9432,SO-41682,DN-2729,Nigeria,PMO - US,From RDC,N/A - From RDC,Air Charter,2012-03-01,2012-02-02,2012-08-02,2012-07-09,2012-07-09,ARV,Adult,SCMS from RDC,"Efavirenz 600mg, tablets, 30 Tabs",Efavirenz,Generic,600mg,Tablet,30,50000,190500.0,3.81,0.13,Hetero Unit III Hyderabad IN,True,4944.0,21347.13,267.08
6786,82489,114-UG-T30,FPQ-9875,SO-42083,DN-2743,Uganda,PMO - US,From RDC,N/A - From RDC,Air,2012-05-09,2012-02-17,2012-08-17,2012-08-01,2012-08-01,ARV,Adult,SCMS from RDC,"Lamivudine/Tenofovir Disoproxil Fumarate 300/300mg, tablets, 30 Tabs",Lamivudine/Tenofovir Disoproxil Fumarate,Generic,300/300mg,Tablet - FDC,30,60000,332400.0,5.54,0.18,Mylan (formerly Matrix) Nashik,True,4547.0,30482.8,466.02
6787,82490,114-UG-T30,FPQ-9355,SO-41593,DN-2744,Uganda,PMO - US,From RDC,N/A - From RDC,Truck,2012-02-20,2012-03-05,2012-09-05,2012-07-26,2012-07-26,ARV,Adult,SCMS from RDC,"Lamivudine/Nevirapine/Zidovudine 150/200/300mg, tablets, 60 Tabs",Lamivudine/Nevirapine/Zidovudine,Generic,150/300/200mg,Tablet - FDC,60,157,1540.17,9.81,0.16,"Strides, Bangalore, India.",True,836.0,4911.0,2.16
6788,82491,104-CI-T30,FPQ-8790,SO-41191,DN-2754,Côte d'Ivoire,PMO - US,From RDC,N/A - From RDC,Air,2011-11-11,2012-01-31,2012-07-31,2012-07-31,2012-07-31,ARV,Adult,SCMS from RDC,"Lamivudine/Nevirapine/Zidovudine 150/200/300mg, tablets, 60 Tabs",Lamivudine/Nevirapine/Zidovudine,Generic,150/300/200mg,Tablet - FDC,60,80032,785113.92,9.81,0.16,"Aurobindo Unit III, India",True,11720.0,11702.27,1100.73
6789,82492,104-CI-T30,FPQ-8790,SO-41201,DN-2756,Côte d'Ivoire,PMO - US,From RDC,N/A - From RDC,Air,2011-11-11,2012-01-31,2012-07-31,2012-07-31,2012-07-31,ARV,Adult,SCMS from RDC,"Tenofovir Disoproxil Fumarate 300mg, tablets, 30 Tabs",Tenofovir Disoproxil Fumarate,Generic,300mg,Tablet,30,1499,7225.18,4.82,0.16,"Aurobindo Unit III, India",True,123.0,2252.42,10.13
6790,82493,110-ZM-T30,FPQ-9472,SO-41720,DN-2763,Zambia,PMO - US,From RDC,N/A - From RDC,Truck,2012-03-08,2012-01-31,2012-07-31,2012-08-01,2012-08-01,ARV,Adult,SCMS from RDC,"Abacavir 300mg, tablets, 60 Tabs",Abacavir,Generic,300mg,Tablet,60,2548,33022.08,12.96,0.22,"Aurobindo Unit III, India",True,3090.0,11188.53,46.3
6791,82494,151-NG-T30,FPQ-9432,SO-42644,DN-2764,Nigeria,PMO - US,From RDC,N/A - From RDC,Air Charter,2012-03-01,2012-02-02,2012-08-02,2012-07-24,2012-07-24,ARV,Adult,SCMS from RDC,"Lamivudine/Zidovudine 150/300mg, tablets, 60 Tabs",Lamivudine/Zidovudine,Generic,150/300mg,Tablet - FDC,60,52378,404358.16,7.72,0.13,"Cipla, Goa, India",True,7666.0,16532.5,566.91
6792,82495,114-UG-T30,FPQ-9875,SO-42060,DN-2768,Uganda,PMO - US,From RDC,N/A - From RDC,Air,2012-05-09,2012-03-17,2012-09-17,2012-08-14,2012-08-14,ARV,Adult,SCMS from RDC,"Lamivudine/Nevirapine/Zidovudine 150/200/300mg, tablets, 60 Tabs",Lamivudine/Nevirapine/Zidovudine,Generic,150/300/200mg,Tablet - FDC,60,72107,707369.67,9.81,0.16,Mylan (formerly Matrix) Nashik,True,9348.0,81100.77,991.73
6793,82496,151-NG-T30,FPQ-8952,SO-41260,DN-2774,Nigeria,PMO - US,From RDC,N/A - From RDC,Air Charter,2011-12-08,2012-01-31,2012-07-31,2012-07-24,2012-07-24,ARV,Adult,SCMS from RDC,"Lamivudine 150mg, tablets, 60 Tabs",Lamivudine,Generic,150mg,Tablet,60,9980,23253.4,2.33,0.04,Hetero Unit III Hyderabad IN,True,642.0,16532.5,32.6
6794,82497,151-NG-T30,FPQ-9432,SO-42807,DN-2775,Nigeria,PMO - US,From RDC,N/A - From RDC,Air Charter,2012-03-01,2012-02-02,2012-08-02,2012-07-24,2012-07-24,ARV,Adult,SCMS from RDC,"Lamivudine 150mg, tablets, 60 Tabs",Lamivudine,Generic,150mg,Tablet,60,10020,23346.6,2.33,0.04,Hetero Unit III Hyderabad IN,True,645.0,16532.5,32.73
6795,82498,104-CI-T30,FPQ-8790,SO-41190,DN-2776,Côte d'Ivoire,PMO - US,From RDC,N/A - From RDC,Air,2011-11-11,2012-02-20,2012-08-20,2012-08-18,2012-08-18,ARV,Adult,SCMS from RDC,"Efavirenz/Emtricitabine/Tenofovir Disoproxil Fumarate 600/200/300mg, tablets, 30 Tabs",Efavirenz/Emtricitabine/Tenofovir Disoproxil Fumarate,Generic,600/200/300mg,Tablet - FDC,30,14880,223795.2,15.04,0.5,Mylan (formerly Matrix) Nashik,True,1674.0,4754.53,313.76
6796,82499,113-ZW-T30,FPQ-8464,SO-40900,DN-2804,Zimbabwe,PMO - US,From RDC,N/A - From RDC,Truck,2011-10-04,2012-06-11,2012-12-11,2012-09-04,2012-09-04,ARV,Adult,SCMS from RDC,"Lamivudine/Tenofovir Disoproxil Fumarate 300/300mg, tablets, 30 Tabs",Lamivudine/Tenofovir Disoproxil Fumarate,Generic,300/300mg,Tablet - FDC,30,44881,240562.16,5.36,0.18,Mylan (formerly Matrix) Nashik,True,7191.0,6014.22,396.93
6797,82500,111-MZ-T30,FPQ-10210,SO-42950,DN-2808,Mozambique,PMO - US,From RDC,N/A - From RDC,Truck,2012-06-28,2012-05-30,2012-11-30,2012-10-29,2012-10-29,ARV,Pediatric,SCMS from RDC,"Zidovudine 10mg/ml, oral solution w/syringe, Bottle, 240 ml",Zidovudine,Generic,10mg/ml,Oral solution,240,7150,15015.0,2.1,0.01,"Aurobindo Unit III, India",True,2778.0,19730.62,21.05
6798,82501,104-CI-T30,FPQ-9749,SO-42381,DN-2813,Côte d'Ivoire,PMO - US,From RDC,N/A - From RDC,Truck,2012-04-19,2012-04-29,2012-10-29,2012-08-27,2012-08-27,ARV,Pediatric,SCMS from RDC,"Zidovudine 100mg, capsules, 100 Caps",Zidovudine,Generic,100mg,Capsule,100,490,2303.0,4.7,0.05,"Aurobindo Unit III, India",True,4359.0,12101.96,3.23
6799,82502,151-NG-T30,FPQ-9432,SO-42935,DN-2817,Nigeria,PMO - US,From RDC,N/A - From RDC,Air,2012-03-01,2012-02-29,2012-08-31,2012-08-14,2012-08-14,ARV,Adult,SCMS from RDC,"Lamivudine 150mg, tablets, 60 Tabs",Lamivudine,Generic,150mg,Tablet,60,64347,142850.34,2.22,0.04,Hetero Unit III Hyderabad IN,True,5950.0,18461.22,200.28
6800,82503,900-TZ-T30,FPQ-10391,SO-43010,DN-2820,Tanzania,PMO - US,From RDC,N/A - From RDC,Air,2012-07-26,2012-04-26,2012-10-26,2012-10-26,2012-10-26,ARV,Adult,SCMS from RDC,"Lamivudine/Zidovudine 150/300mg, tablets, 60 Tabs",Lamivudine/Zidovudine,Generic,150/300mg,Tablet - FDC,60,52770,407384.4,7.72,0.13,Mylan (formerly Matrix) Nashik,True,16510.0,82283.9,571.15
6801,82504,900-UG-T30,FPQ-10048,SO-42610,DN-2829,Uganda,PMO - US,From RDC,N/A - From RDC,Air,2012-06-06,2012-04-29,2012-10-29,2012-10-29,2012-10-29,ARV,Adult,SCMS from RDC,"Lamivudine/Tenofovir Disoproxil Fumarate 300/300mg, tablets, 30 Tabs",Lamivudine/Tenofovir Disoproxil Fumarate,Generic,300/300mg,Tablet - FDC,30,20201,111913.54,5.54,0.18,"Cipla, Kurkumbh, India",True,3865.0,19667.94,156.9
6802,82505,110-ZM-T30,FPQ-8476,SO-40956,DN-2832,Zambia,PMO - US,From RDC,N/A - From RDC,Truck,2011-09-27,2012-03-17,2012-09-17,2012-09-07,2012-09-07,ARV,Adult,SCMS from RDC,"Zidovudine 300mg, tablets, 60 Tabs",Zidovudine,Generic,300mg,Tablet,60,16258,109904.08,6.76,0.11,Mylan (formerly Matrix) Nashik,True,2321.0,7317.48,181.34
6803,82506,110-ZM-T30,FPQ-9773,SO-41991,DN-2833,Zambia,PMO - US,From RDC,N/A - From RDC,Truck,2012-04-27,2012-03-25,2012-09-25,2012-09-07,2012-09-07,ARV,Adult,SCMS from RDC,"Nevirapine 200mg, tablets, 60 Tabs",Nevirapine,Generic,200mg,Tablet,60,18867,46035.48,2.44,0.04,Mylan (formerly Matrix) Nashik,True,17125.0,7317.47,64.54
6804,82507,104-CI-T30,FPQ-9749,SO-42382,DN-2837,Côte d'Ivoire,PMO - US,From RDC,N/A - From RDC,Truck,2012-04-19,2012-05-13,2012-11-13,2012-09-05,2012-09-05,ARV,Adult,SCMS from RDC,"Lamivudine/Zidovudine 150/300mg, tablets, 60 Tabs",Lamivudine/Zidovudine,Generic,150/300mg,Tablet - FDC,60,84900,660522.0,7.78,0.13,Mylan (formerly Matrix) Nashik,True,18204.0,36194.84,926.05
6805,82508,110-ZM-T30,FPQ-9552,SO-41840,DN-2846,Zambia,PMO - US,From RDC,N/A - From RDC,Truck,2012-03-29,2012-04-30,2012-10-31,2012-09-07,2012-09-07,ARV,Adult,SCMS from RDC,"Lamivudine 150mg, tablets, 60 Tabs",Lamivudine,Generic,150mg,Tablet,60,57984,135102.72,2.33,0.04,Hetero Unit III Hyderabad IN,True,3144.0,7317.47,189.41
6806,82509,900-UG-T30,FPQ-10048,SO-42590,DN-2849,Uganda,PMO - US,From RDC,N/A - From RDC,Air,2012-06-06,2012-04-30,2012-10-30,2012-10-30,2012-10-30,ARV,Adult,SCMS from RDC,"Efavirenz 600mg, tablets, 30 Tabs",Efavirenz,Generic,600mg,Tablet,30,60000,234600.0,3.91,0.13,Hetero Unit III Hyderabad IN,True,5000.0,24889.0,328.91
6807,82510,107-RW-T30,FPQ-9888,SO-42130,DN-2856,Rwanda,PMO - US,From RDC,N/A - From RDC,Air,2012-05-11,2012-04-30,2012-10-30,2012-10-30,2012-10-30,ARV,Adult,SCMS from RDC,"Abacavir 300mg, tablets, 60 Tabs",Abacavir,Generic,300mg,Tablet,60,18620,244853.0,13.15,0.22,Mylan (formerly Matrix) Nashik,True,1928.0,5825.17,343.28
6808,82511,900-SS-T30,FPQ-10517,SO-43070,DN-2858,South Sudan,PMO - US,From RDC,N/A - From RDC,Air,2012-08-17,2012-05-15,2012-11-15,2012-10-23,2012-10-23,ARV,Adult,SCMS from RDC,"Lamivudine 150mg, tablets, 60 Tabs",Lamivudine,Generic,150mg,Tablet,60,270,599.4,2.22,0.04,Hetero Unit III Hyderabad IN,True,513.0,4934.43,0.84
6809,82512,107-RW-T30,FPQ-9888,SO-42100,DN-2859,Rwanda,PMO - US,From RDC,N/A - From RDC,Air,2012-05-11,2012-04-19,2012-10-19,2012-10-18,2012-10-18,ARV,Adult,SCMS from RDC,"Lamivudine/Tenofovir Disoproxil Fumarate 300/300mg, tablets, 30 Tabs",Lamivudine/Tenofovir Disoproxil Fumarate,Generic,300/300mg,Tablet - FDC,30,36390,201600.6,5.54,0.18,Mylan (formerly Matrix) Nashik,True,3863.0,23249.47,282.64
6810,82513,104-CI-T30,FPQ-9749,SO-42380,DN-2861,Côte d'Ivoire,PMO - US,From RDC,N/A - From RDC,Truck,2012-04-19,2012-04-29,2012-10-29,2012-10-01,2012-10-01,ARV,Adult,SCMS from RDC,"Efavirenz 600mg, tablets, 30 Tabs",Efavirenz,Generic,600mg,Tablet,30,2000,7620.0,3.81,0.13,"Strides, Bangalore, India.",True,4026.0,15677.98,10.68
6811,82514,110-ZM-T30,FPQ-9773,SO-41992,DN-2865,Zambia,PMO - US,From RDC,N/A - From RDC,Truck,2012-04-27,2012-04-10,2012-10-10,2012-10-05,2012-10-05,ARV,Adult,SCMS from RDC,"Emtricitabine/Tenofovir Disoproxil Fumarate 200/300mg, tablets, 30 Tabs",Emtricitabine/Tenofovir Disoproxil Fumarate,Generic,200/300mg,Tablet - FDC,30,167825,1105966.75,6.59,0.22,Mylan (formerly Matrix) Nashik,True,26199.0,34356.26,1550.57
6812,82515,114-UG-T30,FPQ-10503,SO-43090,DN-2873,Uganda,PMO - US,From RDC,N/A - From RDC,Air,2012-08-15,2012-04-25,2012-10-25,2012-10-22,2012-10-22,ARV,Adult,SCMS from RDC,"Lamivudine 150mg, tablets, 60 Tabs",Lamivudine,Generic,150mg,Tablet,60,1659,3682.98,2.22,0.04,Hetero Unit III Hyderabad IN,True,958.0,7659.33,5.16
6813,82516,104-CI-T30,FPQ-9136,SO-41370,DN-2877,Côte d'Ivoire,PMO - US,From RDC,N/A - From RDC,Truck,2012-01-02,2012-04-15,2012-10-15,2012-10-05,2012-10-05,ARV,Adult,SCMS from RDC,"Lopinavir/Ritonavir 200/50mg, tablets, 120 Tabs",Lopinavir/Ritonavir,Generic,200/50mg,Tablet,120,24097,643389.9,26.7,0.22,Mylan (formerly Matrix) Nashik,True,6375.0,18661.97,902.03
6814,82518,107-RW-T30,FPQ-9969,SO-42430,DN-2885,Rwanda,PMO - US,From RDC,N/A - From RDC,Air,2012-05-25,2012-04-30,2012-10-31,2012-10-30,2012-10-30,ARV,Adult,SCMS from RDC,"Efavirenz/Lamivudine/Tenofovir Disoproxil Fumarate 600/300/300mg, tablets, 30 Tabs",Efavirenz/Lamivudine/Tenofovir Disoproxil Fumarate,Generic,600/300/300mg,Tablet - FDC,30,59989,796054.03,13.27,0.44,Mylan (formerly Matrix) Nashik,True,7242.0,5825.18,1116.07
6815,82519,900-CM-T30,FPQ-10641,SO-43390,DN-2886,Cameroon,PMO - US,From RDC,N/A - From RDC,Air Charter,2012-09-19,2012-04-24,2012-10-24,2012-10-17,2012-10-17,ARV,Adult,SCMS from RDC,"Lamivudine/Nevirapine/Zidovudine 150/200/300mg, tablets, 60 Tabs",Lamivudine/Nevirapine/Zidovudine,Generic,150/300/200mg,Tablet - FDC,60,152000,1462240.0,9.62,0.16,Mylan (formerly Matrix) Nashik,True,43571.0,67732.54,2050.06
6816,82520,900-CM-T30,FPQ-10641,SO-43380,DN-2887,Cameroon,PMO - US,From RDC,N/A - From RDC,Air Charter,2012-09-19,2012-05-07,2012-11-07,2012-10-17,2012-10-17,ARV,Adult,SCMS from RDC,"Lamivudine/Tenofovir Disoproxil Fumarate 300/300mg, tablets, 30 Tabs",Lamivudine/Tenofovir Disoproxil Fumarate,Generic,300/300mg,Tablet - FDC,30,10000,53600.0,5.36,0.18,"Cipla, Kurkumbh, India",True,4486.0,76176.43,75.15
6817,82522,104-CI-T30,FPQ-9136,SO-41371,DN-2893,Côte d'Ivoire,PMO - US,From RDC,N/A - From RDC,Truck,2012-01-02,2012-04-30,2012-10-31,2012-10-26,2012-10-26,ARV,Adult,SCMS from RDC,"Lopinavir/Ritonavir 200/50mg, tablets, 120 Tabs",Lopinavir/Ritonavir,Generic,200/50mg,Tablet,120,503,13430.1,26.7,0.22,"Aurobindo Unit III, India",True,123.0,1783.64,18.83
6818,82523,104-CI-T30,FPQ-9749,SO-42371,DN-2894,Côte d'Ivoire,PMO - US,From RDC,N/A - From RDC,Truck,2012-04-19,2012-06-15,2012-12-15,2012-10-24,2012-10-24,ARV,Pediatric,SCMS from RDC,"Efavirenz 200mg, scored tablets, 90 Tabs",Efavirenz,Generic,200mg,Tablet,90,4120,30076.0,7.3,0.08,"Strides, Bangalore, India.",True,253.0,4261.03,42.17
6819,82524,104-CI-T30,FPQ-10626,SO-43280,DN-2895,Côte d'Ivoire,PMO - US,From RDC,N/A - From RDC,Truck,2012-09-06,2012-06-14,2012-12-14,2012-10-24,2012-10-24,ARV,Adult,SCMS from RDC,"Abacavir/Lamivudine 600/300mg, scored tablets, 30 Tabs",Abacavir/Lamivudine,Generic,600/300mg,Tablet - FDC,30,2500,56250.0,22.5,0.75,"Aurobindo Unit III, India",True,2147.0,8211.03,78.86
6820,82525,151-NG-T30,FPQ-9968,SO-42683,DN-2902,Nigeria,PMO - US,From RDC,N/A - From RDC,Air,2012-05-23,2012-05-06,2012-11-06,2012-11-06,2012-11-06,ARV,Adult,SCMS from RDC,"Nevirapine 200mg, tablets, 60 Tabs",Nevirapine,Generic,200mg,Tablet,60,200000,484000.0,2.42,0.04,"Strides, Bangalore, India.",True,12028.0,15459.09,678.57
6821,82526,114-UG-T30,FPQ-10328,SO-42811,DN-2917,Uganda,PMO - US,From RDC,N/A - From RDC,Truck,2012-07-11,2012-06-30,2012-12-31,2012-11-19,2012-11-19,ARV,Adult,SCMS from RDC,"Efavirenz/Lamivudine/Tenofovir Disoproxil Fumarate 600/300/300mg, tablets, 30 Tabs",Efavirenz/Lamivudine/Tenofovir Disoproxil Fumarate,Generic,600/300/300mg,Tablet - FDC,30,125014,1658935.78,13.27,0.44,Mylan (formerly Matrix) Nashik,True,14275.0,131278.81,2325.83
6822,82527,114-UG-T30,FPQ-10357,SO-42900,DN-2921,Uganda,PMO - US,From RDC,N/A - From RDC,Truck,2012-07-18,2012-06-10,2012-12-10,2012-11-19,2012-11-19,ARV,Adult,SCMS from RDC,"Lamivudine/Tenofovir Disoproxil Fumarate 300/300mg, tablets, 30 Tabs",Lamivudine/Tenofovir Disoproxil Fumarate,Generic,300/300mg,Tablet - FDC,30,26432,141675.52,5.36,0.18,Hetero Unit III Hyderabad IN,True,5212.0,24772.95,198.63
6823,82528,111-MZ-T30,FPQ-10210,SO-42830,DN-2939,Mozambique,PMO - US,From RDC,N/A - From RDC,Truck,2012-06-28,2012-07-11,2013-01-11,2013-01-11,2013-01-11,ARV,Adult,SCMS from RDC,"Lamivudine/Nevirapine/Zidovudine 150/200/300mg, tablets, 60 Tabs",Lamivudine/Nevirapine/Zidovudine,Generic,150/300/200mg,Tablet - FDC,60,97516,945905.2,9.7,0.16,Hetero Unit III Hyderabad IN,True,12104.0,7433.02,1326.16
6824,82529,102-ZW-T30,FPQ-9927,SO-42300,DN-2940,Zimbabwe,PMO - US,From RDC,N/A - From RDC,Truck,2012-05-15,2012-06-21,2012-12-21,2012-12-11,2012-12-11,ARV,Adult,SCMS from RDC,"Lamivudine/Tenofovir Disoproxil Fumarate 300/300mg, tablets, 30 Tabs",Lamivudine/Tenofovir Disoproxil Fumarate,Generic,300/300mg,Tablet - FDC,30,188201,1008757.36,5.36,0.18,Hetero Unit III Hyderabad IN,True,23127.0,11444.77,1414.28
6825,82530,103-ZW-T30,FPQ-9907,SO-42220,DN-2942,Zimbabwe,PMO - US,From RDC,N/A - From RDC,Truck,2012-05-15,2012-06-14,2012-12-14,2012-12-11,2012-12-11,ARV,Pediatric,SCMS from RDC,"Lamivudine/Nevirapine/Stavudine 30/50/6mg, dispersible tablets, 60 Tabs",Lamivudine/Nevirapine/Stavudine,Generic,30/50/6mg,Chewable/dispersible tablet - FDC,60,20451,47037.3,2.3,0.04,"Cipla, Goa, India",True,10118.0,9251.8,65.95
6826,82531,151-NG-T30,FPQ-9968,SO-43435,DN-2946,Nigeria,PMO - US,From RDC,N/A - From RDC,Air,2012-05-23,2012-06-04,2012-12-04,2012-12-04,2012-12-04,ARV,Adult,SCMS from RDC,"Nevirapine 200mg, tablets, 60 Tabs",Nevirapine,Generic,200mg,Tablet,60,16870,40825.4,2.42,0.04,"Strides, Bangalore, India.",True,7973.0,51090.0,57.24
6827,82532,114-UG-T30,FPQ-10556,SO-43190,DN-2951,Uganda,PMO - US,From RDC,N/A - From RDC,Air,2012-08-30,2012-08-01,2013-02-01,2013-02-01,2013-02-01,ARV,Adult,SCMS from RDC,"Lamivudine/Nevirapine/Zidovudine 150/200/300mg, tablets, 60 Tabs",Lamivudine/Nevirapine/Zidovudine,Generic,150/300/200mg,Tablet - FDC,60,13830,133044.6,9.62,0.16,Hetero Unit III Hyderabad IN,True,2400.0,18337.82,186.53
6828,82533,151-NG-T30,FPQ-9968,SO-43434,DN-2945,Nigeria,PMO - US,From RDC,N/A - From RDC,Air,2012-05-23,2012-05-30,2012-11-30,2012-12-04,2012-12-04,ARV,Adult,SCMS from RDC,"Lamivudine/Tenofovir Disoproxil Fumarate 300/300mg, tablets, 30 Tabs",Lamivudine/Tenofovir Disoproxil Fumarate,Generic,300/300mg,Tablet - FDC,30,66637,357174.32,5.36,0.18,"Cipla, Kurkumbh, India",True,25523.0,51090.0,500.76
6829,82534,104-CI-T30,FPQ-9749,SO-42373,DN-2954,Côte d'Ivoire,PMO - US,From RDC,N/A - From RDC,Truck,2012-04-19,2012-06-30,2012-12-31,2012-12-06,2012-12-06,ARV,Adult,SCMS from RDC,"Efavirenz 600mg, tablets, 30 Tabs",Efavirenz,Generic,600mg,Tablet,30,14368,52299.52,3.64,0.12,"Strides, Bangalore, India.",True,4409.0,17192.4,73.32
6830,82535,104-CI-T30,FPQ-10626,SO-43270,DN-2974,Côte d'Ivoire,PMO - US,From RDC,N/A - From RDC,Truck,2012-09-06,2012-07-10,2013-01-10,2012-12-27,2012-12-27,ARV,Adult,SCMS from RDC,"Lamivudine/Tenofovir Disoproxil Fumarate 300/300mg, tablets, 30 Tabs",Lamivudine/Tenofovir Disoproxil Fumarate,Generic,300/300mg,Tablet - FDC,30,9767,52351.12,5.36,0.18,"Cipla, Kurkumbh, India",True,852.0,3026.61,73.4
6831,82536,113-ZW-T30,FPQ-10632,SO-43221,DN-2975,Zimbabwe,PMO - US,From RDC,N/A - From RDC,Truck,2012-09-11,2012-06-21,2012-12-21,2012-12-13,2012-12-13,ARV,Adult,SCMS from RDC,"Lamivudine/Nevirapine/Zidovudine 150/200/300mg, tablets, 60 Tabs",Lamivudine/Nevirapine/Zidovudine,Generic,150/300/200mg,Tablet - FDC,60,15120,135626.4,8.97,0.15,"Cipla, Goa, India",True,5754.0,10075.8,190.15
6832,82537,114-UG-T30,FPQ-10556,SO-43160,DN-2952,Uganda,PMO - US,From RDC,N/A - From RDC,Air,2012-08-30,2012-08-02,2013-02-02,2013-02-02,2013-02-02,ARV,Adult,SCMS from RDC,"Lamivudine/Tenofovir Disoproxil Fumarate 300/300mg, tablets, 30 Tabs",Lamivudine/Tenofovir Disoproxil Fumarate,Generic,300/300mg,Tablet - FDC,30,5580,26839.8,4.81,0.16,"Cipla, Kurkumbh, India",True,1187.0,9609.69,37.63
6833,82538,101-CD-T30,FPQ-11054,SO-43680,DN-2981,"Congo, DRC",PMO - US,From RDC,N/A - From RDC,Air,2012-11-16,2013-03-11,2013-09-11,2013-09-11,2013-09-11,ARV,Adult,SCMS from RDC,"Lamivudine/Zidovudine 150/300mg, tablets, 60 Tabs",Lamivudine/Zidovudine,Generic,150/300mg,Tablet - FDC,60,647,4703.69,7.27,0.12,Mylan (formerly Matrix) Nashik,True,5897.0,40434.04,5.82
6834,82539,101-CD-T30,FPQ-11054,SO-43680,DN-2981,"Congo, DRC",PMO - US,From RDC,N/A - From RDC,Air,2012-11-16,2013-03-11,2013-09-11,2013-09-11,2013-09-11,ARV,Adult,SCMS from RDC,"Efavirenz/Lamivudine/Tenofovir Disoproxil Fumarate 600/300/300mg, tablets, 30 Tabs",Efavirenz/Lamivudine/Tenofovir Disoproxil Fumarate,Generic,600/300/300mg,Tablet - FDC,30,2952,35748.72,12.11,0.4,Mylan (formerly Matrix) Nashik,False,668.5,2346.5699999999997,44.22
6835,82540,102-ZW-T30,FPQ-9927,SO-42290,DN-2988,Zimbabwe,PMO - US,From RDC,N/A - From RDC,Truck,2012-05-15,2012-08-11,2013-02-11,2013-02-11,2013-02-11,ARV,Adult,SCMS from RDC,"Lamivudine/Zidovudine 150/300mg, tablets, 60 Tabs",Lamivudine/Zidovudine,Generic,150/300mg,Tablet - FDC,60,7867,57193.09,7.27,0.12,"Cipla, Goa, India",True,704.0,25568.0,80.18
6836,82541,151-NG-T30,FPQ-10477,SO-43042,DN-2994,Nigeria,PMO - US,From RDC,N/A - From RDC,Air Charter,2012-08-09,2012-08-11,2013-02-11,2013-02-11,2013-02-11,ARV,Adult,SCMS from RDC,"Emtricitabine/Tenofovir Disoproxil Fumarate 200/300mg, tablets, 30 Tabs",Emtricitabine/Tenofovir Disoproxil Fumarate,Generic,200/300mg,Tablet - FDC,30,100000,638000.0,6.38,0.21,Mylan (formerly Matrix) Nashik,True,8850.0,29780.5,894.48
6837,82542,114-UG-T30,FPQ-10780,SO-43491,DN-3000,Uganda,PMO - US,From RDC,N/A - From RDC,Air,2012-10-10,2012-08-11,2013-02-11,2013-03-07,2013-03-07,ARV,Adult,SCMS from RDC,"Efavirenz/Emtricitabine/Tenofovir Disoproxil Fumarate 600/200/300mg, tablets, 30 Tabs",Efavirenz/Emtricitabine/Tenofovir Disoproxil Fumarate,Generic,600/200/300mg,Tablet - FDC,30,7126,97554.94,13.69,0.46,Mylan (formerly Matrix) Nashik,True,2261.0,13252.2,136.77
6838,82544,104-CI-T30,FPQ-10626,SO-43300,DN-3021,Côte d'Ivoire,PMO - US,From RDC,N/A - From RDC,Truck,2012-09-06,2012-09-28,2013-03-28,2013-02-28,2013-02-28,ARV,Adult,SCMS from RDC,"Lamivudine/Tenofovir Disoproxil Fumarate 300/300mg, tablets, 30 Tabs",Lamivudine/Tenofovir Disoproxil Fumarate,Generic,300/300mg,Tablet - FDC,30,10000,47000.0,4.7,0.16,Hetero Unit III Hyderabad IN,True,1387.0,10680.14,65.89
6839,82545,104-CI-T30,FPQ-10633,SO-43331,DN-3022,Côte d'Ivoire,PMO - US,From RDC,N/A - From RDC,Truck,2012-09-11,2012-09-28,2013-03-28,2013-02-28,2013-02-28,ARV,Adult,SCMS from RDC,"Lamivudine/Tenofovir Disoproxil Fumarate 300/300mg, tablets, 30 Tabs",Lamivudine/Tenofovir Disoproxil Fumarate,Generic,300/300mg,Tablet - FDC,30,6500,30550.0,4.7,0.16,Hetero Unit III Hyderabad IN,True,677.0,3880.14,42.83
6840,82546,114-UG-T30,FPQ-10946,SO-43640,DN-3025,Uganda,PMO - US,From RDC,N/A - From RDC,Air,2012-11-01,2012-10-04,2013-04-04,2013-03-07,2013-03-07,ARV,Adult,SCMS from RDC,"Nevirapine 200mg, tablets, 60 Tabs",Nevirapine,Generic,200mg,Tablet,60,32298,72993.48,2.26,0.04,"Aurobindo Unit III, India",True,6528.0,21806.84,90.29
6841,82547,900-SS-T30,FPQ-11272,SO-44110,DN-3026,South Sudan,PMO - US,From RDC,N/A - From RDC,Air,2012-12-17,2012-09-30,2013-03-31,2013-03-22,2013-03-22,ARV,Pediatric,SCMS from RDC,"Nevirapine 10mg/ml, oral suspension w/syringe, Bottle, 240 ml",Nevirapine,Generic,10mg/ml,Oral suspension,240,2976,5803.2,1.95,0.01,"Aurobindo Unit III, India",True,1108.0,10754.0,7.18
6842,82548,151-NG-T30,FPQ-10477,SO-44550,DN-3028,Nigeria,PMO - US,From RDC,N/A - From RDC,Air Charter,2012-08-09,2012-09-15,2013-03-15,2013-02-21,2013-02-21,ARV,Adult,SCMS from RDC,"Nevirapine 200mg, tablets, 60 Tabs",Nevirapine,Generic,200mg,Tablet,60,33571,75870.46,2.26,0.04,Hetero Unit III Hyderabad IN,True,12785.0,37242.5,106.37
6843,82549,113-ZW-T30,FPQ-10632,SO-43210,DN-3030,Zimbabwe,PMO - US,From RDC,N/A - From RDC,Truck,2012-09-11,2012-09-14,2013-03-14,2013-03-14,2013-03-14,ARV,Adult,SCMS from RDC,"Lamivudine/Nevirapine/Zidovudine 150/200/300mg, tablets, 60 Tabs",Lamivudine/Nevirapine/Zidovudine,Generic,150/300/200mg,Tablet - FDC,60,15120,129729.6,8.58,0.14,"Aurobindo Unit III, India",True,23677.0,9405.81,181.88
6844,82550,113-ZW-T30,FPQ-10895,SO-43540,DN-3031,Zimbabwe,PMO - US,From RDC,N/A - From RDC,Truck,2012-10-25,2012-09-15,2013-03-15,2013-03-14,2013-03-14,ARV,Adult,SCMS from RDC,"Efavirenz/Lamivudine/Tenofovir Disoproxil Fumarate 600/300/300mg, tablets, 30 Tabs",Efavirenz/Lamivudine/Tenofovir Disoproxil Fumarate,Generic,600/300/300mg,Tablet - FDC,30,20160,244137.6,12.11,0.4,Mylan (formerly Matrix) Nashik,True,2268.0,9405.81,302.0
6845,82551,103-ZW-T30,FPQ-9907,SO-42260,DN-3032,Zimbabwe,PMO - US,From RDC,N/A - From RDC,Truck,2012-05-15,2012-09-30,2013-03-31,2013-03-14,2013-03-14,ARV,Pediatric,SCMS from RDC,"Lamivudine/Stavudine 30/6mg, dispersible tablets, 60 Tabs",Lamivudine/Stavudine,Generic,30/6mg,Chewable/dispersible tablet - FDC,60,7372,14006.8,1.9,0.03,"Cipla, Goa, India",True,5453.0,9405.81,19.64
6846,82552,103-ZW-T30,FPQ-9907,SO-42260,DN-3032,Zimbabwe,PMO - US,From RDC,N/A - From RDC,Truck,2012-05-15,2012-09-30,2013-03-31,2013-03-14,2013-03-14,ARV,Pediatric,SCMS from RDC,"Lamivudine/Nevirapine/Stavudine 30/50/6mg, dispersible tablets, 60 Tabs",Lamivudine/Nevirapine/Stavudine,Generic,30/50/6mg,Chewable/dispersible tablet - FDC,60,28220,64906.0,2.3,0.04,"Cipla, Goa, India",False,668.5,6721.705,91.0
6847,82553,114-UG-T30,FPQ-11143,SO-43970,DN-3041,Uganda,PMO - US,From RDC,N/A - From RDC,Truck,2012-12-13,2012-09-29,2013-03-29,2013-03-06,2013-03-06,ARV,Pediatric,SCMS from RDC,"Lamivudine/Zidovudine 30/60mg, tablets, 60 Tabs",Lamivudine/Zidovudine,Generic,30/60mg,Tablet - FDC,60,1731,3912.06,2.26,0.04,Mylan (formerly Matrix) Nashik,True,76.0,936.81,4.84
6848,82554,106-HT-T30,FPQ-11281,SO-44400,DN-3015,Haiti,PMO - US,From RDC,N/A - From RDC,Air,2013-01-16,2012-10-09,2013-04-09,2013-03-14,2013-03-14,ARV,Adult,SCMS from RDC,"Efavirenz 600mg, tablets, 30 Tabs",Efavirenz,Generic,600mg,Tablet,30,39936,132986.88,3.33,0.11,"Strides, Bangalore, India.",True,16035.0,161712.87,164.5
6849,82555,106-HT-T30,FPQ-11281,SO-44400,DN-3015,Haiti,PMO - US,From RDC,N/A - From RDC,Air,2013-01-16,2012-10-09,2013-04-09,2013-03-14,2013-03-14,ARV,Adult,SCMS from RDC,"Tenofovir Disoproxil Fumarate 300mg, tablets, 30 Tabs",Tenofovir Disoproxil Fumarate,Generic,300mg,Tablet,30,192,775.68,4.04,0.13,Mylan (formerly Matrix) Nashik,False,47.0,2946.7200000000003,0.96
6850,82556,151-NG-T30,FPQ-10477,SO-44560,DN-3029,Nigeria,PMO - US,From RDC,N/A - From RDC,Air Charter,2012-08-09,2012-09-15,2013-03-15,2013-02-21,2013-02-21,ARV,Adult,SCMS from RDC,"Lamivudine/Zidovudine 150/300mg, tablets, 60 Tabs",Lamivudine/Zidovudine,Generic,150/300mg,Tablet - FDC,60,31971,232429.17,7.27,0.12,Mylan (formerly Matrix) Nashik,True,11111.0,37242.5,325.87
6851,82557,151-NG-T30,FPQ-10477,SO-44560,DN-3029,Nigeria,PMO - US,From RDC,N/A - From RDC,Air Charter,2012-08-09,2012-09-15,2013-03-15,2013-02-21,2013-02-21,ARV,Adult,SCMS from RDC,"Lamivudine/Zidovudine 150/300mg, tablets, 60 Tabs",Lamivudine/Zidovudine,Generic,150/300mg,Tablet - FDC,60,42805,311192.35,7.27,0.12,"Cipla, Goa, India",False,668.5,12601.07,436.29
6852,82558,151-NG-T30,FPQ-10477,SO-43048,DN-3039,Nigeria,PMO - US,From RDC,N/A - From RDC,Air Charter,2012-08-09,2012-09-15,2013-03-15,2013-02-21,2013-02-21,ARV,Adult,SCMS from RDC,"Efavirenz/Emtricitabine/Tenofovir Disoproxil Fumarate 600/200/300mg, tablets, 30 Tabs",Efavirenz/Emtricitabine/Tenofovir Disoproxil Fumarate,Generic,600/200/300mg,Tablet - FDC,30,105014,1437641.66,13.69,0.46,Mylan (formerly Matrix) Nashik,True,13392.0,37242.5,2015.57
6853,82559,113-ZW-T30,FPQ-10895,SO-43571,DN-3056,Zimbabwe,PMO - US,From RDC,N/A - From RDC,Truck,2012-10-25,2013-01-31,2013-07-31,2013-03-14,2013-03-14,ARV,Adult,SCMS from RDC,"Efavirenz/Lamivudine/Tenofovir Disoproxil Fumarate 600/300/300mg, tablets, 30 Tabs",Efavirenz/Lamivudine/Tenofovir Disoproxil Fumarate,Generic,600/300/300mg,Tablet - FDC,30,20160,244137.6,12.11,0.4,Mylan (formerly Matrix) Nashik,True,2266.0,9405.81,302.0
6854,82560,105-GY-T30,FPQ-11546,SO-44530,DN-3059,Guyana,PMO - US,From RDC,N/A - From RDC,Truck,2013-01-28,2012-10-18,2013-04-18,2013-03-15,2013-03-15,ARV,Pediatric,SCMS from RDC,"Efavirenz 200mg, scored tablets, 90 Tabs",Efavirenz,Generic,200mg,Tablet,90,49,357.7,7.3,0.08,"Strides, Bangalore, India.",True,110.0,3178.0,0.44
6855,82562,103-SS-T30,FPQ-11489,SO-44620,DN-3080,South Sudan,PMO - US,From RDC,N/A - From RDC,Air,2013-01-16,2012-10-17,2013-04-17,2013-04-23,2013-04-23,ARV,Pediatric,SCMS from RDC,"Lamivudine/Nevirapine/Zidovudine 30/50/60mg, dispersible tablets, 60 Tabs",Lamivudine/Nevirapine/Zidovudine,Generic,30/50/60mg,Chewable/dispersible tablet - FDC,60,549,2278.35,4.15,0.07,Mylan (formerly Matrix) Nashik,True,37.0,1198.68,2.82
6856,82564,102-ZW-T30,FPQ-11477,SO-44271,DN-3094,Zimbabwe,PMO - US,From RDC,N/A - From RDC,Truck,2013-01-16,2013-01-31,2013-07-31,2013-04-13,2013-04-13,ARV,Adult,SCMS from RDC,"Efavirenz/Lamivudine/Tenofovir Disoproxil Fumarate 600/300/300mg, tablets, 30 Tabs",Efavirenz/Lamivudine/Tenofovir Disoproxil Fumarate,Generic,600/300/300mg,Tablet - FDC,30,40320,488275.2,12.11,0.4,Mylan (formerly Matrix) Nashik,True,4536.0,29733.53,604.0
6857,82565,101-CD-T30,FPQ-11054,SO-43690,DN-3098,"Congo, DRC",PMO - US,From RDC,N/A - From RDC,Air,2012-11-16,2013-05-27,2013-11-27,2013-11-27,2014-01-22,ARV,Adult,SCMS from RDC,"Zidovudine 300mg, tablets, 60 Tabs",Zidovudine,Generic,300mg,Tablet,60,6362,43007.12,6.76,0.11,"Aurobindo Unit III, India",True,315.0,2030.96,53.2
6858,82566,105-GY-T30,FPQ-11546,SO-44500,DN-3099,Guyana,PMO - US,From RDC,N/A - From RDC,Air,2013-01-28,2012-10-18,2013-04-18,2013-04-19,2013-04-19,ARV,Adult,SCMS from RDC,"Zidovudine 300mg, tablets, 60 Tabs",Zidovudine,Generic,300mg,Tablet,60,1927,13026.52,6.76,0.11,"Aurobindo Unit III, India",True,466.0,5724.4,16.11
6859,82567,900-SS-T30,FPQ-11272,SO-44101,DN-3100,South Sudan,PMO - US,From RDC,N/A - From RDC,Air,2012-12-17,2012-10-30,2013-04-30,2013-04-26,2013-04-26,ARV,Adult,SCMS from RDC,"Zidovudine 300mg, tablets, 60 Tabs",Zidovudine,Generic,300mg,Tablet,60,4560,30825.6,6.76,0.11,"Aurobindo Unit III, India",True,230.0,1740.47,38.13
6860,82568,111-MZ-T30,FPQ-11882,SO-44810,DN-3108,Mozambique,PMO - US,From RDC,N/A - From RDC,Air,2013-03-19,2013-01-04,2013-07-04,2013-07-04,2013-07-04,ARV,Adult,SCMS from RDC,"Efavirenz 600mg, tablets, 30 Tabs",Efavirenz,Generic,600mg,Tablet,30,17037,56733.21,3.33,0.11,"Strides, Bangalore, India.",True,1750.0,9758.5,70.18
6861,82569,102-BI-T30,FPQ-11661,SO-44670,DN-3118,Burundi,PMO - US,From RDC,N/A - From RDC,Air,2013-02-20,2012-11-30,2013-05-31,2013-05-23,2013-05-23,ARV,Adult,SCMS from RDC,"Lamivudine/Nevirapine/Zidovudine 150/200/300mg, tablets, 60 Tabs",Lamivudine/Nevirapine/Zidovudine,Generic,150/300/200mg,Tablet - FDC,60,2208,18944.64,8.58,0.14,Hetero Unit III Hyderabad IN,True,652.0,3763.2,23.43
6862,82570,114-UG-T30,FPQ-11133,SO-43890,DN-3122,Uganda,PMO - US,From RDC,N/A - From RDC,Truck,2012-12-13,2012-12-07,2013-06-07,2013-06-07,2013-06-07,ARV,Adult,SCMS from RDC,"Zidovudine 300mg, tablets, 60 Tabs",Zidovudine,Generic,300mg,Tablet,60,1530,10006.2,6.54,0.11,"Aurobindo Unit III, India",True,11337.0,23809.39,12.38
6863,82571,103-SS-T30,FPQ-11489,SO-44630,DN-3125,South Sudan,PMO - US,From RDC,N/A - From RDC,Air,2013-01-16,2012-10-30,2013-04-30,2013-04-24,2013-04-24,ARV,Adult,SCMS from RDC,"Lamivudine/Tenofovir Disoproxil Fumarate 300/300mg, tablets, 30 Tabs",Lamivudine/Tenofovir Disoproxil Fumarate,Generic,300/300mg,Tablet - FDC,30,1447,6800.9,4.7,0.16,"Aurobindo Unit VII, IN",True,1309.0,12356.0,8.41
6864,82572,114-UG-T30,FPQ-10945,SO-43620,DN-3128,Uganda,PMO - US,From RDC,N/A - From RDC,Air,2012-11-06,2012-11-09,2013-05-09,2013-05-07,2013-05-07,ARV,Adult,SCMS from RDC,"Efavirenz/Lamivudine/Tenofovir Disoproxil Fumarate 600/300/300mg, tablets, 30 Tabs",Efavirenz/Lamivudine/Tenofovir Disoproxil Fumarate,Generic,600/300/300mg,Tablet - FDC,30,229285,2412078.2,10.52,0.35,Hetero Unit III Hyderabad IN,True,29934.0,34003.7,2983.74
6865,82573,111-MZ-T30,FPQ-11033,SO-43790,DN-3102,Mozambique,PMO - US,From RDC,N/A - From RDC,Truck,2012-11-12,2013-02-01,2013-08-01,2013-08-01,2013-08-01,ARV,Adult,SCMS from RDC,"Lamivudine/Nevirapine/Zidovudine 150/200/300mg, tablets, 60 Tabs",Lamivudine/Nevirapine/Zidovudine,Generic,150/300/200mg,Tablet - FDC,60,120000,1029600.0,8.58,0.14,"Aurobindo Unit III, India",True,36920.0,29935.05,1273.62
6866,82574,151-NG-T30,FPQ-11022,SO-43842,DN-3148,Nigeria,PMO - US,From RDC,N/A - From RDC,Air Charter,2012-11-15,2012-11-21,2013-05-21,2013-05-06,2013-05-06,ARV,Adult,SCMS from RDC,"Nevirapine 200mg, tablets, 60 Tabs",Nevirapine,Generic,200mg,Tablet,60,57227,129333.02,2.26,0.04,"Strides, Bangalore, India.",True,4844.0,21591.1,159.98
6867,82575,114-UG-T30,FPQ-11133,SO-43873,DN-3153,Uganda,PMO - US,From RDC,N/A - From RDC,Truck,2012-12-13,2012-12-28,2013-06-28,2013-06-07,2013-06-07,ARV,Pediatric,SCMS from RDC,"Lamivudine/Nevirapine/Stavudine 30/50/6mg, dispersible tablets, 60 Tabs",Lamivudine/Nevirapine/Stavudine,Generic,30/50/6mg,Chewable/dispersible tablet - FDC,60,475,1092.5,2.3,0.04,"Cipla, Goa, India",True,1982.0,8163.74,1.35
6868,82577,151-NG-T30,FPQ-11022,SO-45201,DN-3176,Nigeria,PMO - US,From RDC,N/A - From RDC,Air Charter,2012-11-15,2012-11-21,2013-05-21,2013-05-10,2013-05-10,ARV,Adult,SCMS from RDC,"Nevirapine 200mg, tablets, 60 Tabs",Nevirapine,Generic,200mg,Tablet,60,95000,214700.0,2.26,0.04,"Cipla, Goa, India",True,12686.0,41332.14,265.58
6869,82578,111-MZ-T30,FPQ-11033,SO-43770,DN-3182,Mozambique,PMO - US,From RDC,N/A - From RDC,Truck,2012-11-12,2013-01-26,2013-07-26,2013-07-26,2013-07-26,ARV,Adult,SCMS from RDC,"Lamivudine/Nevirapine/Zidovudine 150/200/300mg, tablets, 60 Tabs",Lamivudine/Nevirapine/Zidovudine,Generic,150/300/200mg,Tablet - FDC,60,170900,1466322.0,8.58,0.14,"Cipla, Goa, India",True,668.5,0.0,1813.84
6870,82582,110-ZM-T30,FPQ-11553,SO-44474,DN-3166,Zambia,PMO - US,From RDC,N/A - From RDC,Truck,2013-01-28,2012-12-25,2013-06-25,2013-06-07,2013-06-07,ARV,Adult,SCMS from RDC,"Nevirapine 200mg, tablets, 60 Tabs",Nevirapine,Generic,200mg,Tablet,60,3480,7864.8,2.26,0.04,"Cipla, Goa, India",True,424.0,11941.65,9.73
6871,82583,109-TZ-T30,FPQ-11393,SO-44384,DN-3196,Tanzania,PMO - US,From RDC,N/A - From RDC,Truck,2012-12-30,2012-11-30,2013-05-31,2013-06-18,2013-06-18,ARV,Adult,SCMS from RDC,"Efavirenz/Emtricitabine/Tenofovir Disoproxil Fumarate 600/200/300mg, tablets, 30 Tabs",Efavirenz/Emtricitabine/Tenofovir Disoproxil Fumarate,Generic,600/200/300mg,Tablet - FDC,30,31000,401760.0,12.96,0.43,"Cipla, Goa, India",True,3674.0,22904.03,496.98
6872,82584,151-NG-T30,FPQ-11022,SO-44260,DN-3198,Nigeria,PMO - US,From RDC,N/A - From RDC,Air Charter,2012-11-15,2012-11-28,2013-05-28,2013-05-28,2013-05-28,ARV,Adult,SCMS from RDC,"Efavirenz/Lamivudine/Tenofovir Disoproxil Fumarate 600/300/300mg, tablets, 30 Tabs",Efavirenz/Lamivudine/Tenofovir Disoproxil Fumarate,Generic,600/300/300mg,Tablet - FDC,30,180000,1893600.0,10.52,0.35,Hetero Unit III Hyderabad IN,True,26361.0,20761.0,2342.38
6873,82585,151-NG-T30,FPQ-11022,SO-45205,DN-3205,Nigeria,PMO - US,From RDC,N/A - From RDC,Air Charter,2012-11-15,2012-12-04,2013-06-04,2013-05-29,2013-05-29,ARV,Adult,SCMS from RDC,"Efavirenz 600mg, tablets, 30 Tabs",Efavirenz,Generic,600mg,Tablet,30,13481,44891.73,3.33,0.11,"Aurobindo Unit III, India",True,1296.0,20761.0,55.53
6874,82588,901-CM-T30,FPQ-12520,SO-45830,DN-3228,Cameroon,PMO - US,From RDC,N/A - From RDC,Air Charter,2013-06-21,2013-01-22,2013-07-22,2013-07-14,2013-07-14,ARV,Adult,SCMS from RDC,"Nevirapine 200mg, tablets, 60 Tabs",Nevirapine,Generic,200mg,Tablet,60,19683,44483.58,2.26,0.04,"Strides, Bangalore, India.",True,1733.0,20893.21,55.03
6875,82589,901-CM-T30,FPQ-12520,SO-45820,DN-3227,Cameroon,PMO - US,From RDC,N/A - From RDC,Air Charter,2013-06-21,2013-01-22,2013-07-22,2013-07-31,2013-07-31,ARV,Adult,SCMS from RDC,"Lamivudine/Zidovudine 150/300mg, tablets, 60 Tabs",Lamivudine/Zidovudine,Generic,150/300mg,Tablet - FDC,60,6246,43722.0,7.0,0.12,"Aurobindo Unit III, India",True,18808.0,123945.0,54.08
6876,82590,102-BI-T30,FPQ-12065,SO-45160,DN-3235,Burundi,PMO - US,From RDC,N/A - From RDC,Air,2013-04-22,2013-02-06,2013-08-06,2013-08-23,2013-08-23,ARV,Adult,SCMS from RDC,"Efavirenz 600mg, tablets, 30 Tabs",Efavirenz,Generic,600mg,Tablet,30,4032,13426.56,3.33,0.11,"Aurobindo Unit III, India",True,336.0,4385.44,16.61
6877,82591,109-TZ-T30,FPQ-12278,SO-45720,DN-3236,Tanzania,PMO - US,From RDC,N/A - From RDC,Truck,2013-05-16,2013-02-28,2013-08-29,2013-09-10,2013-09-10,ARV,Adult,SCMS from RDC,"Lamivudine/Nevirapine/Zidovudine 150/200/300mg, tablets, 60 Tabs",Lamivudine/Nevirapine/Zidovudine,Generic,150/300/200mg,Tablet - FDC,60,58920,505533.6,8.58,0.14,"Strides, Bangalore, India.",True,6560.0,8057.2,625.35
6878,82593,102-BI-T30,FPQ-12065,SO-45151,DN-3260,Burundi,PMO - US,From RDC,N/A - From RDC,Air,2013-04-22,2013-02-06,2013-08-06,2013-05-21,2014-11-18,ARV,Adult,SCMS from RDC,"Nevirapine 200mg, tablets, 60 Tabs",Nevirapine,Generic,200mg,Tablet,60,225,508.5,2.26,0.04,Hetero Unit III Hyderabad IN,True,193.5,3544.4849999999997,0.63
6879,82594,114-UG-T30,FPQ-12253,SO-45510,DN-3264,Uganda,PMO - US,From RDC,N/A - From RDC,Air,2013-05-08,2013-02-28,2013-08-30,2013-08-10,2013-08-10,ARV,Pediatric,SCMS from RDC,"Lamivudine/Stavudine 30/6mg, dispersible tablets, 60 Tabs",Lamivudine/Stavudine,Generic,30/6mg,Chewable/dispersible tablet - FDC,60,372,706.8,1.9,0.03,"Cipla, Goa, India",True,33.0,951.75,0.87
6880,82595,101-CD-T30,FPQ-12033,SO-45020,DN-3268,"Congo, DRC",PMO - US,From RDC,N/A - From RDC,Air,2013-04-08,2013-02-27,2013-08-27,2014-02-08,2014-03-11,ARV,Adult,SCMS from RDC,"Lamivudine/Zidovudine 150/300mg, tablets, 60 Tabs",Lamivudine/Zidovudine,Generic,150/300mg,Tablet - FDC,60,10590,74130.0,7.0,0.12,Hetero Unit III Hyderabad IN,True,5426.0,20499.33,91.7
6881,82596,101-CD-T30,FPQ-12033,SO-45020,DN-3268,"Congo, DRC",PMO - US,From RDC,N/A - From RDC,Air,2013-04-08,2013-02-27,2013-08-27,2014-02-08,2014-03-11,ARV,Adult,SCMS from RDC,"Efavirenz/Lamivudine/Tenofovir Disoproxil Fumarate 600/300/300mg, tablets, 30 Tabs",Efavirenz/Lamivudine/Tenofovir Disoproxil Fumarate,Generic,600/300/300mg,Tablet - FDC,30,7404,77890.08,10.52,0.35,Hetero Unit III Hyderabad IN,False,668.5,2346.5699999999997,96.35
6882,82597,109-TZ-T30,FPQ-11393,SO-44385,DN-3278,Tanzania,PMO - US,From RDC,N/A - From RDC,Truck,2012-12-30,2013-01-30,2013-07-30,2013-08-15,2013-08-15,ARV,Pediatric,SCMS from RDC,"Efavirenz 200mg, scored tablets, 90 Tabs",Efavirenz,Generic,200mg,Tablet,90,6823,49807.9,7.3,0.08,"Strides, Bangalore, India.",True,428.0,2376.0,61.61
6883,82599,111-MZ-T30,FPQ-11033,SO-43780,DN-3281,Mozambique,PMO - US,From RDC,N/A - From RDC,Truck,2012-11-12,2013-03-27,2013-09-27,2013-09-27,2013-09-27,ARV,Adult,SCMS from RDC,"Efavirenz 600mg, tablets, 30 Tabs",Efavirenz,Generic,600mg,Tablet,30,40250,134032.5,3.33,0.11,"Hetero, Jadcherla, unit 5, IN",True,4223.0,4044.33,165.8
6884,82600,113-ZW-T30,FPQ-12429,SO-45850,DN-3291,Zimbabwe,PMO - US,From RDC,N/A - From RDC,Truck,2013-06-25,2013-03-18,2013-09-18,2013-09-20,2013-09-20,ARV,Adult,SCMS from RDC,"Lopinavir/Ritonavir 200/50mg, tablets, 120 Tabs",Lopinavir/Ritonavir,Generic,200/50mg,Tablet,120,8599,187286.22,21.78,0.18,Mylan (formerly Matrix) Nashik,True,2293.0,4529.67,231.67
6885,82601,109-TZ-T30,FPQ-12015,SO-44993,DN-3300,Tanzania,PMO - US,From RDC,N/A - From RDC,Truck,2013-04-02,2013-04-25,2013-10-25,2013-10-01,2013-10-09,ARV,Adult,SCMS from RDC,"Efavirenz/Emtricitabine/Tenofovir Disoproxil Fumarate 600/200/300mg, tablets, 30 Tabs",Efavirenz/Emtricitabine/Tenofovir Disoproxil Fumarate,Generic,600/200/300mg,Tablet - FDC,30,12567,154574.1,12.3,0.41,"Aurobindo Unit VII, IN",True,1482.0,5474.0,191.21
6886,82602,104-CI-T30,FPQ-11253,SO-44201,DN-3329,Côte d'Ivoire,PMO - US,From RDC,N/A - From RDC,Truck,2012-12-14,2013-03-30,2013-09-30,2013-09-20,2013-09-20,ARV,Adult,SCMS from RDC,"Lamivudine/Zidovudine 150/300mg, tablets, 60 Tabs",Lamivudine/Zidovudine,Generic,150/300mg,Tablet - FDC,60,21158,153818.66,7.27,0.12,Mylan (formerly Matrix) Nashik,True,3653.0,15614.89,190.27
6887,82603,105-GY-T30,FPQ-12047,SO-45050,DN-3331,Guyana,PMO - US,From RDC,N/A - From RDC,Air,2013-04-15,2013-03-30,2013-09-30,2013-10-04,2013-10-22,ARV,Pediatric,SCMS from RDC,"Efavirenz 200mg, scored tablets, 90 Tabs",Efavirenz,Generic,200mg,Tablet,90,71,660.3,9.3,0.1,"Strides, Bangalore, India.",True,395.0,1303.0,0.82
6888,82604,102-BI-T30,FPQ-12602,SO-46010,DN-3335,Burundi,PMO - US,From RDC,N/A - From RDC,Air,2013-07-09,2013-05-03,2013-11-03,2013-11-05,2013-11-12,ARV,Adult,SCMS from RDC,"Lamivudine/Zidovudine 150/300mg, tablets, 60 Tabs",Lamivudine/Zidovudine,Generic,150/300mg,Tablet - FDC,60,6141,42987.0,7.0,0.12,"Cipla, Goa, India",True,741.0,3810.39,53.17
6889,82605,102-BI-T30,FPQ-12602,SO-46010,DN-3335,Burundi,PMO - US,From RDC,N/A - From RDC,Air,2013-07-09,2013-05-03,2013-11-03,2013-11-05,2013-11-12,ARV,Adult,SCMS from RDC,"Lamivudine/Nevirapine/Zidovudine 150/200/300mg, tablets, 60 Tabs",Lamivudine/Nevirapine/Zidovudine,Generic,150/300/200mg,Tablet - FDC,60,1344,11101.44,8.26,0.14,Hetero Unit III Hyderabad IN,False,811.5,3544.4849999999997,13.73
6890,82606,113-ZW-T30,FPQ-10895,SO-43560,DN-3342,Zimbabwe,PMO - US,From RDC,N/A - From RDC,Truck,2012-10-25,2013-03-30,2013-09-30,2013-10-09,2013-10-18,ARV,Adult,SCMS from RDC,"Efavirenz/Lamivudine/Tenofovir Disoproxil Fumarate 600/300/300mg, tablets, 30 Tabs",Efavirenz/Lamivudine/Tenofovir Disoproxil Fumarate,Generic,600/300/300mg,Tablet - FDC,30,20160,224784.0,11.15,0.37,Mylan (formerly Matrix) Nashik,True,22074.0,21108.57,278.06
6891,82611,109-TZ-T30,FPQ-12015,SO-44980,DN-3347,Tanzania,PMO - US,From RDC,N/A - From RDC,Truck,2013-04-02,2013-04-30,2013-10-31,2013-11-04,2013-11-06,ARV,Pediatric,SCMS from RDC,"Lamivudine/Nevirapine/Stavudine 30/50/6mg, dispersible tablets, 60 Tabs",Lamivudine/Nevirapine/Stavudine,Generic,30/50/6mg,Chewable/dispersible tablet - FDC,60,6097,14023.1,2.3,0.04,"Cipla, Goa, India",True,12213.0,7607.2,17.35
6892,82612,151-NG-T30,FPQ-11864,SO-44932,DN-3366,Nigeria,PMO - US,From RDC,N/A - From RDC,Air Charter,2013-03-14,2013-04-30,2013-10-31,2013-10-14,2013-10-24,ARV,Adult,SCMS from RDC,"Lamivudine/Nevirapine/Zidovudine 150/200/300mg, tablets, 60 Tabs",Lamivudine/Nevirapine/Zidovudine,Generic,150/300/200mg,Tablet - FDC,60,75000,643500.0,8.58,0.14,"Cipla, Goa, India",True,22700.0,20225.07,796.01
6893,82613,101-CD-T30,FPQ-12033,SO-45021,DN-3373,"Congo, DRC",PMO - US,From RDC,N/A - From RDC,Air,2013-04-08,2013-04-30,2013-10-31,2014-01-27,2014-03-04,ARV,Adult,SCMS from RDC,"Zidovudine 300mg, tablets, 60 Tabs",Zidovudine,Generic,300mg,Tablet,60,10916,71390.64,6.54,0.11,"Aurobindo Unit III, India",True,652.0,8242.72,88.31
6894,82617,107-RW-T30,FPQ-12190,SO-45390,DN-3421,Rwanda,PMO - US,From RDC,N/A - From RDC,Truck,2013-05-06,2013-07-31,2014-01-31,2013-12-23,2014-01-17,ARV,Adult,SCMS from RDC,"Nevirapine 200mg, tablets, 60 Tabs",Nevirapine,Generic,200mg,Tablet,60,79999,180797.74,2.26,0.04,Hetero Unit III Hyderabad IN,True,9404.0,14088.22,223.65
6895,82618,105-GY-T30,FPQ-12619,SO-46090,DN-3425,Guyana,PMO - US,From RDC,N/A - From RDC,Air,2013-07-16,2013-06-30,2013-12-31,2013-12-02,2013-12-20,ARV,Adult,SCMS from RDC,"Zidovudine 300mg, tablets, 60 Tabs",Zidovudine,Generic,300mg,Tablet,60,1016,5669.28,5.58,0.09,"Aurobindo Unit III, India",True,615.0,8420.68,7.01
6896,82619,105-GY-T30,FPQ-12619,SO-46090,DN-3425,Guyana,PMO - US,From RDC,N/A - From RDC,Air,2013-07-16,2013-06-30,2013-12-31,2013-12-02,2013-12-20,ARV,Pediatric,SCMS from RDC,"Nevirapine 10mg/ml, oral suspension w/syringe, Bottle, 240 ml",Nevirapine,Generic,10mg/ml,Oral suspension,240,394,732.84,1.86,0.01,"Aurobindo Unit III, India",False,668.5,1924.4650000000001,0.91
6897,82620,101-CD-T30,FPQ-12033,SO-45022,DN-3426,"Congo, DRC",PMO - US,From RDC,N/A - From RDC,Air,2013-04-08,2013-05-15,2013-11-15,2014-01-26,2014-03-04,ARV,Pediatric,SCMS from RDC,"Nevirapine 10mg/ml, oral suspension w/syringe, Bottle, 240 ml",Nevirapine,Generic,10mg/ml,Oral suspension,240,6032,11762.4,1.95,0.01,"Aurobindo Unit III, India",True,2572.0,16754.32,14.55
6898,82621,111-MZ-T30,FPQ-11884,SO-44867,DN-3427,Mozambique,PMO - US,From RDC,N/A - From RDC,Truck,2013-03-19,2013-07-15,2014-01-15,2014-01-15,2014-01-31,ARV,Adult,SCMS from RDC,"Efavirenz/Lamivudine/Tenofovir Disoproxil Fumarate 600/300/300mg, tablets, 30 Tabs",Efavirenz/Lamivudine/Tenofovir Disoproxil Fumarate,Generic,600/300/300mg,Tablet - FDC,30,44840,499966.0,11.15,0.37,Mylan (formerly Matrix) Nashik,True,5065.0,5419.21,618.46
6899,82622,104-CI-T30,FPQ-11253,SO-44212,DN-3430,Côte d'Ivoire,PMO - US,From RDC,N/A - From RDC,Truck,2012-12-14,2013-05-29,2013-11-29,2013-12-10,2014-01-08,ARV,Adult,SCMS from RDC,"Lopinavir/Ritonavir 200/50mg, tablets, 120 Tabs",Lopinavir/Ritonavir,Generic,200/50mg,Tablet,120,1784,37464.0,21.0,0.18,Mylan (formerly Matrix) Nashik,True,475.0,3332.73,46.34
6900,82623,104-CI-T30,FPQ-12712,SO-46321,DN-3433,Côte d'Ivoire,PMO - US,From RDC,N/A - From RDC,Truck,2013-07-30,2013-06-10,2013-12-10,2013-12-10,2014-01-08,ARV,Pediatric,SCMS from RDC,"Lamivudine 10mg/ml, oral solution w/syringe, Bottle, 240 ml",Lamivudine,Generic,10mg/ml,Oral solution,240,11000,15950.0,1.45,0.01,"Aurobindo Unit III, India",True,3930.0,9378.14,19.73
6901,82625,151-NG-T30,FPQ-12248,SO-47224,DN-3444,Nigeria,PMO - US,From RDC,N/A - From RDC,Air Charter,2013-05-06,2013-06-30,2013-12-31,2013-11-26,2013-12-05,ARV,Pediatric,SCMS from RDC,"Lamivudine/Nevirapine/Zidovudine 30/50/60mg, dispersible tablets, 60 Tabs",Lamivudine/Nevirapine/Zidovudine,Generic,30/50/60mg,Chewable/dispersible tablet - FDC,60,70000,272300.0,3.89,0.06,Mylan (formerly Matrix) Nashik,True,3922.0,26340.0,336.84
6902,82626,103-ZW-T30,FPQ-12086,SO-45130,DN-3457,Zimbabwe,PMO - US,From RDC,N/A - From RDC,Truck,2013-04-19,2013-07-31,2014-01-31,2014-01-13,2014-01-23,ARV,Pediatric,SCMS from RDC,"Lamivudine/Nevirapine/Zidovudine 30/50/60mg, dispersible tablets, 60 Tabs",Lamivudine/Nevirapine/Zidovudine,Generic,30/50/60mg,Chewable/dispersible tablet - FDC,60,92045,358055.05,3.89,0.06,"Strides, Bangalore, India.",True,5103.0,11604.57,442.91
6903,82627,109-TZ-T30,FPQ-12587,SO-45998,DN-3505,Tanzania,PMO - US,From RDC,N/A - From RDC,Truck,2013-07-04,2013-07-31,2014-01-31,2014-02-19,2014-02-24,ARV,Adult,SCMS from RDC,"Lopinavir/Ritonavir 200/50mg [Aluvia], tablets, 120 Tabs",Lopinavir/Ritonavir,Aluvia,200/50mg,Tablet,120,909,17743.68,19.52,0.16,ABBVIE Ludwigshafen Germany,True,8820.0,3541.59,21.95
6904,82629,106-HT-T30,FPQ-12674,SO-46240,DN-3467,Haiti,PMO - US,From RDC,N/A - From RDC,Air,2013-08-21,2013-07-31,2014-01-31,2014-02-07,2014-02-24,ARV,Pediatric,SCMS from RDC,"Lamivudine/Stavudine 30/6mg, dispersible tablets, 60 Tabs",Lamivudine/Stavudine,Generic,30/6mg,Chewable/dispersible tablet - FDC,60,58,110.2,1.9,0.03,"Cipla, Goa, India",True,19.0,2946.7200000000003,0.14
6905,82631,107-RW-T30,FPQ-12766,SO-46491,DN-3481,Rwanda,PMO - US,From RDC,N/A - From RDC,Truck,2013-08-02,2013-07-31,2014-01-31,2014-01-10,2014-01-31,ARV,Adult,SCMS from RDC,"Lamivudine/Zidovudine 150/300mg, tablets, 60 Tabs",Lamivudine/Zidovudine,Generic,150/300mg,Tablet - FDC,60,16000,112000.0,7.0,0.12,"Cipla, Goa, India",True,1412.0,20049.08,138.54
6906,82633,111-MZ-T30,FPQ-12416,SO-45896,DN-3483,Mozambique,PMO - US,From RDC,N/A - From RDC,Truck,2013-06-28,2013-07-31,2014-01-31,2014-02-10,2014-03-17,ARV,Adult,SCMS from RDC,"Lamivudine/Nevirapine/Zidovudine 150/200/300mg, tablets, 60 Tabs",Lamivudine/Nevirapine/Zidovudine,Generic,150/300/200mg,Tablet - FDC,60,39600,327096.0,8.26,0.14,Mylan (formerly Matrix) Nashik,True,17181.0,15814.01,404.62
6907,82634,111-MZ-T30,FPQ-11884,SO-44860,DN-3484,Mozambique,PMO - US,From RDC,N/A - From RDC,Truck,2013-03-19,2013-07-31,2014-01-31,2014-02-20,2014-03-19,ARV,Adult,SCMS from RDC,"Efavirenz/Lamivudine/Tenofovir Disoproxil Fumarate 600/300/300mg, tablets, 30 Tabs",Efavirenz/Lamivudine/Tenofovir Disoproxil Fumarate,Generic,600/300/300mg,Tablet - FDC,30,80071,892791.65,11.15,0.37,"Aurobindo Unit VII, IN",True,18838.0,7928.11,1104.38
6908,82635,113-ZW-T30,FPQ-11545,SO-44362,DN-3487,Zimbabwe,PMO - US,From RDC,N/A - From RDC,Truck,2013-01-24,2013-07-31,2014-01-31,2014-02-10,2014-03-19,ARV,Adult,SCMS from RDC,"Lamivudine/Tenofovir Disoproxil Fumarate 300/300mg, tablets, 30 Tabs",Lamivudine/Tenofovir Disoproxil Fumarate,Generic,300/300mg,Tablet - FDC,30,8609,41409.29,4.81,0.16,"Cipla, Kurkumbh, India",True,873.0,15000.0,51.22
6909,82636,103-ZW-T30,FPQ-12086,SO-45120,DN-3488,Zimbabwe,PMO - US,From RDC,N/A - From RDC,Truck,2013-04-19,2013-07-31,2014-01-31,2014-02-10,2014-03-19,ARV,Pediatric,SCMS from RDC,"Lamivudine/Nevirapine/Zidovudine 30/50/60mg, dispersible tablets, 60 Tabs",Lamivudine/Nevirapine/Zidovudine,Generic,30/50/60mg,Chewable/dispersible tablet - FDC,60,115211,432041.25,3.75,0.06,Mylan (formerly Matrix) Nashik,True,6428.0,15847.19,534.44
6910,82637,110-ZM-T30,FPQ-13456,SO-47470,DN-3491,Zambia,PMO - US,From RDC,N/A - From RDC,Truck,2013-12-17,2013-08-13,2014-02-13,2014-01-24,2014-03-17,ARV,Adult,SCMS from RDC,"Zidovudine 300mg, tablets, 60 Tabs",Zidovudine,Generic,300mg,Tablet,60,6350,35433.0,5.58,0.09,"Aurobindo Unit III, India",True,320.0,1300.0,36.43
6911,82639,102-ZW-T30,FPQ-12085,SO-45110,DN-3496,Zimbabwe,PMO - US,From RDC,N/A - From RDC,Truck,2013-04-19,2013-07-31,2014-01-31,2014-02-10,2014-03-19,ARV,Adult,SCMS from RDC,"Efavirenz/Lamivudine/Tenofovir Disoproxil Fumarate 600/300/300mg, tablets, 30 Tabs",Efavirenz/Lamivudine/Tenofovir Disoproxil Fumarate,Generic,600/300/300mg,Tablet - FDC,30,90000,946800.0,10.52,0.35,"Aurobindo Unit VII, IN",True,24375.0,15847.18,1171.19
6912,82640,107-RW-T30,FPQ-12766,SO-46483,DN-3497,Rwanda,PMO - US,From RDC,N/A - From RDC,Truck,2013-08-02,2013-07-31,2014-01-31,2014-02-03,2014-02-24,ARV,Adult,SCMS from RDC,"Lamivudine/Tenofovir Disoproxil Fumarate 300/300mg, tablets, 30 Tabs",Lamivudine/Tenofovir Disoproxil Fumarate,Generic,300/300mg,Tablet - FDC,30,29993,140967.1,4.7,0.16,"Aurobindo Unit VII, IN",True,4883.0,7708.3,174.38
6913,82641,109-TZ-T30,FPQ-12587,SO-46000,DN-3501,Tanzania,PMO - US,From RDC,N/A - From RDC,Truck,2013-07-04,2013-07-31,2014-01-31,2014-02-19,2014-02-24,ARV,Pediatric,SCMS from RDC,"Abacavir/Lamivudine 60/30mg, tablets, 60 Tabs",Abacavir/Lamivudine,Generic,60/30mg,Tablet - FDC,60,23964,95856.0,4.0,0.07,"Aurobindo Unit III, India",True,668.5,3623.2,118.57
6914,82645,104-CI-T30,FPQ-11254,SO-44140,DN-3509,Côte d'Ivoire,PMO - US,From RDC,N/A - From RDC,Truck,2012-12-14,2013-07-31,2014-01-31,2014-02-12,2014-03-04,ARV,Pediatric,SCMS from RDC,"Abacavir/Lamivudine 60/30mg, tablets, 60 Tabs",Abacavir/Lamivudine,Generic,60/30mg,Tablet - FDC,60,2200,8800.0,4.0,0.07,"Aurobindo Unit III, India",True,105.0,2151.95,10.89
6915,82646,101-CD-T30,FPQ-12088,SO-45032,DN-3513,"Congo, DRC",PMO - US,From RDC,N/A - From RDC,Air,2013-04-12,2013-09-26,2014-03-26,2014-03-26,2014-04-28,ARV,Pediatric,SCMS from RDC,"Abacavir/Lamivudine 60/30mg, tablets, 60 Tabs",Abacavir/Lamivudine,Generic,60/30mg,Tablet - FDC,60,5,20.0,4.0,0.07,"Aurobindo Unit III, India",True,842.0,2346.5699999999997,0.02
6916,82648,111-MZ-T30,FPQ-12573,SO-46172,DN-3525,Mozambique,PMO - US,From RDC,N/A - From RDC,Truck,2013-06-28,2013-07-31,2014-01-31,2014-02-20,2014-03-19,ARV,Adult,SCMS from RDC,"Lamivudine/Nevirapine/Stavudine 150/200/30mg, tablets, 60 Tabs",Lamivudine/Nevirapine/Stavudine,Generic,150/200/30mg,Tablet - FDC,60,35533,153502.56,4.32,0.07,"Strides, Bangalore, India.",True,7654.0,7928.11,189.88
6917,82649,111-MZ-T30,FPQ-12421,SO-45901,DN-3526,Mozambique,PMO - US,From RDC,N/A - From RDC,Truck,2013-06-28,2013-09-10,2014-03-10,2014-02-20,2014-03-19,ARV,Adult,SCMS from RDC,"Efavirenz/Lamivudine/Tenofovir Disoproxil Fumarate 600/300/300mg, tablets, 30 Tabs",Efavirenz/Lamivudine/Tenofovir Disoproxil Fumarate,Generic,600/300/300mg,Tablet - FDC,30,66946,727703.02,10.87,0.36,Hetero Unit III Hyderabad IN,True,36903.0,7928.11,900.17
6918,82650,109-TZ-T30,FPQ-12354,SO-45742,DN-3532,Tanzania,PMO - US,From RDC,N/A - From RDC,Truck,2013-05-16,2013-07-31,2014-01-31,2014-02-19,2014-02-24,ARV,Adult,SCMS from RDC,"Efavirenz/Lamivudine/Tenofovir Disoproxil Fumarate 600/300/300mg, tablets, 30 Tabs",Efavirenz/Lamivudine/Tenofovir Disoproxil Fumarate,Generic,600/300/300mg,Tablet - FDC,30,46066,500737.42,10.87,0.36,Mylan (formerly Matrix) Nashik,True,5175.0,3541.59,619.41
6919,82651,104-CI-T30,FPQ-12800,SO-46422,DN-3546,Côte d'Ivoire,PMO - US,From RDC,N/A - From RDC,Air,2013-08-09,2013-08-28,2014-02-28,2014-02-18,2014-03-04,ARV,Adult,SCMS from RDC,"Lamivudine 150mg, tablets, 60 Tabs",Lamivudine,Generic,150mg,Tablet,60,1700,3791.0,2.23,0.04,"Aurobindo Unit III, India",True,2699.0,4063.81,4.69
6920,82653,111-MZ-T30,FPQ-12416,SO-45890,DN-3553,Mozambique,PMO - US,From RDC,N/A - From RDC,Truck,2013-06-28,2013-12-03,2014-06-03,2014-06-03,2014-06-11,ARV,Adult,SCMS from RDC,"Abacavir 300mg, tablets, 60 Tabs",Abacavir,Generic,300mg,Tablet,60,10000,113600.0,11.36,0.19,Mylan (formerly Matrix) Nashik,True,3118.0,4768.06,140.52
6921,82654,101-CD-T30,FPQ-13554,SO-47630,DN-3561,"Congo, DRC",PMO - US,From RDC,N/A - From RDC,Air,2014-01-15,2013-11-30,2014-05-30,2014-05-19,2014-06-26,ARV,Adult,SCMS from RDC,"Abacavir 300mg, tablets, 60 Tabs",Abacavir,Generic,300mg,Tablet,60,489,5555.04,11.36,0.19,"Aurobindo Unit III, India",True,2045.0,16083.32,5.71
6922,82655,104-CI-T30,FPQ-12800,SO-46400,DN-3568,Côte d'Ivoire,PMO - US,From RDC,N/A - From RDC,Truck,2013-08-09,2013-09-28,2014-03-28,2014-04-11,2014-04-28,ARV,Adult,SCMS from RDC,"Lamivudine/Nevirapine/Zidovudine 150/200/300mg, tablets, 60 Tabs",Lamivudine/Nevirapine/Zidovudine,Generic,150/300/200mg,Tablet - FDC,60,40035,330689.1,8.26,0.14,Mylan (formerly Matrix) Nashik,True,16851.0,23776.41,409.06
6923,82656,109-TZ-T30,FPQ-12587,SO-46002,DN-3582,Tanzania,PMO - US,From RDC,N/A - From RDC,Truck,2013-07-04,2013-10-30,2014-04-30,2014-05-02,2014-05-07,ARV,Adult,SCMS from RDC,"Emtricitabine/Tenofovir Disoproxil Fumarate 200/300mg, tablets, 30 Tabs",Emtricitabine/Tenofovir Disoproxil Fumarate,Generic,200/300mg,Tablet - FDC,30,20921,122806.27,5.87,0.2,"Aurobindo Unit III, India",True,6692.0,6010.2,151.91
6924,82657,114-UG-T30,FPQ-13108,SO-46870,DN-3589,Uganda,PMO - US,From RDC,N/A - From RDC,Truck,2013-10-16,2013-10-20,2014-04-20,2014-04-18,2014-04-28,ARV,Adult,SCMS from RDC,"Lamivudine/Zidovudine 150/300mg, tablets, 60 Tabs",Lamivudine/Zidovudine,Generic,150/300mg,Tablet - FDC,60,7693,51773.89,6.73,0.11,"Cipla, Goa, India",True,6909.0,4947.38,53.22
6925,82661,101-CD-T30,FPQ-13554,SO-47640,DN-3603,"Congo, DRC",PMO - US,From RDC,N/A - From RDC,Air,2014-01-15,2013-09-26,2014-03-26,2014-05-13,2014-05-16,ARV,Adult,SCMS from RDC,"Nevirapine 200mg, tablets, 60 Tabs",Nevirapine,Generic,200mg,Tablet,60,2167,4897.42,2.26,0.04,"Aurobindo Unit III, India",True,211.0,3531.86,5.03
6926,82662,114-UG-T30,FPQ-13107,SO-46860,DN-3605,Uganda,PMO - US,From RDC,N/A - From RDC,Truck,2013-10-16,2013-09-30,2014-03-31,2014-04-18,2014-05-07,ARV,Adult,SCMS from RDC,"Nevirapine 200mg, tablets, 60 Tabs",Nevirapine,Generic,200mg,Tablet,60,21764,49186.64,2.26,0.04,"Aurobindo Unit III, India",True,2091.0,0.0,50.56
6927,82663,111-MZ-T30,FPQ-13123,SO-47082,DN-3612,Mozambique,PMO - US,From RDC,N/A - From RDC,Truck,2013-10-21,2013-11-23,2014-05-23,2014-05-23,2014-06-04,ARV,Pediatric,SCMS from RDC,"Nevirapine 10mg/ml, oral suspension w/syringe, Bottle, 240 ml",Nevirapine,Generic,10mg/ml,Oral suspension,240,26200,48732.0,1.86,0.01,"Aurobindo Unit III, India",True,5343.0,12803.35,50.1
6928,82664,110-ZM-T30,FPQ-13221,SO-47190,DN-3616,Zambia,PMO - US,From RDC,N/A - From RDC,Truck,2013-10-31,2013-11-19,2014-05-19,2014-05-19,2014-06-04,ARV,Adult,SCMS from RDC,"Lamivudine 150mg, tablets, 60 Tabs",Lamivudine,Generic,150mg,Tablet,60,10391,23171.93,2.23,0.04,"Micro labs, Verna, Goa, India",True,633.0,886.11,23.82
6929,82665,104-CI-T30,FPQ-13142,SO-47131,DN-3632,Côte d'Ivoire,PMO - US,From RDC,N/A - From RDC,Truck,2013-10-22,2013-10-30,2014-04-30,2014-04-25,2014-06-11,ARV,Adult,SCMS from RDC,"Lamivudine/Tenofovir Disoproxil Fumarate 300/300mg, tablets, 30 Tabs",Lamivudine/Tenofovir Disoproxil Fumarate,Generic,300/300mg,Tablet - FDC,30,10000,46400.0,4.64,0.15,Hetero Unit III Hyderabad IN,True,8889.0,33073.6,47.7
6930,82666,104-CI-T30,FPQ-13142,SO-47151,DN-3633,Côte d'Ivoire,PMO - US,From RDC,N/A - From RDC,Truck,2013-10-22,2013-10-30,2014-04-30,2014-04-22,2014-06-11,ARV,Adult,SCMS from RDC,"Abacavir 300mg, tablets, 60 Tabs",Abacavir,Generic,300mg,Tablet,60,6750,75802.5,11.23,0.19,"Aurobindo Unit III, India",True,4919.0,17647.73,77.92
6931,82667,105-GY-T30,FPQ-13567,SO-47720,DN-3636,Guyana,PMO - US,From RDC,N/A - From RDC,Air,2014-01-16,2013-10-30,2014-04-30,2014-04-23,2014-06-11,ARV,Adult,SCMS from RDC,"Abacavir 300mg, tablets, 60 Tabs",Abacavir,Generic,300mg,Tablet,60,49,550.27,11.23,0.19,"Aurobindo Unit III, India",True,5.0,660.43,0.57
6932,82668,107-RW-T30,FPQ-12766,SO-46485,DN-3642,Rwanda,PMO - US,From RDC,N/A - From RDC,Truck,2013-08-02,2013-11-05,2014-05-05,2014-06-06,2014-06-20,ARV,Adult,SCMS from RDC,"Lamivudine/Tenofovir Disoproxil Fumarate 300/300mg, tablets, 30 Tabs",Lamivudine/Tenofovir Disoproxil Fumarate,Generic,300/300mg,Tablet - FDC,30,2381,11047.84,4.64,0.15,"Cipla, Kurkumbh, India",True,3703.0,8469.67,13.67
6933,82669,111-MZ-T30,FPQ-13165,SO-47591,DN-3651,Mozambique,PMO - US,From RDC,N/A - From RDC,Truck,2013-10-21,2014-01-04,2014-07-04,2014-06-03,2014-06-19,ARV,Adult,SCMS from RDC,"Lamivudine 150mg, tablets, 60 Tabs",Lamivudine,Generic,150mg,Tablet,60,440,765.6,1.74,0.03,"Micro labs, Verna, Goa, India",True,27.0,800.0,0.79
6934,82670,110-ZM-T30,FPQ-13574,SO-47791,DN-3657,Zambia,PMO - US,From RDC,N/A - From RDC,Air,2014-01-16,2013-10-08,2014-04-08,2014-04-18,2014-05-22,ARV,Pediatric,SCMS from RDC,"Nevirapine 10mg/ml, oral suspension w/syringe, Bottle, 240 ml",Nevirapine,Generic,10mg/ml,Oral suspension,240,1222,2175.16,1.78,0.01,"Aurobindo Unit III, India",True,825.0,6380.09,2.24
6935,82671,109-TZ-T30,FPQ-12354,SO-45740,DN-3659,Tanzania,PMO - US,From RDC,N/A - From RDC,Truck,2013-05-16,2013-11-05,2014-05-05,2014-06-18,2014-07-01,ARV,Adult,SCMS from RDC,"Efavirenz/Lamivudine/Tenofovir Disoproxil Fumarate 600/300/300mg, tablets, 30 Tabs",Efavirenz/Lamivudine/Tenofovir Disoproxil Fumarate,Generic,600/300/300mg,Tablet - FDC,30,116931,1260516.18,10.78,0.36,Mylan (formerly Matrix) Nashik,True,13280.0,7083.18,1559.26
6936,82672,104-CI-T30,FPQ-12800,SO-46420,DN-3680,Côte d'Ivoire,PMO - US,From RDC,N/A - From RDC,Truck,2013-08-09,2013-11-15,2014-05-15,2014-05-12,2014-06-30,ARV,Pediatric,SCMS from RDC,"Lamivudine/Nevirapine/Zidovudine 30/50/60mg, dispersible tablets, 60 Tabs",Lamivudine/Nevirapine/Zidovudine,Generic,30/50/60mg,Chewable/dispersible tablet - FDC,60,6799,25496.25,3.75,0.06,"Strides, Bangalore, India.",True,292.0,1672.7,31.54
6937,82674,113-ZW-T30,FPQ-12950,SO-46652,DN-3703,Zimbabwe,PMO - US,From RDC,N/A - From RDC,Truck,2013-09-10,2013-11-30,2014-05-30,2014-06-02,2014-06-06,ARV,Adult,SCMS from RDC,"Efavirenz/Lamivudine/Tenofovir Disoproxil Fumarate 600/300/300mg, tablets, 30 Tabs",Efavirenz/Lamivudine/Tenofovir Disoproxil Fumarate,Generic,600/300/300mg,Tablet - FDC,30,87667,945050.26,10.78,0.36,Hetero Unit III Hyderabad IN,True,11717.0,74740.8,1169.03
6938,82675,109-TZ-T30,FPQ-12587,SO-45990,DN-3704,Tanzania,PMO - US,From RDC,N/A - From RDC,Truck,2013-07-04,2013-12-30,2014-06-30,2014-06-21,2014-07-01,ARV,Adult,SCMS from RDC,"Emtricitabine/Tenofovir Disoproxil Fumarate 200/300mg, tablets, 30 Tabs",Emtricitabine/Tenofovir Disoproxil Fumarate,Generic,200/300mg,Tablet - FDC,30,10267,58932.58,5.74,0.19,Mylan (formerly Matrix) Nashik,True,816.0,3623.2,72.9
6939,82676,104-CI-T30,FPQ-10633,SO-43370,DN-3706,Côte d'Ivoire,PMO - US,From RDC,N/A - From RDC,Truck,2012-09-11,2013-12-30,2014-06-30,2014-06-04,2014-07-10,ARV,Adult,SCMS from RDC,"Efavirenz 600mg, tablets, 30 Tabs",Efavirenz,Generic,600mg,Tablet,30,25000,83250.0,3.33,0.11,"Hetero, Jadcherla, unit 5, IN",True,3591.0,21593.88,116.72
6940,82677,104-CI-T30,FPQ-10633,SO-43363,DN-3707,Côte d'Ivoire,PMO - US,From RDC,N/A - From RDC,Truck,2012-09-11,2014-02-28,2014-08-29,2014-06-04,2014-07-10,ARV,Adult,SCMS from RDC,"Efavirenz 600mg, tablets, 30 Tabs",Efavirenz,Generic,600mg,Tablet,30,30196,96929.16,3.21,0.11,"Strides, Bangalore, India.",True,3591.0,5153.54,135.89
6941,82678,104-CI-T30,FPQ-12144,SO-45640,DN-3711,Côte d'Ivoire,PMO - US,From RDC,N/A - From RDC,Truck,2013-04-22,2013-12-04,2014-06-04,2014-06-16,2014-07-10,ARV,Pediatric,SCMS from RDC,"Efavirenz 200mg, scored tablets, 90 Tabs",Efavirenz,Generic,200mg,Tablet,90,5840,54312.0,9.3,0.1,"Strides, Bangalore, India.",True,347.0,3132.77,67.18
6942,82680,114-UG-T30,FPQ-13108,SO-46875,DN-3732,Uganda,PMO - US,From RDC,N/A - From RDC,Truck,2013-10-16,2013-12-30,2014-06-30,2014-06-30,2014-07-01,ARV,Adult,SCMS from RDC,"Lamivudine/Nevirapine/Zidovudine 150/200/300mg, tablets, 60 Tabs",Lamivudine/Nevirapine/Zidovudine,Generic,150/300/200mg,Tablet - FDC,60,100000,811000.0,8.11,0.14,"Aurobindo Unit III, India",True,18737.0,9857.35,833.71
6943,82683,111-MZ-T30,FPQ-12573,SO-46173,DN-3742,Mozambique,PMO - US,From RDC,N/A - From RDC,Truck,2013-06-28,2014-02-15,2014-08-15,2014-08-15,2014-09-22,ARV,Adult,SCMS from RDC,"Lamivudine/Nevirapine/Stavudine 150/200/30mg, tablets, 60 Tabs",Lamivudine/Nevirapine/Stavudine,Generic,150/200/30mg,Tablet - FDC,60,5572,24071.04,4.32,0.07,Hetero Unit III Hyderabad IN,True,571.0,578.25,29.78
6944,82685,109-TZ-T30,FPQ-13042,SO-46701,DN-3762,Tanzania,PMO - US,From RDC,N/A - From RDC,Air,2013-10-01,2014-01-31,2014-07-31,2014-09-25,2014-10-06,ARV,Adult,SCMS from RDC,"Lopinavir/Ritonavir 200/50mg [Aluvia], tablets, 120 Tabs",Lopinavir/Ritonavir,Aluvia,200/50mg,Tablet,120,32294,610356.6,18.9,0.16,ABBVIE Ludwigshafen Germany,True,20132.0,97918.87,755.01
6945,82687,110-ZM-T30,FPQ-13692,SO-47992,DN-3889,Zambia,PMO - US,From RDC,N/A - From RDC,Truck,2014-02-06,2014-03-30,2014-09-30,2014-10-02,2014-10-22,ARV,Pediatric,SCMS from RDC,"Abacavir/Lamivudine 60/30mg, tablets, 60 Tabs",Abacavir/Lamivudine,Generic,60/30mg,Tablet - FDC,60,60000,237000.0,3.95,0.07,Mylan (formerly Matrix) Nashik,True,2484.0,3613.05,243.64
6946,82688,103-ZW-T30,FPQ-13990,SO-48471,DN-3890,Zimbabwe,PMO - US,From RDC,N/A - From RDC,Truck,2014-04-01,2014-02-28,2014-08-30,2014-09-15,2014-10-17,ARV,Pediatric,SCMS from RDC,"Abacavir/Lamivudine 60/30mg, tablets, 60 Tabs",Abacavir/Lamivudine,Generic,60/30mg,Tablet - FDC,60,23000,90850.0,3.95,0.07,Mylan (formerly Matrix) Nashik,True,952.0,1521.08,93.39
6947,82691,110-ZM-T30,FPQ-13221,SO-47204,DN-3833,Zambia,PMO - US,From RDC,N/A - From RDC,Truck,2013-10-31,2014-02-28,2014-08-29,2014-09-04,2014-10-06,ARV,Adult,SCMS from RDC,"Lamivudine/Tenofovir Disoproxil Fumarate 300/300mg, tablets, 30 Tabs",Lamivudine/Tenofovir Disoproxil Fumarate,Generic,300/300mg,Tablet - FDC,30,21529,101186.3,4.7,0.16,"Cipla, Kurkumbh, India",True,9530.0,16468.54,104.02
6948,82693,101-CD-T30,FPQ-14252,SO-48852,DN-3885,"Congo, DRC",PMO - US,From RDC,N/A - From RDC,Air,2014-05-07,2014-03-22,2014-09-22,2014-09-30,2014-11-17,ARV,Adult,SCMS from RDC,"Lamivudine/Nevirapine/Zidovudine 150/200/300mg, tablets, 60 Tabs",Lamivudine/Nevirapine/Zidovudine,Generic,150/300/200mg,Tablet - FDC,60,7480,60662.8,8.11,0.14,Mylan (formerly Matrix) Nashik,True,1278.0,12197.44,62.36
6949,82694,151-NG-T30,FPQ-13293,SO-47272,DN-3794,Nigeria,PMO - US,From RDC,N/A - From RDC,Air Charter,2013-11-19,2013-12-30,2014-06-30,2014-06-20,2014-06-25,ARV,Adult,SCMS from RDC,"Lamivudine/Nevirapine/Zidovudine 150/200/300mg, tablets, 60 Tabs",Lamivudine/Nevirapine/Zidovudine,Generic,150/300/200mg,Tablet - FDC,60,200000,1622000.0,8.11,0.14,"Aurobindo Unit III, India",True,51698.0,28812.57,1667.42
6950,82695,151-NG-T30,FPQ-13293,SO-47272,DN-3794,Nigeria,PMO - US,From RDC,N/A - From RDC,Air Charter,2013-11-19,2013-12-30,2014-06-30,2014-06-20,2014-06-25,ARV,Adult,SCMS from RDC,"Lamivudine/Nevirapine/Zidovudine 150/200/300mg, tablets, 60 Tabs",Lamivudine/Nevirapine/Zidovudine,Generic,150/300/200mg,Tablet - FDC,60,145235,1177855.85,8.11,0.14,"Strides, Bangalore, India.",False,668.5,12601.07,1210.84
6951,82696,151-NG-T30,FPQ-13293,SO-47273,DN-3801,Nigeria,PMO - US,From RDC,N/A - From RDC,Air Charter,2013-11-19,2014-01-31,2014-07-31,2014-06-20,2014-06-25,ARV,Adult,SCMS from RDC,"Lamivudine/Nevirapine/Zidovudine 150/200/300mg, tablets, 60 Tabs",Lamivudine/Nevirapine/Zidovudine,Generic,150/300/200mg,Tablet - FDC,60,97000,786670.0,8.11,0.14,Mylan (formerly Matrix) Nashik,True,12823.0,28812.57,808.7
6952,82697,100-ZM-T30,FPQ-13679,SO-48031,DN-3806,Zambia,PMO - US,From RDC,N/A - From RDC,Truck,2014-02-02,2014-01-31,2014-07-31,2014-07-25,2014-07-31,ARV,Adult,SCMS from RDC,"Efavirenz/Lamivudine/Tenofovir Disoproxil Fumarate 600/300/300mg, tablets, 30 Tabs",Efavirenz/Lamivudine/Tenofovir Disoproxil Fumarate,Generic,600/300/300mg,Tablet - FDC,30,63696,686642.88,10.78,0.36,Hetero Unit III Hyderabad IN,True,8487.0,8054.68,705.87
6953,82698,151-NG-T30,FPQ-14156,SO-48901,DN-3807,Nigeria,PMO - US,From RDC,N/A - From RDC,Air Charter,2014-04-25,2014-04-30,2014-10-31,2014-06-20,2014-06-25,ARV,Adult,SCMS from RDC,"Lamivudine/Tenofovir Disoproxil Fumarate 300/300mg, tablets, 30 Tabs",Lamivudine/Tenofovir Disoproxil Fumarate,Generic,300/300mg,Tablet - FDC,30,5000,23200.0,4.64,0.15,"Cipla, Kurkumbh, India",True,1447.0,28812.57,23.85
6954,82699,109-TZ-T30,FPQ-12587,SO-46001,DN-3811,Tanzania,PMO - US,From RDC,N/A - From RDC,Truck,2013-07-04,2014-03-18,2014-09-18,2014-09-25,2014-11-07,ARV,Adult,SCMS from RDC,"Emtricitabine/Tenofovir Disoproxil Fumarate 200/300mg, tablets, 30 Tabs",Emtricitabine/Tenofovir Disoproxil Fumarate,Generic,200/300mg,Tablet - FDC,30,22002,126291.48,5.74,0.19,"Aurobindo Unit III, India",True,2003.0,10010.15,156.22
6955,82700,100-ZM-T30,FPQ-13679,SO-48030,DN-3820,Zambia,PMO - US,From RDC,N/A - From RDC,Truck,2014-02-02,2014-01-31,2014-07-31,2014-07-25,2014-07-31,ARV,Adult,SCMS from RDC,"Efavirenz/Lamivudine/Tenofovir Disoproxil Fumarate 600/300/300mg, tablets, 30 Tabs",Efavirenz/Lamivudine/Tenofovir Disoproxil Fumarate,Generic,600/300/300mg,Tablet - FDC,30,112334,1210960.52,10.78,0.36,"Aurobindo Unit VII, IN",True,14867.0,13627.76,1244.87
6956,82701,110-ZM-T30,FPQ-14105,SO-48651,DN-3821,Zambia,PMO - US,From RDC,N/A - From RDC,Truck,2014-04-16,2014-03-04,2014-09-04,2014-09-03,2014-10-06,ARV,Adult,SCMS from RDC,"Lamivudine/Zidovudine 150/300mg, tablets, 60 Tabs",Lamivudine/Zidovudine,Generic,150/300mg,Tablet - FDC,60,36852,240275.04,6.52,0.11,"Cipla, Goa, India",True,3324.0,4266.62,247.0
6957,82702,113-ZW-T30,FPQ-13508,SO-47540,DN-3825,Zimbabwe,PMO - US,From RDC,N/A - From RDC,Truck,2013-12-24,2014-03-30,2014-09-30,2014-06-29,2014-08-04,ARV,Adult,SCMS from RDC,"Nevirapine 200mg, tablets, 60 Tabs",Nevirapine,Generic,200mg,Tablet,60,100000,218000.0,2.18,0.04,"Micro labs, Verna, Goa, India",True,64918.0,43218.07,224.1
6958,82703,113-ZW-T30,FPQ-13508,SO-47540,DN-3825,Zimbabwe,PMO - US,From RDC,N/A - From RDC,Truck,2013-12-24,2014-03-30,2014-09-30,2014-06-29,2014-08-04,ARV,Adult,SCMS from RDC,"Lamivudine/Tenofovir Disoproxil Fumarate 300/300mg, tablets, 30 Tabs",Lamivudine/Tenofovir Disoproxil Fumarate,Generic,300/300mg,Tablet - FDC,30,76950,356278.5,4.63,0.15,Ranbaxy per Shasun Pharma,False,668.5,6721.705,366.25
6959,82704,113-ZW-T30,FPQ-13508,SO-47540,DN-3825,Zimbabwe,PMO - US,From RDC,N/A - From RDC,Truck,2013-12-24,2014-03-30,2014-09-30,2014-06-29,2014-08-04,ARV,Adult,SCMS from RDC,"Lamivudine/Tenofovir Disoproxil Fumarate 300/300mg, tablets, 30 Tabs",Lamivudine/Tenofovir Disoproxil Fumarate,Generic,300/300mg,Tablet - FDC,30,43715,202400.45,4.63,0.15,"Cipla, Kurkumbh, India",False,668.5,6721.705,208.07
6960,82837,154-NG-T30,FPQ-3815,SO-32270,DN-1311,Nigeria,PMO - US,From RDC,N/A - From RDC,Air Charter,2009-05-26,2009-01-30,2009-07-30,2009-08-04,2009-08-04,ARV,Adult,SCMS from RDC,"Lamivudine 150mg, tablets, 60 Tabs",Lamivudine,Generic,150mg,Tablet,60,50,122.0,2.44,0.04,"Aurobindo Unit III, India",True,112.0,7445.8,0.24
6961,82705,111-MZ-T30,FPQ-13124,SO-47050,DN-3827,Mozambique,PMO - US,From RDC,N/A - From RDC,Truck,2013-10-21,2014-02-28,2014-08-29,2014-08-25,2014-08-28,ARV,Adult,SCMS from RDC,"Lamivudine/Nevirapine/Zidovudine 150/200/300mg, tablets, 60 Tabs",Lamivudine/Nevirapine/Zidovudine,Generic,150/300/200mg,Tablet - FDC,60,210000,1703100.0,8.11,0.14,Hetero Unit III Hyderabad IN,True,81836.0,47171.27,1750.79
6962,82706,103-SS-T30,FPQ-14409,SO-49120,DN-3842,South Sudan,PMO - US,From RDC,N/A - From RDC,Air,2014-06-05,2014-03-01,2014-09-01,2014-09-01,2014-09-02,ARV,Adult,SCMS from RDC,"Lamivudine/Zidovudine 150/300mg, tablets, 60 Tabs",Lamivudine/Zidovudine,Generic,150/300mg,Tablet - FDC,60,396,2581.92,6.52,0.11,Hetero Unit III Hyderabad IN,True,410.0,4708.0,2.65
6963,82707,101-CD-T30,FPQ-14252,SO-48850,DN-3843,"Congo, DRC",PMO - US,From RDC,N/A - From RDC,Air,2014-05-07,2014-02-13,2014-08-13,2014-09-24,2014-11-06,ARV,Adult,SCMS from RDC,"Abacavir 300mg, tablets, 60 Tabs",Abacavir,Generic,300mg,Tablet,60,715,8029.45,11.23,0.19,"Aurobindo Unit III, India",True,1630.0,18387.8,8.25
6964,82708,101-CD-T30,FPQ-14252,SO-48850,DN-3843,"Congo, DRC",PMO - US,From RDC,N/A - From RDC,Air,2014-05-07,2014-02-13,2014-08-13,2014-09-24,2014-11-06,ARV,Adult,SCMS from RDC,"Lamivudine 150mg, tablets, 60 Tabs",Lamivudine,Generic,150mg,Tablet,60,980,1705.2,1.74,0.03,"Aurobindo Unit III, India",False,116.0,2346.5699999999997,1.75
6965,82709,101-CD-T30,FPQ-14252,SO-48850,DN-3843,"Congo, DRC",PMO - US,From RDC,N/A - From RDC,Air,2014-05-07,2014-02-13,2014-08-13,2014-09-24,2014-11-06,ARV,Adult,SCMS from RDC,"Lopinavir/Ritonavir 200/50mg, tablets, 120 Tabs",Lopinavir/Ritonavir,Generic,200/50mg,Tablet,120,1727,34039.17,19.71,0.16,Mylan (formerly Matrix) Nashik,False,668.5,2346.5699999999997,34.99
6966,82710,105-GY-T30,FPQ-14042,SO-48520,DN-3844,Guyana,PMO - US,From RDC,N/A - From RDC,Air,2014-04-09,2014-03-30,2014-09-30,2014-07-30,2014-09-05,ARV,Adult,SCMS from RDC,"Abacavir 300mg, tablets, 60 Tabs",Abacavir,Generic,300mg,Tablet,60,53,595.19,11.23,0.19,"Aurobindo Unit III, India",True,516.0,7663.16,0.61
6967,82711,105-GY-T30,FPQ-14042,SO-48520,DN-3844,Guyana,PMO - US,From RDC,N/A - From RDC,Air,2014-04-09,2014-03-30,2014-09-30,2014-07-30,2014-09-05,ARV,Pediatric,SCMS from RDC,"Lamivudine 10mg/ml, oral solution w/syringe, Bottle, 240 ml",Lamivudine,Generic,10mg/ml,Oral solution,240,90,128.7,1.43,0.01,"Aurobindo Unit III, India",False,7.5,1924.4650000000001,0.13
6968,82712,105-GY-T30,FPQ-14042,SO-48520,DN-3844,Guyana,PMO - US,From RDC,N/A - From RDC,Air,2014-04-09,2014-03-30,2014-09-30,2014-07-30,2014-09-05,ARV,Adult,SCMS from RDC,"Zidovudine 300mg, tablets, 60 Tabs",Zidovudine,Generic,300mg,Tablet,60,791,4303.04,5.44,0.09,"Aurobindo Unit III, India",False,668.5,1924.4650000000001,4.42
6969,82713,111-MZ-T30,FPQ-13123,SO-47080,DN-3828,Mozambique,PMO - US,From RDC,N/A - From RDC,Truck,2013-10-21,2014-02-28,2014-08-29,2014-11-05,2014-11-07,ARV,Adult,SCMS from RDC,"Efavirenz 600mg, tablets, 30 Tabs",Efavirenz,Generic,600mg,Tablet,30,12710,40799.1,3.21,0.11,"Strides, Bangalore, India.",True,9511.0,10217.02,41.94
6970,82714,104-CI-T30,FPQ-14370,SO-49100,DN-3851,Côte d'Ivoire,PMO - US,From RDC,N/A - From RDC,Truck,2014-05-23,2014-04-30,2014-10-31,2014-08-18,2014-09-05,ARV,Adult,SCMS from RDC,"Abacavir/Lamivudine 600/300mg, tablets, 30 Tabs",Abacavir/Lamivudine,Generic,600/300mg,Tablet - FDC,30,2756,37261.12,13.52,0.45,"Cipla, Patalganga, India",True,248.0,1933.72,38.3
6971,82721,111-MZ-T30,FPQ-14226,SO-48882,DN-3855,Mozambique,PMO - US,From RDC,N/A - From RDC,Truck,2014-05-02,2014-06-30,2014-12-31,2014-10-27,2014-11-07,ARV,Adult,SCMS from RDC,"Lamivudine/Stavudine 150/30mg, tablets, 60 Tabs",Lamivudine/Stavudine,Generic,150/30mg,Tablet - FDC,60,3068,7976.8,2.6,0.04,"Strides, Bangalore, India.",True,150.0,118.16,8.2
6972,82723,111-MZ-T30,FPQ-13575,SO-47703,DN-3865,Mozambique,PMO - US,From RDC,N/A - From RDC,Truck,2014-01-17,2014-02-28,2014-08-31,2014-10-30,2014-11-13,ARV,Adult,SCMS from RDC,"Nevirapine 200mg, tablets, 60 Tabs",Nevirapine,Generic,200mg,Tablet,60,2030,4425.4,2.18,0.04,Hetero Unit III Hyderabad IN,True,6342.0,3290.58,4.55
6973,82724,117-ET-T30,FPQ-14544,SO-49230,DN-3870,Ethiopia,PMO - US,From RDC,N/A - From RDC,Air,2014-06-30,2014-01-29,2014-07-29,2014-07-10,2014-07-17,ARV,Pediatric,SCMS from RDC,"Abacavir/Lamivudine 60/30mg, tablets, 60 Tabs",Abacavir/Lamivudine,Generic,60/30mg,Tablet - FDC,60,3071,12560.39,4.09,0.07,"Aurobindo Unit III, India",True,115.0,630.0,12.91
6974,82725,103-SS-T30,FPQ-14556,SO-49260,DN-3871,South Sudan,PMO - US,From RDC,N/A - From RDC,Air,2014-07-02,2014-07-30,2015-01-30,2014-12-16,2014-12-17,ARV,Pediatric,SCMS from RDC,"Lamivudine/Nevirapine/Zidovudine 30/50/60mg, [DON] dispersible tablets, 60 Tabs",Lamivudine/Nevirapine/Zidovudine,Generic,30/50/60mg,Chewable/dispersible tablet - FDC,60,6459,0.0,0.0,0.0,"Cipla, Goa, India",True,565.0,11705.87,0.0
6975,82726,111-MZ-T30,FPQ-13394,SO-47460,DN-3872,Mozambique,PMO - US,From RDC,N/A - From RDC,Truck,2013-12-09,2014-03-30,2014-09-30,2014-10-27,2014-11-07,ARV,Adult,SCMS from RDC,"Lamivudine/Nevirapine/Zidovudine 150/200/300mg, tablets, 60 Tabs",Lamivudine/Nevirapine/Zidovudine,Generic,150/300/200mg,Tablet - FDC,60,40070,324967.7,8.11,0.14,Mylan (formerly Matrix) Nashik,True,28111.0,18448.52,334.07
6976,82727,151-NG-T30,FPQ-13704,SO-48322,DN-3914,Nigeria,PMO - US,From RDC,N/A - From RDC,Air Charter,2014-02-13,2014-03-30,2014-09-30,2014-09-03,2014-09-05,ARV,Pediatric,SCMS from RDC,"Efavirenz 200mg, capsule, 90 Caps",Efavirenz,Generic,200mg,Capsule,90,10230,56265.0,5.5,0.06,"Aurobindo Unit III, India",True,1505.0,10060.0,57.84
6977,82729,901-NA-T30,FPQ-14670,SO-49560,DN-3907,Namibia,PMO - US,From RDC,N/A - From RDC,Truck,2014-07-30,2014-03-30,2014-09-30,2014-09-15,2014-09-25,ARV,Adult,SCMS from RDC,"Lamivudine/Nevirapine/Zidovudine 150/200/300mg, tablets, 60 Tabs",Lamivudine/Nevirapine/Zidovudine,Generic,150/300/200mg,Tablet - FDC,60,40000,324400.0,8.11,0.14,"Cipla, Goa, India",True,9632.0,15571.48,333.48
6978,82730,103-SS-T30,FPQ-13173,SO-47101,DN-3928,South Sudan,PMO - US,From RDC,N/A - From RDC,Air,2013-10-28,2014-03-30,2014-09-30,2014-10-15,2014-10-22,ARV,Pediatric,SCMS from RDC,"Lamivudine/Zidovudine 30/60mg, dispersible tablets, 60 Tabs",Lamivudine/Zidovudine,Generic,30/60mg,Chewable/dispersible tablet - FDC,60,132,262.68,1.99,0.03,"Cipla, Goa, India",True,23.0,1651.0,0.27
6979,82731,109-TZ-T30,FPQ-13042,SO-46690,DN-3929,Tanzania,PMO - US,From RDC,N/A - From RDC,Truck,2013-10-01,2014-04-30,2014-10-30,2014-10-17,2014-11-07,ARV,Pediatric,SCMS from RDC,"Lamivudine/Zidovudine 30/60mg, dispersible tablets, 60 Tabs",Lamivudine/Zidovudine,Generic,30/60mg,Chewable/dispersible tablet - FDC,60,17980,38657.0,2.15,0.04,"Cipla, Goa, India",True,2152.0,837.59,47.82
6980,82732,111-MZ-T30,FPQ-13575,SO-47700,DN-3939,Mozambique,PMO - US,From RDC,N/A - From RDC,Truck,2014-01-17,2014-04-30,2014-10-31,2014-10-30,2014-11-13,ARV,Adult,SCMS from RDC,"Lamivudine/Nevirapine/Zidovudine 150/200/300mg, tablets, 60 Tabs",Lamivudine/Nevirapine/Zidovudine,Generic,150/300/200mg,Tablet - FDC,60,106754,881788.04,8.26,0.14,"Cipla, Goa, India",True,28021.0,19662.09,906.48
6981,82733,111-MZ-T30,FPQ-14226,SO-48884,DN-3944,Mozambique,PMO - US,From RDC,N/A - From RDC,Truck,2014-05-02,2014-06-30,2014-12-31,2014-10-28,2014-11-13,ARV,Pediatric,SCMS from RDC,"Nevirapine 10mg/ml, oral suspension w/syringe, Bottle, 240 ml",Nevirapine,Generic,10mg/ml,Oral suspension,240,27264,41168.64,1.51,0.01,"Aurobindo Unit III, India",True,10191.0,8520.87,42.32
6982,82735,110-ZM-T30,FPQ-13692,SO-47990,DN-3951,Zambia,PMO - US,From RDC,N/A - From RDC,Truck,2014-02-06,2014-04-30,2014-10-31,2014-10-02,2014-10-22,ARV,Pediatric,SCMS from RDC,"Abacavir/Lamivudine 60/30mg, tablets, 60 Tabs",Abacavir/Lamivudine,Generic,60/30mg,Tablet - FDC,60,46973,187892.0,4.0,0.07,"Aurobindo Unit III, India",True,3237.0,4208.35,193.15
6983,82736,102-BI-T30,FPQ-14112,SO-48630,DN-3952,Burundi,PMO - US,From RDC,N/A - From RDC,Air,2014-04-18,2014-04-30,2014-10-31,2014-10-15,2014-10-28,ARV,Adult,SCMS from RDC,"Lamivudine/Zidovudine 150/300mg, tablets, 60 Tabs",Lamivudine/Zidovudine,Generic,150/300mg,Tablet - FDC,60,1428,9424.8,6.6,0.11,"Aurobindo Unit III, India",True,331.0,4218.74,9.69
6984,82739,104-CI-T30,FPQ-13628,SO-49880,DN-3966,Côte d'Ivoire,PMO - US,From RDC,N/A - From RDC,Truck,2014-01-29,2014-04-30,2014-10-31,2014-10-17,2014-11-07,ARV,Adult,SCMS from RDC,"Tenofovir Disoproxil Fumarate 300mg, tablets, 30 Tabs",Tenofovir Disoproxil Fumarate,Generic,300mg,Tablet,30,5905,21376.1,3.62,0.12,Hetero Unit III Hyderabad IN,True,599.0,2440.19,21.97
6985,82740,103-ZW-T30,FPQ-13967,SO-49890,DN-3972,Zimbabwe,PMO - US,From RDC,N/A - From RDC,Truck,2014-04-02,2014-05-14,2014-11-14,2014-10-30,2014-11-07,ARV,Pediatric,SCMS from RDC,"Lamivudine/Nevirapine/Zidovudine 30/50/60mg, dispersible tablets, 60 Tabs",Lamivudine/Nevirapine/Zidovudine,Generic,30/50/60mg,Chewable/dispersible tablet - FDC,60,10602,38167.2,3.6,0.06,Mylan (formerly Matrix) Nashik,True,3919.0,4083.5,39.24
6986,82742,103-ZW-T30,FPQ-13990,SO-48480,DN-3971,Zimbabwe,PMO - US,From RDC,N/A - From RDC,Truck,2014-04-01,2014-04-30,2014-10-30,2014-11-03,2014-11-10,ARV,Pediatric,SCMS from RDC,"Abacavir/Lamivudine 60/30mg, tablets, 60 Tabs",Abacavir/Lamivudine,Generic,60/30mg,Tablet - FDC,60,50847,200845.65,3.95,0.07,"Aurobindo Unit III, India",True,2372.0,2599.36,206.47
6987,82743,101-CD-T30,FPQ-14576,SO-49310,DN-3954,"Congo, DRC",PMO - US,From RDC,N/A - From RDC,Air,2014-07-14,2014-10-14,2015-04-14,2015-04-14,2015-04-14,ARV,Pediatric,SCMS from RDC,"Nevirapine 10mg/ml, oral suspension w/syringe, Bottle, 240 ml",Nevirapine,Generic,10mg/ml,Oral suspension,240,1135,1713.85,1.51,0.01,"Aurobindo Unit III, India",True,1165.0,13290.31,1.76
6988,82744,101-CD-T30,FPQ-14576,SO-49310,DN-3954,"Congo, DRC",PMO - US,From RDC,N/A - From RDC,Air,2014-07-14,2014-10-14,2015-04-14,2015-04-14,2015-04-14,ARV,Pediatric,SCMS from RDC,"Lamivudine/Nevirapine/Zidovudine 30/50/60mg, dispersible tablets, 60 Tabs",Lamivudine/Nevirapine/Zidovudine,Generic,30/50/60mg,Chewable/dispersible tablet - FDC,60,965,3474.0,3.6,0.06,"Cipla, Goa, India",False,344.0,2346.5699999999997,3.57
6989,82745,113-ZW-T30,FPQ-14458,SO-49171,DN-3974,Zimbabwe,PMO - US,From RDC,N/A - From RDC,Truck,2014-06-13,2014-07-31,2015-01-31,2014-10-30,2014-11-07,ARV,Adult,SCMS from RDC,"Efavirenz/Lamivudine/Tenofovir Disoproxil Fumarate 600/300/300mg, tablets, 30 Tabs",Efavirenz/Lamivudine/Tenofovir Disoproxil Fumarate,Generic,600/300/300mg,Tablet - FDC,30,100167,1026711.75,10.25,0.34,Mylan (formerly Matrix) Nashik,True,21570.0,24309.72,1055.46
6990,82746,113-ZW-T30,FPQ-14458,SO-49171,DN-3974,Zimbabwe,PMO - US,From RDC,N/A - From RDC,Truck,2014-06-13,2014-07-31,2015-01-31,2014-10-30,2014-11-07,ARV,Adult,SCMS from RDC,"Efavirenz/Lamivudine/Tenofovir Disoproxil Fumarate 600/300/300mg, tablets, 30 Tabs",Efavirenz/Lamivudine/Tenofovir Disoproxil Fumarate,Generic,600/300/300mg,Tablet - FDC,30,75013,768883.25,10.25,0.34,Cipla Ltd A-42 MIDC Mahar. IN,False,668.5,6721.705,790.41
6991,82748,101-CD-T30,FPQ-14576,SO-49290,DN-3975,"Congo, DRC",PMO - US,From RDC,N/A - From RDC,Air,2014-07-14,2014-07-30,2015-01-30,2015-02-18,2015-02-23,ARV,Adult,SCMS from RDC,"Lopinavir/Ritonavir 200/50mg, tablets, 120 Tabs",Lopinavir/Ritonavir,Generic,200/50mg,Tablet,120,1156,22726.96,19.66,0.16,Mylan (formerly Matrix) Nashik,True,2187.0,24532.28,23.36
6992,82749,151-NG-T30,FPQ-13293,SO-47270,DN-3993,Nigeria,PMO - US,From RDC,N/A - From RDC,Air Charter,2013-11-19,2014-04-30,2014-10-31,2014-10-30,2014-11-03,ARV,Adult,SCMS from RDC,"Lamivudine/Nevirapine/Zidovudine 150/200/300mg, tablets, 60 Tabs",Lamivudine/Nevirapine/Zidovudine,Generic,150/300/200mg,Tablet - FDC,60,191230,1550875.3,8.11,0.14,Mylan (formerly Matrix) Nashik,True,27094.0,70210.0,1594.3
6993,82750,151-NG-T30,FPQ-13704,SO-48310,DN-3997,Nigeria,PMO - US,From RDC,N/A - From RDC,Air Charter,2014-02-13,2014-04-30,2014-10-31,2014-10-30,2014-11-03,ARV,Adult,SCMS from RDC,"Abacavir/Lamivudine 600/300mg, tablets, 30 Tabs",Abacavir/Lamivudine,Generic,600/300mg,Tablet - FDC,30,19356,261112.44,13.49,0.45,Mylan (formerly Matrix) Nashik,True,1960.0,7009.0,268.42
6994,82751,151-NG-T30,FPQ-14766,SO-49701,DN-3998,Nigeria,PMO - US,From RDC,N/A - From RDC,Air Charter,2014-08-13,2014-09-30,2015-03-31,2014-10-30,2014-11-03,ARV,Adult,SCMS from RDC,"Lopinavir/Ritonavir 200/50mg [Aluvia], tablets, 120 Tabs",Lopinavir/Ritonavir,Aluvia,200/50mg,Tablet,120,28000,529200.0,18.9,0.16,ABBVIE Ludwigshafen Germany,True,6702.0,20526.0,544.02
6995,82752,151-NG-T30,FPQ-14156,SO-48891,DN-3999,Nigeria,PMO - US,From RDC,N/A - From RDC,Air Charter,2014-04-25,2014-05-30,2014-11-30,2014-10-30,2014-11-03,ARV,Adult,SCMS from RDC,"Lamivudine/Nevirapine/Zidovudine 150/200/300mg, tablets, 60 Tabs",Lamivudine/Nevirapine/Zidovudine,Generic,150/300/200mg,Tablet - FDC,60,45307,367439.77,8.11,0.14,Mylan (formerly Matrix) Nashik,True,20329.0,49570.0,377.73
6996,82753,114-UG-T30,FPQ-14396,SO-48970,DN-4008,Uganda,PMO - US,From RDC,N/A - From RDC,Truck,2014-06-04,2014-05-28,2014-11-28,2014-12-03,2014-12-04,ARV,Adult,SCMS from RDC,"Lamivudine/Tenofovir Disoproxil Fumarate 300/300mg, tablets, 30 Tabs",Lamivudine/Tenofovir Disoproxil Fumarate,Generic,300/300mg,Tablet - FDC,30,42531,196918.53,4.63,0.15,Hetero Unit III Hyderabad IN,True,7043.0,6852.08,202.43
6997,82754,107-RW-T30,FPQ-14111,SO-48801,DN-4009,Rwanda,PMO - US,From RDC,N/A - From RDC,Truck,2014-04-22,2014-07-30,2015-01-30,2015-01-14,2015-01-19,ARV,Adult,SCMS from RDC,"Lamivudine/Nevirapine/Zidovudine 150/200/300mg, tablets, 60 Tabs",Lamivudine/Nevirapine/Zidovudine,Generic,150/300/200mg,Tablet - FDC,60,14011,113629.21,8.11,0.14,Mylan (formerly Matrix) Nashik,True,1755.0,4328.9,116.81
6998,82755,107-RW-T30,FPQ-14111,SO-48790,DN-4012,Rwanda,PMO - US,From RDC,N/A - From RDC,Truck,2014-04-22,2014-08-16,2015-02-16,2015-01-14,2015-01-19,ARV,Adult,SCMS from RDC,"Lamivudine/Tenofovir Disoproxil Fumarate 300/300mg, tablets, 30 Tabs",Lamivudine/Tenofovir Disoproxil Fumarate,Generic,300/300mg,Tablet - FDC,30,73467,340886.88,4.64,0.15,Hetero Unit III Hyderabad IN,True,17317.0,26620.36,350.43
6999,82756,104-CI-T30,FPQ-13628,SO-47912,DN-4024,Côte d'Ivoire,PMO - US,From RDC,N/A - From RDC,Truck,2014-01-29,2014-07-30,2015-01-30,2015-02-11,2015-02-16,ARV,Pediatric,SCMS from RDC,"Zidovudine 10mg/ml, oral solution w/syringe, Bottle, 240 ml",Zidovudine,Generic,10mg/ml,Oral solution,240,4000,7960.0,1.99,0.01,"Aurobindo Unit III, India",True,10413.0,39599.1,8.18
7000,82757,111-MZ-T30,FPQ-14226,SO-48880,DN-4032,Mozambique,PMO - US,From RDC,N/A - From RDC,Truck,2014-05-02,2014-09-02,2015-03-02,2015-03-02,2015-03-09,ARV,Adult,SCMS from RDC,"Lamivudine/Stavudine 150/30mg, tablets, 60 Tabs",Lamivudine/Stavudine,Generic,150/30mg,Tablet - FDC,60,7442,19349.2,2.6,0.04,Hetero Unit III Hyderabad IN,True,12408.0,15645.33,19.89
7001,82758,107-RW-T30,FPQ-14811,SO-49951,DN-4040,Rwanda,PMO - US,From RDC,N/A - From RDC,Truck,2014-10-15,2014-07-14,2015-01-14,2014-12-24,2015-01-05,ARV,Pediatric,SCMS from RDC,"Efavirenz 200mg, scored tablets, 90 Tabs",Efavirenz,Generic,200mg,Tablet,90,1016,9448.8,9.3,0.1,"Strides, Bangalore, India.",True,367.0,3783.24,9.71
7002,82760,111-MZ-T30,FPQ-13124,SO-47054,DN-4050,Mozambique,PMO - US,From RDC,N/A - From RDC,Truck,2013-10-21,2014-09-23,2015-03-23,2015-03-23,2015-03-23,ARV,Adult,SCMS from RDC,"Lamivudine/Zidovudine 150/300mg, tablets, 60 Tabs",Lamivudine/Zidovudine,Generic,150/300mg,Tablet - FDC,60,139000,935470.0,6.73,0.11,Hetero Unit III Hyderabad IN,True,12307.0,8191.96,961.66
7003,82761,107-RW-T30,FPQ-14893,SO-49990,DN-4055,Rwanda,PMO - US,From RDC,N/A - From RDC,Air,2014-10-15,2014-07-31,2015-01-31,2014-12-24,2014-12-31,ARV,Adult,SCMS from RDC,"Tenofovir Disoproxil Fumarate 300mg, tablets, 30 Tabs",Tenofovir Disoproxil Fumarate,Generic,300mg,Tablet,30,189,691.74,3.66,0.12,Hetero Unit III Hyderabad IN,True,15.0,925.6,0.71
7004,82762,105-GY-T30,FPQ-15217,SO-50030,DN-4056,Guyana,PMO - US,From RDC,N/A - From RDC,Air,2014-10-22,2014-07-30,2015-01-30,2015-01-06,2015-01-29,ARV,Adult,SCMS from RDC,"Abacavir 300mg, tablets, 60 Tabs",Abacavir,Generic,300mg,Tablet,60,62,687.58,11.09,0.18,Mylan (formerly Matrix) Nashik,True,6.0,865.15,0.81
7005,82763,105-GY-T30,FPQ-15217,SO-50040,DN-4057,Guyana,PMO - US,From RDC,N/A - From RDC,Air,2014-10-22,2014-09-30,2015-03-31,2015-01-06,2015-01-29,ARV,Adult,SCMS from RDC,"Lopinavir/Ritonavir 200/50mg [Aluvia], tablets, 120 Tabs",Lopinavir/Ritonavir,Aluvia,200/50mg,Tablet,120,1184,22377.6,18.9,0.16,ABBVIE Ludwigshafen Germany,True,251.0,3247.35,26.34
7006,82765,104-CI-T30,FPQ-14370,SO-49052,DN-4064,Côte d'Ivoire,PMO - US,From RDC,N/A - From RDC,Truck,2014-05-23,2014-08-16,2015-02-16,2015-01-19,2015-01-27,ARV,Adult,SCMS from RDC,"Efavirenz 600mg, tablets, 30 Tabs",Efavirenz,Generic,600mg,Tablet,30,10000,31200.0,3.12,0.1,"Cipla, Goa, India",True,24636.0,46181.17,32.07
7007,82766,104-CI-T30,FPQ-14370,SO-49052,DN-4064,Côte d'Ivoire,PMO - US,From RDC,N/A - From RDC,Truck,2014-05-23,2014-08-16,2015-02-16,2015-01-19,2015-01-27,ARV,Adult,SCMS from RDC,"Efavirenz 600mg, tablets, 30 Tabs",Efavirenz,Generic,600mg,Tablet,30,20004,62412.48,3.12,0.1,"Micro labs, Verna, Goa, India",False,668.5,6757.815,64.16
7008,82772,107-RW-T30,FPQ-14811,SO-49950,DN-4085,Rwanda,PMO - US,From RDC,N/A - From RDC,Truck,2014-10-15,2014-07-30,2015-01-30,2015-02-09,2015-02-20,ARV,Pediatric,SCMS from RDC,"Efavirenz 200mg, scored tablets, 90 Tabs",Efavirenz,Generic,200mg,Tablet,90,868,8072.4,9.3,0.1,"Strides, Bangalore, India.",True,173.0,2124.48,8.3
7009,82773,114-UG-T30,FPQ-14396,SO-48994,DN-4101,Uganda,PMO - US,From RDC,N/A - From RDC,Truck,2014-06-04,2014-08-27,2015-02-27,2015-02-25,2015-03-05,ARV,Adult,SCMS from RDC,"Lamivudine/Tenofovir Disoproxil Fumarate 300/300mg, tablets, 30 Tabs",Lamivudine/Tenofovir Disoproxil Fumarate,Generic,300/300mg,Tablet - FDC,30,19086,88368.18,4.63,0.15,"Cipla, Kurkumbh, India",True,2389.0,10011.25,90.84
7010,82774,111-MZ-T30,FPQ-13575,SO-47706,DN-4108,Mozambique,PMO - US,From RDC,N/A - From RDC,Truck,2014-01-17,2014-08-27,2015-02-27,2015-03-30,2015-03-30,ARV,Adult,SCMS from RDC,"Lamivudine/Zidovudine 150/300mg, tablets, 60 Tabs",Lamivudine/Zidovudine,Generic,150/300mg,Tablet - FDC,60,17246,116065.58,6.73,0.11,Hetero Unit III Hyderabad IN,True,1519.0,1932.67,119.32
7011,82779,103-ZW-T30,FPQ-13967,SO-48440,DN-4157,Zimbabwe,PMO - US,From RDC,N/A - From RDC,Truck,2014-04-02,2014-09-07,2015-03-07,2015-03-17,2015-03-18,ARV,Pediatric,SCMS from RDC,"Lamivudine/Nevirapine/Zidovudine 30/50/60mg, dispersible tablets, 60 Tabs",Lamivudine/Nevirapine/Zidovudine,Generic,30/50/60mg,Chewable/dispersible tablet - FDC,60,57804,208094.4,3.6,0.06,"Cipla, Goa, India",True,15222.0,18513.23,213.92
7012,82781,102-BI-T30,FPQ-15406,SO-50270,DN-4144,Burundi,PMO - US,From RDC,N/A - From RDC,Air,2014-11-19,2014-08-27,2015-02-27,2015-02-28,2015-03-05,ARV,Adult,SCMS from RDC,"Lamivudine/Tenofovir Disoproxil Fumarate 300/300mg, tablets, 30 Tabs",Lamivudine/Tenofovir Disoproxil Fumarate,Generic,300/300mg,Tablet - FDC,30,912,4213.44,4.62,0.15,"Cipla, Kurkumbh, India",True,1744.0,10363.49,4.96
7013,82782,107-RW-T30,FPQ-14111,SO-48810,DN-4149,Rwanda,PMO - US,From RDC,N/A - From RDC,Truck,2014-04-22,2014-09-30,2015-03-31,2015-03-24,2015-03-24,ARV,Adult,SCMS from RDC,"Lamivudine/Tenofovir Disoproxil Fumarate 300/300mg, tablets, 30 Tabs",Lamivudine/Tenofovir Disoproxil Fumarate,Generic,300/300mg,Tablet - FDC,30,21868,100374.12,4.59,0.15,Ranbaxy per Shasun Pharma,True,4326.0,9426.33,103.18
7014,82783,107-RW-T30,FPQ-14811,SO-49940,DN-4162,Rwanda,PMO - US,From RDC,N/A - From RDC,Truck,2014-10-15,2014-09-30,2015-03-31,2015-03-24,2015-03-24,ARV,Adult,SCMS from RDC,"Efavirenz/Lamivudine/Tenofovir Disoproxil Fumarate 600/300/300mg, tablets, 30 Tabs",Efavirenz/Lamivudine/Tenofovir Disoproxil Fumarate,Generic,600/300/300mg,Tablet - FDC,30,5148,49420.8,9.6,0.32,"Aurobindo Unit VII, IN",True,12079.0,16971.93,50.8
7015,82784,107-RW-T30,FPQ-14811,SO-49940,DN-4162,Rwanda,PMO - US,From RDC,N/A - From RDC,Truck,2014-10-15,2014-09-30,2015-03-31,2015-03-24,2015-03-24,ARV,Adult,SCMS from RDC,"Efavirenz/Lamivudine/Tenofovir Disoproxil Fumarate 600/300/300mg, tablets, 30 Tabs",Efavirenz/Lamivudine/Tenofovir Disoproxil Fumarate,Generic,600/300/300mg,Tablet - FDC,30,81557,782947.2,9.6,0.32,Mylan (formerly Matrix) Nashik,False,668.5,7173.3,804.87
7016,82785,151-NG-T30,FPQ-14766,SO-49685,DN-4172,Nigeria,PMO - US,From RDC,N/A - From RDC,Air Charter,2014-08-13,2014-08-28,2015-02-28,2015-03-10,2015-03-17,ARV,Adult,SCMS from RDC,"Lamivudine/Nevirapine/Zidovudine 150/200/300mg, tablets, 60 Tabs",Lamivudine/Nevirapine/Zidovudine,Generic,150/300/200mg,Tablet - FDC,60,350505,2705898.6,7.72,0.13,"Cipla, Goa, India",True,72975.0,129843.24,2781.66
7017,82786,151-NG-T30,FPQ-14766,SO-49685,DN-4172,Nigeria,PMO - US,From RDC,N/A - From RDC,Air Charter,2014-08-13,2014-08-28,2015-02-28,2015-03-10,2015-03-17,ARV,Adult,SCMS from RDC,"Lamivudine/Nevirapine/Zidovudine 150/200/300mg, tablets, 60 Tabs",Lamivudine/Nevirapine/Zidovudine,Generic,150/300/200mg,Tablet - FDC,60,59014,455588.08,7.72,0.13,Hetero Unit III Hyderabad IN,False,668.5,12601.07,468.34
7018,82787,104-CI-T30,FPQ-14370,SO-49030,DN-4175,Côte d'Ivoire,PMO - US,From RDC,N/A - From RDC,Truck,2014-05-23,2014-09-27,2015-03-27,2015-03-26,2015-03-30,ARV,Pediatric,SCMS from RDC,"Lamivudine/Nevirapine/Zidovudine 30/50/60mg, dispersible tablets, 60 Tabs",Lamivudine/Nevirapine/Zidovudine,Generic,30/50/60mg,Chewable/dispersible tablet - FDC,60,16500,59400.0,3.6,0.06,Mylan (formerly Matrix) Nashik,True,904.0,5012.88,61.06
7019,82788,900-TG-T30,FPQ-15916,SO-51080,DN-4184,Togo,PMO - US,From RDC,N/A - From RDC,Air,2015-02-18,2014-09-30,2015-03-31,2015-03-23,2015-03-30,ARV,Adult,SCMS from RDC,"Lopinavir/Ritonavir 200/50mg, tablets, 120 Tabs",Lopinavir/Ritonavir,Generic,200/50mg,Tablet,120,6364,123207.04,19.36,0.16,"Aurobindo Unit III, India",True,1591.0,8834.07,145.01
7020,82790,104-CI-T30,FPQ-14370,SO-49072,DN-4212,Côte d'Ivoire,PMO - US,From RDC,N/A - From RDC,Truck,2014-05-23,2014-11-29,2015-05-29,2015-04-29,2015-04-29,ARV,Adult,SCMS from RDC,"Abacavir/Lamivudine 600/300mg, tablets, 30 Tabs",Abacavir/Lamivudine,Generic,600/300mg,Tablet - FDC,30,1134,14912.1,13.15,0.44,Mylan (formerly Matrix) Nashik,True,121.0,1076.5,15.33
7021,82791,107-RW-T30,FPQ-15622,SO-50710,DN-4213,Rwanda,PMO - US,From RDC,N/A - From RDC,Truck,2014-12-22,2014-10-30,2015-04-30,2015-05-19,2015-05-25,ARV,Adult,SCMS from RDC,"Abacavir/Lamivudine 600/300mg, tablets, 30 Tabs",Abacavir/Lamivudine,Generic,600/300mg,Tablet - FDC,30,50867,668901.05,13.15,0.44,Mylan (formerly Matrix) Nashik,True,4749.0,0.0,787.3
7022,82792,114-UG-T30,FPQ-15294,SO-50080,DN-4216,Uganda,PMO - US,From RDC,N/A - From RDC,Truck,2014-11-03,2014-10-30,2015-04-30,2015-04-22,2015-04-24,ARV,Pediatric,SCMS from RDC,"Lamivudine/Zidovudine 30/60mg, dispersible tablets, 60 Tabs",Lamivudine/Zidovudine,Generic,30/60mg,Chewable/dispersible tablet - FDC,60,6000,11520.0,1.92,0.03,"Mylan,  H-12 & H-13, India",True,11732.0,0.0,13.56
7023,82794,103-ZW-T30,FPQ-13967,SO-50960,DN-4224,Zimbabwe,PMO - US,From RDC,N/A - From RDC,Truck,2014-04-02,2014-10-30,2015-04-30,2015-04-10,2015-04-14,ARV,Pediatric,SCMS from RDC,"Abacavir/Lamivudine 60/30mg, tablets, 60 Tabs",Abacavir/Lamivudine,Generic,60/30mg,Tablet - FDC,60,6634,26204.3,3.95,0.07,Mylan (formerly Matrix) Nashik,True,6368.0,225.79,26.94
7024,82795,151-NG-T30,FPQ-14766,SO-49687,DN-4227,Nigeria,PMO - US,From RDC,N/A - From RDC,Air Charter,2014-08-13,2014-10-30,2015-04-30,2015-04-15,2015-04-20,ARV,Adult,SCMS from RDC,"Zidovudine 300mg, tablets, 60 Tabs",Zidovudine,Generic,300mg,Tablet,60,21347,113779.51,5.33,0.09,"Cipla, Goa, India",True,1554.0,3583.0,116.97
7025,82799,110-ZM-T30,FPQ-14784,SO-49601,DN-4250,Zambia,PMO - US,From RDC,N/A - From RDC,Truck,2014-08-12,2014-11-29,2015-05-29,2015-05-15,2015-05-15,ARV,Pediatric,SCMS from RDC,"Abacavir/Lamivudine 60/30mg, tablets, 60 Tabs",Abacavir/Lamivudine,Generic,60/30mg,Tablet - FDC,60,33308,131566.6,3.95,0.07,Mylan (formerly Matrix) Nashik,True,2803.0,4040.64,135.25
7026,82800,110-ZM-T30,FPQ-14784,SO-49570,DN-4251,Zambia,PMO - US,From RDC,N/A - From RDC,Truck,2014-08-12,2014-12-15,2015-06-15,2015-05-15,2015-05-15,ARV,Adult,SCMS from RDC,"Lamivudine 150mg, tablets, 60 Tabs",Lamivudine,Generic,150mg,Tablet,60,68000,118320.0,1.74,0.03,Hetero Unit III Hyderabad IN,True,6221.0,9341.81,121.63
7027,82801,104-CI-T30,FPQ-15259,SO-50110,DN-4254,Côte d'Ivoire,PMO - US,From RDC,N/A - From RDC,Truck,2014-10-24,2014-11-29,2015-05-29,2015-06-08,2015-06-19,ARV,Adult,SCMS from RDC,"Lamivudine/Nevirapine/Zidovudine 150/200/300mg, tablets, 60 Tabs",Lamivudine/Nevirapine/Zidovudine,Generic,150/300/200mg,Tablet - FDC,60,145000,1119400.0,7.72,0.13,"Strides, Bangalore, India.",True,16614.0,24788.37,1317.53
7028,82802,110-ZM-T30,FPQ-14575,SO-49284,DN-4256,Zambia,PMO - US,From RDC,N/A - From RDC,Truck,2014-07-11,2014-11-29,2015-05-29,2015-05-15,2015-05-15,ARV,Adult,SCMS from RDC,"Nevirapine 200mg, tablets, 60 Tabs",Nevirapine,Generic,200mg,Tablet,60,3926,8558.68,2.18,0.04,"Cipla, Goa, India",True,477.0,535.52,8.8
7029,82803,151-NG-T30,FPQ-14156,SO-48900,DN-4258,Nigeria,PMO - US,From RDC,N/A - From RDC,Air Charter,2014-04-25,2014-11-29,2015-05-29,2015-05-13,2015-05-21,ARV,Adult,SCMS from RDC,"Lamivudine/Tenofovir Disoproxil Fumarate 300/300mg, tablets, 30 Tabs",Lamivudine/Tenofovir Disoproxil Fumarate,Generic,300/300mg,Tablet - FDC,30,43272,198618.48,4.59,0.15,Hetero Unit III Hyderabad IN,True,4285.0,34216.25,204.18
7030,82804,104-CI-T30,FPQ-14370,SO-49090,DN-4177,Côte d'Ivoire,PMO - US,From RDC,N/A - From RDC,Truck,2014-05-23,2014-11-29,2015-05-29,2015-05-29,2015-06-18,ARV,Adult,SCMS from RDC,"Lamivudine/Nevirapine/Zidovudine 150/200/300mg, tablets, 60 Tabs",Lamivudine/Nevirapine/Zidovudine,Generic,150/300/200mg,Tablet - FDC,60,90000,694800.0,7.72,0.13,Hetero Unit III Hyderabad IN,True,17769.0,36897.57,714.25
7031,82805,101-CD-T30,FPQ-16158,SO-51280,DN-4284,"Congo, DRC",PMO - US,From RDC,N/A - From RDC,Air,2015-03-31,2015-02-17,2015-08-17,2015-08-07,2015-08-11,ARV,Adult,SCMS from RDC,"Lamivudine/Zidovudine 150/300mg, tablets, 60 Tabs",Lamivudine/Zidovudine,Generic,150/300mg,Tablet - FDC,60,11700,76284.0,6.52,0.11,Hetero Unit III Hyderabad IN,True,668.5,2346.5699999999997,89.79
7032,82806,101-CD-T30,FPQ-16158,SO-51270,DN-4285,"Congo, DRC",PMO - US,From RDC,N/A - From RDC,Air,2015-03-31,2015-01-08,2015-07-08,2015-07-30,2015-07-30,ARV,Adult,SCMS from RDC,"Lopinavir/Ritonavir 200/50mg, tablets, 120 Tabs",Lopinavir/Ritonavir,Generic,200/50mg,Tablet,120,2710,52465.6,19.36,0.16,"Aurobindo Unit III, India",True,731.0,9041.74,61.75
7033,82808,105-GY-T30,FPQ-15680,SO-51040,DN-4294,Guyana,PMO - US,From RDC,N/A - From RDC,Air,2015-01-02,2014-12-30,2015-06-30,2015-06-26,2015-07-03,ARV,Adult,SCMS from RDC,"Lopinavir/Ritonavir 200/50mg, tablets, 120 Tabs",Lopinavir/Ritonavir,Generic,200/50mg,Tablet,120,1746,33802.56,19.36,0.16,Hetero Unit III Hyderabad IN,True,473.0,5769.34,39.79
7034,82809,114-UG-T30,FPQ-15294,SO-50052,DN-4309,Uganda,PMO - US,From RDC,N/A - From RDC,Truck,2014-11-03,2015-01-31,2015-07-31,2015-07-23,2015-07-23,ARV,Adult,SCMS from RDC,"Nevirapine 200mg, tablets, 60 Tabs",Nevirapine,Generic,200mg,Tablet,60,9566,20853.88,2.18,0.04,Hetero Unit III Hyderabad IN,True,668.5,5458.45,24.55
7035,82810,114-UG-T30,FPQ-15294,SO-50052,DN-4309,Uganda,PMO - US,From RDC,N/A - From RDC,Truck,2014-11-03,2015-01-31,2015-07-31,2015-07-23,2015-07-23,ARV,Adult,SCMS from RDC,"Lopinavir/Ritonavir 200/50mg [Aluvia], tablets, 120 Tabs",Lopinavir/Ritonavir,Aluvia,200/50mg,Tablet,120,27048,504174.72,18.64,0.16,ABBVIE Ludwigshafen Germany,False,668.5,5458.45,593.41
7036,82811,114-UG-T30,FPQ-15639,SO-50660,DN-4310,Uganda,PMO - US,From RDC,N/A - From RDC,Truck,2014-12-22,2015-01-31,2015-07-31,2015-07-23,2015-07-23,ARV,Adult,SCMS from RDC,"Lamivudine/Zidovudine 150/300mg, tablets, 60 Tabs",Lamivudine/Zidovudine,Generic,150/300mg,Tablet - FDC,60,88327,575892.04,6.52,0.11,Hetero Unit III Hyderabad IN,True,668.5,5458.45,677.82
7037,82812,104-CI-T30,FPQ-15259,SO-50111,DN-4314,Côte d'Ivoire,PMO - US,From RDC,N/A - From RDC,Truck,2014-10-24,2015-01-31,2015-07-31,2015-08-06,2015-08-07,ARV,Adult,SCMS from RDC,"Lopinavir/Ritonavir 200/50mg, tablets, 120 Tabs",Lopinavir/Ritonavir,Generic,200/50mg,Tablet,120,10000,196600.0,19.66,0.16,Hetero Unit III Hyderabad IN,True,7041.0,28406.4,231.4
7038,82813,110-ZM-T30,FPQ-14784,SO-49620,DN-4315,Zambia,PMO - US,From RDC,N/A - From RDC,Truck,2014-08-12,2015-02-15,2015-08-15,2015-08-25,2015-09-03,ARV,Adult,SCMS from RDC,"Efavirenz/Lamivudine/Tenofovir Disoproxil Fumarate 600/300/300mg, tablets, 30 Tabs",Efavirenz/Lamivudine/Tenofovir Disoproxil Fumarate,Generic,600/300/300mg,Tablet - FDC,30,148665,1485163.35,9.99,0.33,"Aurobindo Unit VII, IN",True,37686.0,0.0,1526.75
7039,82815,114-UG-T30,FPQ-15294,SO-50055,DN-4325,Uganda,PMO - US,From RDC,N/A - From RDC,Truck,2014-11-03,2015-02-14,2015-08-14,2015-08-08,2015-08-10,ARV,Adult,SCMS from RDC,"Abacavir/Lamivudine 600/300mg, tablets, 30 Tabs",Abacavir/Lamivudine,Generic,600/300mg,Tablet - FDC,30,6324,82907.64,13.11,0.44,Mylan (formerly Matrix) Nashik,True,668.5,5458.45,97.58
7040,82819,151-NG-T30,FPQ-16541,SO-51800,DN-4344,Nigeria,PMO - US,From RDC,N/A - From RDC,Air,2015-07-07,2015-06-30,2015-12-31,2015-08-28,2015-09-02,ARV,Adult,SCMS from RDC,"Zidovudine 300mg, tablets, 60 Tabs",Zidovudine,Generic,300mg,Tablet,60,5721,30492.93,5.33,0.09,"Aurobindo Unit III, India",True,1232.0,10144.765,35.89
7041,82820,107-RW-T30,FPQ-16571,SO-51740,DN-4345,Rwanda,PMO - US,From RDC,N/A - From RDC,Air,2015-07-07,2015-03-08,2015-09-08,2015-08-26,2015-09-02,ARV,Pediatric,SCMS from RDC,"Lamivudine/Nevirapine/Zidovudine 30/50/60mg, dispersible tablets, 60 Tabs",Lamivudine/Nevirapine/Zidovudine,Generic,30/50/60mg,Chewable/dispersible tablet - FDC,60,2592,9201.6,3.55,0.06,"Mylan,  H-12 & H-13, India",True,668.5,5865.805,10.83
7042,82838,154-NG-T30,FPQ-3815,SO-32270,DN-1311,Nigeria,PMO - US,From RDC,N/A - From RDC,Air Charter,2009-05-26,2009-01-30,2009-07-30,2009-08-04,2009-08-04,ARV,Pediatric,SCMS from RDC,"Nevirapine 10mg/ml, oral suspension, Bottle, 240 ml",Nevirapine,Generic,10mg/ml,Oral suspension,240,36,69.12,1.92,0.01,"Aurobindo Unit III, India",False,22.0,12601.07,0.14
7043,82839,154-NG-T30,FPQ-3815,SO-32273,DN-1333,Nigeria,PMO - US,From RDC,N/A - From RDC,Air,2009-05-26,2009-03-17,2009-09-17,2009-09-14,2009-09-14,ARV,Adult,SCMS from RDC,"Lamivudine/Nevirapine/Stavudine 150/200/30mg, tablets, 60 Tabs",Lamivudine/Nevirapine/Stavudine,Generic,150/200/30mg,Tablet - FDC,60,50,350.0,7.0,0.12,"Strides, Bangalore, India.",True,35.0,1567.51,0.69
7044,82840,104-CI-T30,FPQ-4187,SO-33550,DN-1475,Côte d'Ivoire,PMO - US,From RDC,N/A - From RDC,Air,2009-09-09,2009-04-22,2009-10-22,2009-10-16,2009-10-16,ARV,Pediatric,SCMS from RDC,"Zidovudine 10mg/ml, oral solution, Bottle, 240 ml",Zidovudine,Generic,10mg/ml,Oral solution,240,2000,4200.0,2.1,0.01,"Aurobindo Unit III, India",True,749.0,2336.27,8.23
7045,82841,104-CI-T30,FPQ-4187,SO-33520,DN-1474,Côte d'Ivoire,PMO - US,From RDC,N/A - From RDC,Air,2009-09-09,2009-04-23,2009-10-23,2009-10-23,2009-10-23,ARV,Pediatric,SCMS from RDC,"Abacavir 20mg/ml, oral solution, Bottle, 240 ml",Abacavir,Generic,20mg/ml,Oral solution,240,616,9018.24,14.64,0.06,"Aurobindo Unit III, India",False,157.0,4063.81,17.68
7046,82842,106-HT-T30,FPQ-4277,SO-33730,DN-1479,Haiti,PMO - US,From RDC,N/A - From RDC,Air,2009-09-22,2009-05-18,2009-11-18,2009-10-18,2009-10-18,ARV,Pediatric,SCMS from RDC,"Abacavir 20mg/ml, oral solution, Bottle, 240 ml",Abacavir,Generic,20mg/ml,Oral solution,240,96,1405.44,14.64,0.06,"Aurobindo Unit III, India",True,54.0,1576.32,2.75
7047,82843,104-CI-T30,FPQ-4187,SO-33540,DN-1509,Côte d'Ivoire,PMO - US,From RDC,N/A - From RDC,Air,2009-09-09,2009-05-27,2009-11-27,2009-11-13,2009-11-13,ARV,Pediatric,SCMS from RDC,"Zidovudine 10mg/ml, oral solution, Bottle, 240 ml",Zidovudine,Generic,10mg/ml,Oral solution,240,1758,3691.8,2.1,0.01,"Aurobindo Unit III, India",True,604.0,7100.04,7.24
7048,82844,104-CI-T30,FPQ-4187,SO-33530,DN-1508,Côte d'Ivoire,PMO - US,From RDC,N/A - From RDC,Air,2009-09-09,2009-05-26,2009-11-26,2009-11-05,2009-11-05,ARV,Adult,SCMS from RDC,"Nevirapine 200mg, tablets, 60 Tabs",Nevirapine,Generic,200mg,Tablet,60,6050,17545.0,2.9,0.05,"Aurobindo Unit III, India",True,442.0,5028.04,34.39
7049,82845,114-UG-T30,FPQ-4275,SO-33860,DN-1522,Uganda,PMO - US,From RDC,N/A - From RDC,Air,2009-09-17,2009-06-03,2009-12-03,2009-11-30,2009-11-30,ARV,Adult,SCMS from RDC,"Lamivudine/Nevirapine/Zidovudine 150/200/300mg, tablets, 60 Tabs",Lamivudine/Nevirapine/Zidovudine,Generic,150/300/200mg,Tablet - FDC,60,15584,174852.48,11.22,0.19,"Aurobindo Unit III, India",True,6843.0,15170.33,342.71
7050,82846,114-UG-T30,FPQ-4454,SO-34270,DN-1541,Uganda,PMO - US,From RDC,N/A - From RDC,Air,2009-09-25,2009-06-07,2009-12-07,2009-11-30,2009-11-30,ARV,Adult,SCMS from RDC,"Efavirenz 600mg, tablets, 30 Tabs",Efavirenz,Generic,600mg,Tablet,30,4700,27166.0,5.78,0.19,"Aurobindo Unit III, India",True,680.0,3335.33,53.25
7051,82847,104-CI-T30,FPQ-4187,SO-34730,DN-1542,Côte d'Ivoire,PMO - US,From RDC,N/A - From RDC,Air,2009-09-09,2009-05-26,2009-11-26,2009-12-02,2009-12-02,ARV,Adult,SCMS from RDC,"Nevirapine 200mg, tablets, 60 Tabs",Nevirapine,Generic,200mg,Tablet,60,1437,4167.3,2.9,0.05,"Aurobindo Unit III, India",True,138.0,1211.48,8.17
7052,82848,123-NG-T30,FPQ-4014,SO-32970,DN-1560,Nigeria,PMO - US,From RDC,N/A - From RDC,Air Charter,2009-07-27,2009-06-18,2009-12-18,2009-12-18,2009-12-18,ARV,Adult,SCMS from RDC,"Lamivudine/Zidovudine 150/300mg, tablets, 60 Tabs",Lamivudine/Zidovudine,Generic,150/300mg,Tablet - FDC,60,42751,374498.76,8.76,0.15,Mylan (formerly Matrix) Nashik,True,3409.0,11637.64,734.02
7053,82849,106-HT-T30,FPQ-4384,SO-34670,DN-1559,Haiti,PMO - US,From RDC,N/A - From RDC,Air,2009-10-23,2009-06-09,2009-12-09,2009-12-01,2009-12-01,ARV,Adult,SCMS from RDC,"Abacavir 300mg, tablets, 60 Tabs",Abacavir,Generic,300mg,Tablet,60,225,4819.5,21.42,0.36,Mylan (formerly Matrix) Nashik,True,306.0,4030.02,10.39
7054,82850,110-ZM-T30,FPQ-4029,SO-34620,DN-1566,Zambia,PMO - US,From RDC,N/A - From RDC,Truck,2009-08-05,2009-07-15,2010-01-15,2009-11-26,2009-11-26,ARV,Adult,SCMS from RDC,"Lamivudine 150mg, tablets, 60 Tabs",Lamivudine,Generic,150mg,Tablet,60,21,51.24,2.44,0.04,"Aurobindo Unit III, India",True,1.0,792.62,0.1
7055,82851,104-CI-T30,FPQ-4187,SO-33510,DN-1585,Côte d'Ivoire,PMO - US,From RDC,N/A - From RDC,Air,2009-09-09,2009-06-30,2009-12-30,2010-01-05,2010-01-05,ARV,Adult,SCMS from RDC,"Zidovudine 300mg, tablets, 60 Tabs",Zidovudine,Generic,300mg,Tablet,60,9780,73643.4,7.53,0.13,"Aurobindo Unit III, India",True,550.0,2794.67,144.34
7056,82854,104-CI-T30,FPQ-4378,SO-34440,DN-1621,Côte d'Ivoire,PMO - US,From RDC,N/A - From RDC,Air,2009-10-15,2009-08-08,2010-02-08,2010-01-23,2010-01-23,ARV,Pediatric,SCMS from RDC,"Abacavir 20mg/ml, oral solution, Bottle, 240 ml",Abacavir,Generic,20mg/ml,Oral solution,240,400,5856.0,14.64,0.06,"Aurobindo Unit III, India",True,146.0,5254.09,11.48
7057,82855,104-CI-T30,FPQ-4378,SO-34400,DN-1623,Côte d'Ivoire,PMO - US,From RDC,N/A - From RDC,Air,2009-10-15,2009-08-09,2010-02-09,2010-02-02,2010-02-02,ARV,Adult,SCMS from RDC,"Lamivudine/Zidovudine 150/300mg, tablets, 60 Tabs",Lamivudine/Zidovudine,Generic,150/300mg,Tablet - FDC,60,30000,262800.0,8.76,0.15,"Aurobindo Unit III, India",True,2715.0,7403.18,515.09
7058,82856,102-SD-T30,FPQ-3812,SO-34550,DN-1624,Sudan,PMO - US,From RDC,N/A - From RDC,Air,2009-06-03,2009-05-30,2009-11-30,2009-11-22,2009-11-22,HRDT,HIV test,SCMS from RDC,"HIV 1/2, Uni-Gold HIV Kit, 20 Tests","HIV 1/2, Uni-Gold HIV Kit",Uni-Gold,no_dosage,Test kit,20,1250,40000.0,32.0,1.6,"Trinity Biotech, Plc",True,394.0,1193.15,78.4
7059,82857,104-CI-T30,FPQ-3964,SO-33171,DN-1629,Côte d'Ivoire,PMO - US,From RDC,N/A - From RDC,Air,2009-07-24,2009-08-11,2010-02-11,2010-02-02,2010-02-02,ARV,Pediatric,SCMS from RDC,"Didanosine 200mg, chewable/dispersible tablets, 60 Tabs",Didanosine,Generic,200mg,Chewable/dispersible tablet,60,23,356.5,15.5,0.26,"Aurobindo Unit III, India",True,379.0,1945.66,0.7
7060,82858,104-CI-T30,FPQ-4378,SO-35790,DN-1646,Côte d'Ivoire,PMO - US,From RDC,N/A - From RDC,Air,2009-10-15,2009-10-06,2010-04-06,2010-02-24,2010-02-24,ARV,Adult,SCMS from RDC,"Nevirapine 200mg, tablets, 60 Tabs",Nevirapine,Generic,200mg,Tablet,60,1681,4589.13,2.73,0.05,"Aurobindo Unit III, India",True,164.0,2976.56,8.99
7061,82859,113-ZW-T30,FPQ-4694,SO-35390,DN-1659,Zimbabwe,PMO - US,From RDC,N/A - From RDC,Truck,2009-12-08,2009-09-30,2010-03-31,2010-03-12,2010-03-12,ARV,Adult,SCMS from RDC,"Zidovudine 300mg, tablets, 60 Tabs",Zidovudine,Generic,300mg,Tablet,60,5880,44276.4,7.53,0.13,Hetero Unit III Hyderabad IN,True,679.0,3302.14,95.46
7062,82860,113-ZW-T30,FPQ-4694,SO-35390,DN-1659,Zimbabwe,PMO - US,From RDC,N/A - From RDC,Truck,2009-12-08,2009-09-30,2010-03-31,2010-03-12,2010-03-12,ARV,Adult,SCMS from RDC,"Lamivudine/Zidovudine 150/300mg, tablets, 60 Tabs",Lamivudine/Zidovudine,Generic,150/300mg,Tablet - FDC,60,560,4905.6,8.76,0.15,"Aurobindo Unit III, India",False,75.0,6721.705,10.58
7063,82861,106-HT-T30,FPQ-4384,SO-35920,DN-1667,Haiti,PMO - US,From RDC,N/A - From RDC,Air,2009-10-23,2009-09-10,2010-03-10,2010-03-03,2010-03-03,ARV,Pediatric,SCMS from RDC,"Abacavir 20mg/ml, oral solution, Bottle, 240 ml",Abacavir,Generic,20mg/ml,Oral solution,240,224,3046.4,13.6,0.06,"Aurobindo Unit III, India",True,746.0,6036.96,6.57
7064,82862,104-CI-T30,FPQ-4378,SO-34451,DN-1670,Côte d'Ivoire,PMO - US,From RDC,N/A - From RDC,Air,2009-10-15,2009-09-16,2010-03-16,2010-03-10,2010-03-10,ARV,Pediatric,SCMS from RDC,"Didanosine 200mg, chewable/dispersible tablets, 60 Tabs",Didanosine,Generic,200mg,Chewable/dispersible tablet,60,1485,23017.5,15.5,0.26,"Aurobindo Unit III, India",True,914.0,4519.97,45.11
7065,82863,104-CI-T30,FPQ-4378,SO-34412,DN-1671,Côte d'Ivoire,PMO - US,From RDC,N/A - From RDC,Air,2009-10-15,2009-09-09,2010-03-09,2010-03-10,2010-03-10,ARV,Adult,SCMS from RDC,"Lamivudine 150mg, tablets, 60 Tabs",Lamivudine,Generic,150mg,Tablet,60,8010,19544.4,2.44,0.04,"Aurobindo Unit III, India",True,5350.0,4519.97,38.31
7066,82864,117-ET-T30,FPQ-4828,SO-35460,DN-1674,Ethiopia,PMO - US,From RDC,N/A - From RDC,Air,2009-12-28,2009-09-03,2010-03-03,2010-03-05,2010-03-05,ARV,Adult,SCMS from RDC,"Lamivudine/Zidovudine 150/300mg, tablets, 60 Tabs",Lamivudine/Zidovudine,Generic,150/300mg,Tablet - FDC,60,20000,175200.0,8.76,0.15,"Aurobindo Unit III, India",True,1804.0,6321.99,377.73
7067,82865,114-UG-T30,FPQ-5014,SO-35880,DN-1678,Uganda,PMO - US,From RDC,N/A - From RDC,Air,2010-01-29,2009-10-01,2010-04-01,2010-03-15,2010-03-15,ARV,Adult,SCMS from RDC,"Lamivudine/Stavudine 150/30mg, tablets, 60 Tabs",Lamivudine/Stavudine,Generic,150/30mg,Tablet - FDC,60,120,408.0,3.4,0.06,"Strides, Bangalore, India.",True,6.0,484.56,0.88
7068,82866,151-NG-T30,FPQ-4537,SO-34911,DN-1710,Nigeria,PMO - US,From RDC,N/A - From RDC,Air Charter,2009-11-06,2009-10-19,2010-04-19,2010-03-31,2010-03-31,ARV,Adult,SCMS from RDC,"Efavirenz 600mg, tablets, 30 Tabs",Efavirenz,Generic,600mg,Tablet,30,139303,714624.39,5.13,0.17,"Aurobindo Unit III, India",True,11982.0,0.0,1540.73
7069,82867,151-NG-T30,FPQ-4537,SO-35043,DN-1714,Nigeria,PMO - US,From RDC,N/A - From RDC,Air Charter,2009-11-06,2009-10-19,2010-04-19,2010-03-31,2010-03-31,ARV,Adult,SCMS from RDC,"Lamivudine/Nevirapine/Stavudine 150/200/30mg, tablets, 60 Tabs",Lamivudine/Nevirapine/Stavudine,Generic,150/200/30mg,Tablet - FDC,60,124,757.64,6.11,0.1,"Strides, Bangalore, India.",True,9.0,0.0,1.63
7070,82868,151-NG-T30,FPQ-4537,SO-35058,DN-1718,Nigeria,PMO - US,From RDC,N/A - From RDC,Air Charter,2009-11-06,2009-10-19,2010-04-19,2010-03-31,2010-03-31,ARV,Adult,SCMS from RDC,"Lamivudine/Zidovudine 150/300mg, tablets, 60 Tabs",Lamivudine/Zidovudine,Generic,150/300mg,Tablet - FDC,60,710,6219.6,8.76,0.15,"Aurobindo Unit III, India",True,62.0,0.0,13.41
7071,82869,114-UG-T30,FPQ-4497,SO-34870,DN-1733,Uganda,PMO - US,From RDC,N/A - From RDC,Air,2009-10-28,2009-09-30,2010-03-31,2010-03-19,2010-03-19,ARV,Adult,SCMS from RDC,"Efavirenz 600mg, tablets, 30 Tabs",Efavirenz,Generic,600mg,Tablet,30,1000,5130.0,5.13,0.17,"Aurobindo Unit III, India",True,95.0,3549.77,11.06
7072,82870,151-NG-T30,FPQ-4537,SO-35121,DN-1742,Nigeria,PMO - US,From RDC,N/A - From RDC,Air Charter,2009-11-06,2009-09-30,2010-03-31,2010-03-31,2010-03-31,ARV,Adult,SCMS from RDC,"Lamivudine/Stavudine 150/30mg, tablets, 60 Tabs",Lamivudine/Stavudine,Generic,150/30mg,Tablet - FDC,60,466,1584.4,3.4,0.06,"Strides, Bangalore, India.",True,24.0,0.0,3.42
7073,82871,151-NG-T30,FPQ-4537,SO-35095,DN-1745,Nigeria,PMO - US,From RDC,N/A - From RDC,Air Charter,2009-11-06,2009-10-19,2010-04-19,2010-03-30,2010-03-30,ARV,Adult,SCMS from RDC,"Zidovudine 300mg, tablets, 60 Tabs",Zidovudine,Generic,300mg,Tablet,60,50,375.0,7.5,0.12,Mylan (formerly Matrix) Nashik,True,3.0,0.0,0.81
7074,82872,151-NG-T30,FPQ-4537,SO-35092,DN-1695,Nigeria,PMO - US,From RDC,N/A - From RDC,Air Charter,2009-11-06,2009-10-19,2010-04-19,2010-03-31,2010-03-31,ARV,Adult,SCMS from RDC,"Zidovudine 300mg, tablets, 60 Tabs",Zidovudine,Generic,300mg,Tablet,60,1500,11250.0,7.5,0.12,Mylan (formerly Matrix) Nashik,True,120.0,0.0,24.26
7075,82873,104-CI-T30,FPQ-4378,SO-34415,DN-1763,Côte d'Ivoire,PMO - US,From RDC,N/A - From RDC,Air,2009-10-15,2009-10-12,2010-04-12,2010-04-08,2010-04-08,ARV,Adult,SCMS from RDC,"Lamivudine/Zidovudine 150/300mg, tablets, 60 Tabs",Lamivudine/Zidovudine,Generic,150/300mg,Tablet - FDC,60,20000,175200.0,8.76,0.15,"Aurobindo Unit III, India",True,1807.0,21347.2,343.39
7076,82874,114-UG-T30,FPQ-4325,SO-35620,DN-1753,Uganda,PMO - US,From RDC,N/A - From RDC,Truck,2009-09-23,2009-10-01,2010-04-01,2010-03-25,2010-03-25,ARV,Adult,SCMS from RDC,"Lamivudine/Nevirapine/Zidovudine 150/200/300mg, tablets, 60 Tabs",Lamivudine/Nevirapine/Zidovudine,Generic,150/300/200mg,Tablet - FDC,60,45116,506201.52,11.22,0.19,"Aurobindo Unit III, India",True,5285.0,11065.0,992.15
7077,82875,104-CI-T30,FPQ-4378,SO-34370,DN-1759,Côte d'Ivoire,PMO - US,From RDC,N/A - From RDC,Air,2009-10-15,2009-10-06,2010-04-06,2010-04-01,2010-04-01,ARV,Pediatric,SCMS from RDC,"Zidovudine 100mg, capsules, 100 Caps",Zidovudine,Generic,100mg,Capsule,100,2604,12603.36,4.84,0.05,"Aurobindo Unit III, India",True,675.0,1702.91,24.7
7078,82876,114-UG-T30,FPQ-5238,SO-36100,DN-1760,Uganda,PMO - US,From RDC,N/A - From RDC,Air,2010-03-02,2009-11-26,2010-05-26,2010-04-08,2010-04-08,ARV,Adult,SCMS from RDC,"Lamivudine/Stavudine 150/30mg, tablets, 60 Tabs",Lamivudine/Stavudine,Generic,150/30mg,Tablet - FDC,60,75,255.0,3.4,0.06,"Cipla, Goa, India",True,10.0,1865.86,0.55
7079,82877,114-UG-T30,FPQ-5238,SO-36080,DN-1765,Uganda,PMO - US,From RDC,N/A - From RDC,Air,2010-03-02,2009-11-26,2010-05-26,2010-04-12,2010-04-12,ARV,Adult,SCMS from RDC,"Nevirapine 200mg, tablets, 60 Tabs",Nevirapine,Generic,200mg,Tablet,60,5000,13650.0,2.73,0.05,"Aurobindo Unit III, India",True,861.0,7383.9,29.43
7080,82878,114-UG-T30,FPQ-5239,SO-36170,DN-1766,Uganda,PMO - US,From RDC,N/A - From RDC,Air,2010-03-02,2009-11-26,2010-05-26,2010-04-12,2010-04-12,ARV,Adult,SCMS from RDC,"Efavirenz 600mg, tablets, 30 Tabs",Efavirenz,Generic,600mg,Tablet,30,2000,10260.0,5.13,0.17,Mylan (formerly Matrix) Nashik,True,563.0,1524.56,22.12
7081,82879,114-UG-T30,FPQ-5239,SO-36170,DN-1766,Uganda,PMO - US,From RDC,N/A - From RDC,Air,2010-03-02,2009-11-26,2010-05-26,2010-04-12,2010-04-12,ARV,Adult,SCMS from RDC,"Nevirapine 200mg, tablets, 60 Tabs",Nevirapine,Generic,200mg,Tablet,60,4200,11466.0,2.73,0.05,"Aurobindo Unit III, India",False,275.0,2485.92,24.72
7082,82880,151-NG-T30,FPQ-4537,SO-35110,DN-1777,Nigeria,PMO - US,From RDC,N/A - From RDC,Air Charter,2009-11-06,2009-09-30,2010-03-31,2010-05-18,2010-05-18,ARV,Adult,SCMS from RDC,"Lamivudine/Zidovudine+Efavirenz 150/300mg+600mg, tablets, co-blister 60+30 Tabs",Lamivudine/Zidovudine+Efavirenz,Generic,150/300mg+600mg,Tablet - FDC + co-blister,90,854,23485.0,27.5,0.31,"Aurobindo Unit III, India",True,142.0,9736.1,50.63
7083,82881,151-NG-T30,FPQ-4537,SO-36001,DN-1785,Nigeria,PMO - US,From RDC,N/A - From RDC,Air Charter,2009-11-06,2009-11-30,2010-05-31,2010-05-18,2010-05-18,ARV,Adult,SCMS from RDC,"Efavirenz 600mg, tablets, 30 Tabs",Efavirenz,Generic,600mg,Tablet,30,14600,69350.0,4.75,0.16,"Aurobindo Unit III, India",True,1288.0,9736.1,149.52
7084,82882,114-UG-T30,FPQ-5238,SO-36060,DN-1818,Uganda,PMO - US,From RDC,N/A - From RDC,Air,2010-03-02,2009-12-02,2010-06-02,2010-05-03,2010-05-03,ARV,Adult,SCMS from RDC,"Lamivudine/Zidovudine 150/300mg, tablets, 60 Tabs",Lamivudine/Zidovudine,Generic,150/300mg,Tablet - FDC,60,4000,35040.0,8.76,0.15,Hetero Unit III Hyderabad IN,True,263.0,2458.26,75.55
7085,82883,151-NG-T30,FPQ-4537,SO-36005,DN-1823,Nigeria,PMO - US,From RDC,N/A - From RDC,Air Charter,2009-11-06,2009-11-30,2010-05-31,2010-05-18,2010-05-18,ARV,Adult,SCMS from RDC,"Lamivudine/Zidovudine 150/300mg, tablets, 60 Tabs",Lamivudine/Zidovudine,Generic,150/300mg,Tablet - FDC,60,1227,10748.52,8.76,0.15,Hetero Unit III Hyderabad IN,True,107.0,9736.1,23.17
7086,82884,104-CI-T30,FPQ-4659,SO-35600,DN-1825,Côte d'Ivoire,PMO - US,From RDC,N/A - From RDC,Air,2009-12-08,2009-11-30,2010-05-31,2010-05-20,2010-05-20,ARV,Adult,SCMS from RDC,"Emtricitabine/Tenofovir Disoproxil Fumarate 200/300mg [Truvada], tablets, 30 Tabs",Emtricitabine/Tenofovir Disoproxil Fumarate,Truvada,300/200mg,Tablet - FDC,30,3120,81900.0,26.25,0.88,"Aspen-OSD, Port Elizabeth, SA",True,798.0,2941.11,176.58
7087,82885,151-NG-T30,FPQ-4537,SO-35053,DN-1826,Nigeria,PMO - US,From RDC,N/A - From RDC,Air Charter,2009-11-06,2009-11-30,2010-05-31,2010-05-18,2010-05-18,ARV,Adult,SCMS from RDC,"Lamivudine/Zidovudine 150/300mg, tablets, 60 Tabs",Lamivudine/Zidovudine,Generic,150/300mg,Tablet - FDC,60,54096,473880.96,8.76,0.15,Hetero Unit III Hyderabad IN,True,4660.0,9736.1,1021.69
7088,82886,104-CI-T30,FPQ-4378,SO-34413,DN-1836,Côte d'Ivoire,PMO - US,From RDC,N/A - From RDC,Air,2009-10-15,2009-11-30,2010-05-31,2010-05-25,2010-05-25,ARV,Pediatric,SCMS from RDC,"Nevirapine 10mg/ml, oral suspension, Bottle, 240 ml",Nevirapine,Generic,10mg/ml,Oral suspension,240,1417,2593.11,1.83,0.01,"Aurobindo Unit III, India",True,538.0,2195.9,5.08
7089,82887,105-GY-T30,FPQ-5599,SO-36700,DN-1838,Guyana,PMO - US,From RDC,N/A - From RDC,Air,2010-04-28,2009-12-07,2010-06-07,2010-05-27,2010-05-27,ARV,Adult,SCMS from RDC,"Efavirenz 600mg, tablets, 30 Tabs",Efavirenz,Generic,600mg,Tablet,30,3604,17119.0,4.75,0.16,"Aurobindo Unit III, India",True,499.0,5783.6,36.91
7090,82888,117-ET-T30,FPQ-5624,SO-36710,DN-1843,Ethiopia,PMO - US,From RDC,N/A - From RDC,Air,2010-05-04,2009-12-15,2010-06-15,2010-06-01,2010-06-01,ARV,Adult,SCMS from RDC,"Abacavir 300mg, tablets, 60 Tabs",Abacavir,Generic,300mg,Tablet,60,4000,68560.0,17.14,0.29,"Aurobindo Unit III, India",True,400.0,961.46,147.82
7091,82889,106-HT-T30,FPQ-5523,SO-36740,DN-1847,Haiti,PMO - US,From RDC,N/A - From RDC,Air,2010-04-19,2009-12-30,2010-06-30,2010-06-09,2010-06-09,ARV,Pediatric,SCMS from RDC,"Abacavir 20mg/ml, oral solution, Bottle, 240 ml",Abacavir,Generic,20mg/ml,Oral solution,240,480,6528.0,13.6,0.06,"Aurobindo Unit III, India",True,390.0,6438.38,14.07
7092,82890,106-HT-T30,FPQ-5523,SO-36801,DN-1854,Haiti,PMO - US,From RDC,N/A - From RDC,Air,2010-04-19,2009-12-30,2010-06-30,2010-06-30,2010-06-30,ARV,Adult,SCMS from RDC,"Efavirenz 600mg, tablets, 30 Tabs",Efavirenz,Generic,600mg,Tablet,30,43512,206682.0,4.75,0.16,Mylan (formerly Matrix) Nashik,True,3609.0,32479.84,445.61
7093,82891,114-UG-T30,FPQ-5239,SO-36130,DN-1856,Uganda,PMO - US,From RDC,N/A - From RDC,Air,2010-03-02,2009-12-30,2010-06-30,2010-06-22,2010-06-22,ARV,Adult,SCMS from RDC,"Lamivudine/Nevirapine/Zidovudine 150/200/300mg, tablets, 60 Tabs",Lamivudine/Nevirapine/Zidovudine,Generic,150/300/200mg,Tablet - FDC,60,5000,56000.0,11.2,0.19,Mylan (formerly Matrix) Nashik,True,690.0,5410.32,120.74
7094,82892,117-ET-T30,FPQ-5581,SO-36690,DN-1857,Ethiopia,PMO - US,From RDC,N/A - From RDC,Air,2010-04-28,2009-12-21,2010-06-21,2010-06-01,2010-06-01,ARV,Adult,SCMS from RDC,"Lamivudine 150mg, tablets, 60 Tabs",Lamivudine,Generic,150mg,Tablet,60,69,168.36,2.44,0.04,"Aurobindo Unit III, India",True,77.0,961.46,0.36
7095,82893,104-CI-T30,FPQ-4378,SO-34430,DN-1861,Côte d'Ivoire,PMO - US,From RDC,N/A - From RDC,Air,2009-10-15,2009-12-28,2010-06-28,2010-06-16,2010-06-16,ARV,Adult,SCMS from RDC,"Lamivudine/Nevirapine/Zidovudine 150/200/300mg, tablets, 60 Tabs",Lamivudine/Nevirapine/Zidovudine,Generic,150/300/200mg,Tablet - FDC,60,80010,897712.2,11.22,0.19,"Aurobindo Unit III, India",True,9402.0,33266.37,1759.52
7096,82894,106-HT-T30,FPQ-5523,SO-36800,DN-1871,Haiti,PMO - US,From RDC,N/A - From RDC,Air,2010-04-19,2010-01-12,2010-07-12,2010-06-30,2010-06-30,ARV,Pediatric,SCMS from RDC,"Zidovudine 10mg/ml, oral solution, Bottle, 240 ml",Zidovudine,Generic,10mg/ml,Oral solution,240,4448,8984.96,2.02,0.01,"Aurobindo Unit III, India",False,1178.0,2946.7200000000003,19.37
7097,82895,104-CI-T30,FPQ-5201,SO-36342,DN-1887,Côte d'Ivoire,PMO - US,From RDC,N/A - From RDC,Air,2010-03-03,2010-01-12,2010-07-12,2010-07-05,2010-07-05,ARV,Pediatric,SCMS from RDC,"Lamivudine 10mg/ml, oral solution, Bottle, 240 ml",Lamivudine,Generic,10mg/ml,Oral solution,240,4340,8246.0,1.9,0.01,"Cipla, Goa, India",True,1632.0,5121.68,17.78
7098,82896,104-CI-T30,FPQ-5201,SO-36360,DN-1879,Côte d'Ivoire,PMO - US,From RDC,N/A - From RDC,Air,2010-03-03,2010-01-09,2010-07-09,2010-07-05,2010-07-05,ARV,Adult,SCMS from RDC,"Nevirapine 200mg, tablets, 60 Tabs",Nevirapine,Generic,200mg,Tablet,60,12000,32760.0,2.73,0.05,"Strides, Bangalore, India.",True,733.0,5121.68,70.63
7099,82897,151-NG-T30,FPQ-5023,SO-36443,DN-1901,Nigeria,PMO - US,From RDC,N/A - From RDC,Air,2010-02-10,2010-01-15,2010-07-15,2010-06-28,2010-06-28,ARV,Adult,SCMS from RDC,"Efavirenz 600mg, tablets, 30 Tabs",Efavirenz,Generic,600mg,Tablet,30,6000,27600.0,4.6,0.15,"Aurobindo Unit III, India",True,514.0,0.0,59.51
7100,82898,151-NG-T30,FPQ-5023,SO-36492,DN-1911,Nigeria,PMO - US,From RDC,N/A - From RDC,Air,2010-02-10,2010-01-15,2010-07-15,2010-06-28,2010-06-28,ARV,Adult,SCMS from RDC,"Lamivudine 150mg, tablets, 60 Tabs",Lamivudine,Generic,150mg,Tablet,60,3000,7320.0,2.44,0.04,"Aurobindo Unit III, India",True,142.0,0.0,15.78
7101,82899,151-NG-T30,FPQ-5023,SO-36502,DN-1915,Nigeria,PMO - US,From RDC,N/A - From RDC,Air,2010-02-10,2010-01-15,2010-07-15,2010-06-28,2010-06-28,ARV,Adult,SCMS from RDC,"Zidovudine 300mg, tablets, 60 Tabs",Zidovudine,Generic,300mg,Tablet,60,3000,22500.0,7.5,0.12,"Aurobindo Unit III, India",True,165.0,0.0,48.51
7102,82900,151-NG-T30,FPQ-5023,SO-36504,DN-1917,Nigeria,PMO - US,From RDC,N/A - From RDC,Air,2010-02-10,2010-01-15,2010-07-15,2010-06-28,2010-06-28,ARV,Adult,SCMS from RDC,"Zidovudine 300mg, tablets, 60 Tabs",Zidovudine,Generic,300mg,Tablet,60,100,750.0,7.5,0.12,"Aurobindo Unit III, India",True,6.0,0.0,1.62
7103,82901,151-NG-T30,FPQ-5023,SO-36505,DN-1918,Nigeria,PMO - US,From RDC,N/A - From RDC,Air,2010-02-10,2010-01-15,2010-07-15,2010-06-28,2010-06-28,ARV,Adult,SCMS from RDC,"Zidovudine 300mg, tablets, 60 Tabs",Zidovudine,Generic,300mg,Tablet,60,30,225.0,7.5,0.12,"Aurobindo Unit III, India",True,2.0,0.0,0.49
7104,82902,151-NG-T30,FPQ-5023,SO-36510,DN-1919,Nigeria,PMO - US,From RDC,N/A - From RDC,Air,2010-02-10,2010-01-15,2010-07-15,2010-06-28,2010-06-28,ARV,Adult,SCMS from RDC,"Lamivudine/Nevirapine/Stavudine 150/200/30mg, tablets, 60 Tabs",Lamivudine/Nevirapine/Stavudine,Generic,150/200/30mg,Tablet - FDC,60,9000,52650.0,5.85,0.1,"Strides, Bangalore, India.",True,653.0,0.0,113.51
7105,82903,151-NG-T30,FPQ-5023,SO-36511,DN-1920,Nigeria,PMO - US,From RDC,N/A - From RDC,Air,2010-02-10,2010-01-15,2010-07-15,2010-06-28,2010-06-28,ARV,Adult,SCMS from RDC,"Lamivudine/Nevirapine/Stavudine 150/200/30mg, tablets, 60 Tabs",Lamivudine/Nevirapine/Stavudine,Generic,150/200/30mg,Tablet - FDC,60,3000,17550.0,5.85,0.1,"Cipla, Goa, India",True,419.0,0.0,37.84
7106,82904,151-NG-T30,FPQ-5023,SO-36412,DN-1929,Nigeria,PMO - US,From RDC,N/A - From RDC,Air,2010-02-10,2010-01-15,2010-07-15,2010-06-28,2010-06-28,ARV,Adult,SCMS from RDC,"Emtricitabine/Tenofovir Disoproxil Fumarate 200/300mg, tablets, 30 Tabs",Emtricitabine/Tenofovir Disoproxil Fumarate,Generic,200/300mg,Tablet - FDC,30,1000,11750.0,11.75,0.39,Mylan (formerly Matrix) Nashik,True,90.0,0.0,25.33
7107,82905,151-NG-T30,FPQ-5023,SO-36546,DN-1942,Nigeria,PMO - US,From RDC,N/A - From RDC,Air,2010-02-10,2010-01-15,2010-07-15,2010-06-28,2010-06-28,ARV,Adult,SCMS from RDC,"Lamivudine/Zidovudine 150/300mg, tablets, 60 Tabs",Lamivudine/Zidovudine,Generic,150/300mg,Tablet - FDC,60,80,700.8,8.76,0.15,Mylan (formerly Matrix) Nashik,True,7.0,0.0,1.51
7108,82906,113-ZW-T30,FPQ-4694,SO-35351,DN-1948,Zimbabwe,PMO - US,From RDC,N/A - From RDC,Air,2009-12-08,2010-01-30,2010-07-30,2010-07-22,2010-07-22,ARV,Adult,SCMS from RDC,"Lamivudine/Nevirapine/Stavudine 150/200/30mg, tablets, 60 Tabs",Lamivudine/Nevirapine/Stavudine,Generic,150/200/30mg,Tablet - FDC,60,60000,343800.0,5.73,0.1,"Cipla, Goa, India",True,7268.0,13243.91,741.23
7109,82907,117-ET-T30,FPQ-5967,SO-37102,DN-1952,Ethiopia,PMO - US,From RDC,N/A - From RDC,Air,2010-06-28,2010-03-21,2010-09-21,2010-07-14,2010-07-14,ARV,Adult,SCMS from RDC,"Lamivudine/Nevirapine/Stavudine 150/200/30mg, tablets, 60 Tabs",Lamivudine/Nevirapine/Stavudine,Generic,150/200/30mg,Tablet - FDC,60,561,3214.53,5.73,0.1,"Cipla, Goa, India",True,341.0,114.22,6.93
7110,82908,106-HT-T30,FPQ-5523,SO-36760,DN-1964,Haiti,PMO - US,From RDC,N/A - From RDC,Air,2010-04-19,2010-02-10,2010-08-10,2010-08-23,2010-08-23,ARV,Adult,SCMS from RDC,"Efavirenz 600mg, tablets, 30 Tabs",Efavirenz,Generic,600mg,Tablet,30,39312,174938.4,4.45,0.15,"Strides, Bangalore, India.",True,7225.0,69748.5,377.17
7111,82909,106-HT-T30,FPQ-5523,SO-36760,DN-1964,Haiti,PMO - US,From RDC,N/A - From RDC,Air,2010-04-19,2010-02-10,2010-08-10,2010-08-23,2010-08-23,ARV,Adult,SCMS from RDC,"Stavudine 15mg, capsules, 60 Caps",Stavudine,Generic,15mg,Capsule,60,336,504.0,1.5,0.02,"Aurobindo Unit III, India",False,30.0,2946.7200000000003,1.09
7112,82910,104-CI-T30,FPQ-5201,SO-36311,DN-1982,Côte d'Ivoire,PMO - US,From RDC,N/A - From RDC,Air,2010-03-03,2010-02-23,2010-08-23,2010-08-23,2010-08-23,ARV,Adult,SCMS from RDC,"Emtricitabine/Tenofovir Disoproxil Fumarate 200/300mg [Truvada], tablets, 30 Tabs",Emtricitabine/Tenofovir Disoproxil Fumarate,Truvada,300/200mg,Tablet - FDC,30,2000,52500.0,26.25,0.88,"Aspen-OSD, Port Elizabeth, SA",True,6991.0,12648.36,113.19
7113,82911,100-DO-T30,FPQ-6079,SO-37200,DN-1985,Dominican Republic,PMO - US,From RDC,N/A - From RDC,Air,2010-07-16,2010-02-28,2010-08-30,2010-08-28,2010-08-28,ARV,Adult,SCMS from RDC,"Lamivudine/Tenofovir Disoproxil Fumarate 300/300mg, tablets, 30 Tabs",Lamivudine/Tenofovir Disoproxil Fumarate,Generic,300/300mg,Tablet - FDC,30,6000,57780.0,9.63,0.32,Mylan (formerly Matrix) Nashik,True,1726.0,17450.76,124.57
7114,82912,114-UG-T30,FPQ-5451,SO-36831,DN-1988,Uganda,PMO - US,From RDC,N/A - From RDC,Air,2010-05-07,2010-02-28,2010-08-30,2010-08-23,2010-08-23,ARV,Adult,SCMS from RDC,"Lamivudine/Nevirapine/Zidovudine 150/200/300mg, tablets, 60 Tabs",Lamivudine/Nevirapine/Zidovudine,Generic,150/300/200mg,Tablet - FDC,60,16347,183413.34,11.22,0.19,Mylan (formerly Matrix) Nashik,True,2098.0,10620.0,395.44
7115,82914,102-UG-T30,FPQ-6202,SO-37250,DN-1997,Uganda,PMO - US,From RDC,N/A - From RDC,Air,2010-08-06,2010-04-29,2010-10-29,2010-09-27,2010-09-27,ARV,Adult,SCMS from RDC,"Efavirenz 600mg, tablets, 30 Tabs",Efavirenz,Generic,600mg,Tablet,30,60342,268521.9,4.45,0.15,"Strides, Bangalore, India.",True,20269.0,132890.27,578.93
7116,82915,110-ZM-T30,FPQ-5702,SO-37380,DN-2010,Zambia,PMO - US,From RDC,N/A - From RDC,Truck,2010-05-20,2010-05-04,2010-11-04,2010-09-09,2010-09-09,ARV,Adult,SCMS from RDC,"Lamivudine/Stavudine 150/30mg, tablets, 60 Tabs",Lamivudine/Stavudine,Generic,150/30mg,Tablet - FDC,60,9100,29848.0,3.28,0.05,"Cipla, Goa, India",True,693.0,2997.97,64.35
7117,82916,104-CI-T30,FPQ-5623,SO-36880,DN-2011,Côte d'Ivoire,PMO - US,From RDC,N/A - From RDC,Air,2010-05-07,2010-03-30,2010-09-30,2010-09-25,2010-09-25,ARV,Pediatric,SCMS from RDC,"Lamivudine 10mg/ml, oral solution, Bottle, 240 ml",Lamivudine,Generic,10mg/ml,Oral solution,240,4970,9592.1,1.93,0.01,"Cipla, Goa, India",False,668.5,4063.81,20.68
7118,82917,106-HT-T30,FPQ-5523,SO-36741,DN-2015,Haiti,PMO - US,From RDC,N/A - From RDC,Air,2010-04-19,2010-03-30,2010-09-30,2010-10-07,2010-10-07,ARV,Pediatric,SCMS from RDC,"Didanosine 200mg, chewable/dispersible tablets, 60 Tabs",Didanosine,Generic,200mg,Chewable/dispersible tablet,60,192,2976.0,15.5,0.26,"Aurobindo Unit III, India",True,8085.0,78061.3,6.42
7119,82918,105-GY-T30,FPQ-6307,SO-37400,DN-2017,Guyana,PMO - US,From RDC,N/A - From RDC,Air,2010-08-30,2010-05-23,2010-11-23,2010-09-19,2010-09-19,ARV,Pediatric,SCMS from RDC,"Efavirenz 50mg, capsule, 30 Caps",Efavirenz,Generic,50mg,Capsule,30,230,515.2,2.24,0.07,"Aurobindo Unit III, India",True,411.0,3380.86,1.11
7120,82919,113-ZW-T30,FPQ-4694,SO-35380,DN-2019,Zimbabwe,PMO - US,From RDC,N/A - From RDC,Truck,2009-12-08,2010-03-30,2010-09-30,2010-10-04,2010-10-04,ARV,Adult,SCMS from RDC,"Lamivudine/Stavudine 150/30mg, tablets, 60 Tabs",Lamivudine/Stavudine,Generic,150/30mg,Tablet - FDC,60,5900,19352.0,3.28,0.05,"Cipla, Goa, India",True,18105.0,16594.87,41.72
7121,82920,109-TZ-T30,FPQ-6226,SO-37310,DN-2024,Tanzania,PMO - US,From RDC,N/A - From RDC,Truck,2010-08-16,2010-04-29,2010-10-29,2010-10-29,2010-10-29,ARV,Adult,SCMS from RDC,"Efavirenz 600mg, tablets, 30 Tabs",Efavirenz,Generic,600mg,Tablet,30,90000,400500.0,4.45,0.15,Mylan (formerly Matrix) Nashik,True,7397.0,28022.17,863.48
7122,82921,110-ZM-T30,FPQ-5702,SO-36842,DN-2032,Zambia,PMO - US,From RDC,N/A - From RDC,Truck,2010-05-20,2010-05-04,2010-11-04,2010-11-08,2010-11-08,ARV,Adult,SCMS from RDC,"Lamivudine 150mg, tablets, 60 Tabs",Lamivudine,Generic,150mg,Tablet,60,32920,76703.6,2.33,0.04,Hetero Unit III Hyderabad IN,True,18057.0,16868.38,165.37
7123,82922,104-CI-T30,FPQ-5925,SO-37120,DN-2033,Côte d'Ivoire,PMO - US,From RDC,N/A - From RDC,Truck,2010-06-23,2010-04-28,2010-10-28,2010-11-23,2010-11-23,ARV,Adult,SCMS from RDC,"Emtricitabine/Tenofovir Disoproxil Fumarate 200/300mg, tablets, 30 Tabs",Emtricitabine/Tenofovir Disoproxil Fumarate,Generic,200/300mg,Tablet - FDC,30,8640,97977.6,11.34,0.38,Mylan (formerly Matrix) Nashik,True,11468.0,7816.45,211.24
7124,82923,151-NG-T30,FPQ-5688,SO-36921,DN-2042,Nigeria,PMO - US,From RDC,N/A - From RDC,Air Charter,2010-05-27,2010-05-18,2010-11-18,2010-11-10,2010-11-10,ARV,Adult,SCMS from RDC,"Efavirenz/Emtricitabine/Tenofovir Disoproxil Fumarate 600/200/300mg, tablets, 30 Tabs",Efavirenz/Emtricitabine/Tenofovir Disoproxil Fumarate,Generic,600/200/300mg,Tablet - FDC,30,20000,398400.0,19.92,0.66,Mylan (formerly Matrix) Nashik,True,2181.0,20264.93,858.95
7125,82924,151-NG-T30,FPQ-5688,SO-36922,DN-2043,Nigeria,PMO - US,From RDC,N/A - From RDC,Air Charter,2010-05-27,2010-05-18,2010-11-18,2010-11-10,2010-11-10,ARV,Adult,SCMS from RDC,"Efavirenz/Emtricitabine/Tenofovir Disoproxil Fumarate 600/200/300mg, tablets, 30 Tabs",Efavirenz/Emtricitabine/Tenofovir Disoproxil Fumarate,Generic,600/200/300mg,Tablet - FDC,30,1000,19920.0,19.92,0.66,Mylan (formerly Matrix) Nashik,True,101.0,20264.93,42.95
7126,82925,151-NG-T30,FPQ-5688,SO-37920,DN-2047,Nigeria,PMO - US,From RDC,N/A - From RDC,Air Charter,2010-05-27,2010-05-18,2010-11-18,2010-11-09,2010-11-09,ARV,Adult,SCMS from RDC,"Nevirapine 200mg, tablets, 60 Tabs",Nevirapine,Generic,200mg,Tablet,60,87071,224643.18,2.58,0.04,Hetero Unit III Hyderabad IN,True,6291.0,20265.0,484.33
7127,82926,117-ET-T30,FPQ-6428,SO-37620,DN-2050,Ethiopia,PMO - US,From RDC,N/A - From RDC,Air,2010-09-24,2010-05-19,2010-11-19,2010-11-08,2010-11-08,ARV,Adult,SCMS from RDC,"Abacavir 300mg, tablets, 60 Tabs",Abacavir,Generic,300mg,Tablet,60,3000,49320.0,16.44,0.27,Mylan (formerly Matrix) Nashik,True,342.0,1419.84,106.33
7128,82927,104-CI-T30,FPQ-5623,SO-36870,DN-2060,Côte d'Ivoire,PMO - US,From RDC,N/A - From RDC,Air,2010-05-07,2010-05-30,2010-11-30,2010-12-22,2010-12-22,ARV,Adult,SCMS from RDC,"Nevirapine 200mg, tablets, 60 Tabs",Nevirapine,Generic,200mg,Tablet,60,233,619.78,2.66,0.04,"Strides, Bangalore, India.",True,1161.0,7826.75,1.34
7129,82928,114-UG-T30,FPQ-6427,SO-37570,DN-2067,Uganda,PMO - US,From RDC,N/A - From RDC,Truck,2010-09-29,2010-06-27,2010-12-27,2010-12-02,2010-12-02,ARV,Adult,SCMS from RDC,"Lamivudine/Zidovudine 150/300mg, tablets, 60 Tabs",Lamivudine/Zidovudine,Generic,150/300mg,Tablet - FDC,60,62753,536538.15,8.55,0.14,Hetero Unit III Hyderabad IN,True,5090.0,35284.86,1156.78
7130,82929,117-ET-T30,FPQ-5991,SO-37160,DN-2074,Ethiopia,PMO - US,From RDC,N/A - From RDC,Air,2010-07-02,2010-06-08,2010-12-08,2010-12-09,2010-12-09,ARV,Adult,SCMS from RDC,"Lopinavir/Ritonavir 200/50mg, tablets, 120 Tabs",Lopinavir/Ritonavir,Generic,200/50mg,Tablet,120,3900,140400.0,36.0,0.3,"Aurobindo Unit III, India",True,950.0,1842.95,302.7
7131,82931,151-NG-T30,FPQ-6243,SO-38320,DN-2090,Nigeria,PMO - US,From RDC,N/A - From RDC,Air Charter,2010-08-25,2010-08-22,2011-02-22,2011-02-16,2011-02-16,ARV,Adult,SCMS from RDC,"Nevirapine 200mg, tablets, 60 Tabs",Nevirapine,Generic,200mg,Tablet,60,160786,414827.88,2.58,0.04,"Aurobindo Unit III, India",False,668.5,12601.07,894.37
7132,82932,151-NG-T30,FPQ-6243,SO-38320,DN-2090,Nigeria,PMO - US,From RDC,N/A - From RDC,Air Charter,2010-08-25,2010-08-22,2011-02-22,2011-02-16,2011-02-16,ARV,Pediatric,SCMS from RDC,"Efavirenz 200mg, capsule, 90 Caps",Efavirenz,Generic,200mg,Capsule,90,1050,10174.5,9.69,0.11,"Aurobindo Unit III, India",False,90.0,12601.07,21.94
7133,82933,104-CI-T30,FPQ-6144,SO-38380,DN-2106,Côte d'Ivoire,PMO - US,From RDC,N/A - From RDC,Air,2010-08-03,2010-07-31,2011-01-31,2011-02-22,2011-02-22,ARV,Adult,SCMS from RDC,"Tenofovir Disoproxil Fumarate 300mg, tablets, 30 Tabs",Tenofovir Disoproxil Fumarate,Generic,300mg,Tablet,30,4480,29433.6,6.57,0.22,"Aurobindo Unit III, India",True,3629.0,8758.37,63.46
7134,82934,104-CI-T30,FPQ-5925,SO-38470,DN-2107,Côte d'Ivoire,PMO - US,From RDC,N/A - From RDC,Air,2010-06-23,2010-08-16,2011-02-16,2011-02-22,2011-02-22,ARV,Adult,SCMS from RDC,"Zidovudine 300mg, tablets, 60 Tabs",Zidovudine,Generic,300mg,Tablet,60,12240,88250.4,7.21,0.12,"Aurobindo Unit III, India",True,671.0,8758.36,190.27
7135,82935,104-CI-T30,FPQ-6144,SO-37290,DN-2108,Côte d'Ivoire,PMO - US,From RDC,N/A - From RDC,Air,2010-08-03,2010-07-31,2011-01-31,2011-02-22,2011-02-22,ARV,Adult,SCMS from RDC,"Zidovudine 300mg, tablets, 60 Tabs",Zidovudine,Generic,300mg,Tablet,60,13362,96340.02,7.21,0.12,"Aurobindo Unit III, India",False,668.5,4063.81,207.71
7136,82936,114-UG-T30,FPQ-6427,SO-37540,DN-2109,Uganda,PMO - US,From RDC,N/A - From RDC,Truck,2010-09-29,2010-08-22,2011-02-22,2011-02-28,2011-02-28,ARV,Adult,SCMS from RDC,"Efavirenz 600mg, tablets, 30 Tabs",Efavirenz,Generic,600mg,Tablet,30,52231,226682.54,4.34,0.14,Hetero Unit III Hyderabad IN,True,4447.0,17711.71,488.73
7137,82937,106-HT-T30,FPQ-6484,SO-38120,DN-2113,Haiti,PMO - US,From RDC,N/A - From RDC,Air,2010-10-13,2010-08-28,2011-02-28,2011-02-14,2011-02-14,ARV,Pediatric,SCMS from RDC,"Nevirapine 10mg/ml, oral suspension w/syringe, Bottle, 240 ml",Nevirapine,Generic,10mg/ml,Oral suspension,240,1000,1950.0,1.95,0.01,"Aurobindo Unit III, India",True,830.0,6555.75,4.2
7138,82938,111-MZ-T30,FPQ-6981,SO-38370,DN-2119,Mozambique,PMO - US,From RDC,N/A - From RDC,Truck,2011-01-06,2010-09-30,2011-03-31,2011-03-30,2011-03-30,ARV,Pediatric,SCMS from RDC,"Zidovudine 10mg/ml, oral solution w/syringe, Bottle, 240 ml",Zidovudine,Generic,10mg/ml,Oral solution,240,2823,5928.3,2.1,0.01,"Aurobindo Unit III, India",True,1098.0,3567.53,9.78
7139,82941,110-ZM-T30,FPQ-6221,SO-37950,DN-2125,Zambia,PMO - US,From RDC,N/A - From RDC,Truck,2010-08-20,2010-09-30,2011-03-31,2011-04-05,2011-04-05,ARV,Adult,SCMS from RDC,"Lamivudine/Zidovudine 150/300mg, tablets, 60 Tabs",Lamivudine/Zidovudine,Generic,150/300mg,Tablet - FDC,60,25000,213750.0,8.55,0.14,"Aurobindo Unit III, India",True,2565.0,4471.07,460.84
7140,82942,113-ZW-T30,FPQ-6470,SO-37810,DN-2126,Zimbabwe,PMO - US,From RDC,N/A - From RDC,Truck,2010-10-13,2010-09-30,2011-03-31,2011-03-17,2011-03-17,ARV,Adult,SCMS from RDC,"Nevirapine 200mg, tablets, 60 Tabs",Nevirapine,Generic,200mg,Tablet,60,91970,230844.7,2.51,0.04,Hetero Unit III Hyderabad IN,True,5357.0,7765.18,497.7
7141,82943,107-RW-T30,FPQ-7304,SO-38930,DN-2141,Rwanda,PMO - US,From RDC,N/A - From RDC,Air,2011-02-28,2010-09-18,2011-03-18,2011-03-13,2011-03-13,ARV,Pediatric,SCMS from RDC,"Abacavir 20mg/ml, oral solution w/syringe, Bottle, 240 ml",Abacavir,Generic,20mg/ml,Oral solution,240,1965,26920.5,13.7,0.06,"Aurobindo Unit III, India",True,724.0,4520.04,44.42
7142,82944,104-CI-T30,FPQ-6891,SO-38540,DN-2153,Côte d'Ivoire,PMO - US,From RDC,N/A - From RDC,Air,2010-12-21,2010-10-20,2011-04-20,2011-06-10,2011-06-10,ARV,Adult,SCMS from RDC,"Lamivudine/Nevirapine/Zidovudine 150/200/300mg, tablets, 60 Tabs",Lamivudine/Nevirapine/Zidovudine,Generic,150/300/200mg,Tablet - FDC,60,45000,504900.0,11.22,0.19,Mylan (formerly Matrix) Nashik,False,4688.0,4063.81,833.08
7143,82945,151-NG-T30,FPQ-6800,SO-39240,DN-2174,Nigeria,PMO - US,From RDC,N/A - From RDC,Air Charter,2010-12-07,2010-12-21,2011-06-21,2011-05-11,2011-05-11,ARV,Adult,SCMS from RDC,"Tenofovir Disoproxil Fumarate 300mg, tablets, 30 Tabs",Tenofovir Disoproxil Fumarate,Generic,300mg,Tablet,30,844,5545.08,6.57,0.22,"Aurobindo Unit III, India",True,76.0,12601.07,9.15
7144,82946,200-ZW-T30,FPQ-6483,SO-39280,DN-2179,Zimbabwe,PMO - US,From RDC,N/A - From RDC,Truck,2010-10-13,2010-10-04,2011-04-04,2011-05-20,2011-05-20,ARV,Pediatric,SCMS from RDC,"Lamivudine/Stavudine 30/6mg, dispersible tablets, 60 Tabs",Lamivudine/Stavudine,Generic,30/6mg,Chewable/dispersible tablet - FDC,60,3453,6560.7,1.9,0.03,"Cipla, Goa, India",True,687.0,3403.99,14.14
7145,82947,117-ET-T30,FPQ-7000,SO-38410,DN-2200,Ethiopia,PMO - US,From RDC,N/A - From RDC,Air,2011-01-07,2010-11-10,2011-05-10,2011-05-18,2011-05-18,ARV,Adult,SCMS from RDC,"Didanosine 250mg, delayed-release capsules, 30 Caps",Didanosine,Generic,250mg,Delayed-release capsules,30,6872,89336.0,13.0,0.43,"Aurobindo Unit III, India",True,577.0,2143.5,147.4
7146,82948,117-ET-T30,FPQ-7000,SO-38410,DN-2200,Ethiopia,PMO - US,From RDC,N/A - From RDC,Air,2011-01-07,2010-11-10,2011-05-10,2011-05-18,2011-05-18,ARV,Adult,SCMS from RDC,"Didanosine 400mg, delayed-release capsules, 30 Caps",Didanosine,Generic,400mg,Delayed-release capsules,30,1237,24740.0,20.0,0.67,"Aurobindo Unit III, India",False,668.5,4672.77,40.82
7147,82949,200-ZW-T30,FPQ-6483,SO-37880,DN-2203,Zimbabwe,PMO - US,From RDC,N/A - From RDC,Truck,2010-10-13,2010-11-30,2011-05-31,2011-06-13,2011-06-13,ARV,Pediatric,SCMS from RDC,"Lamivudine/Zidovudine 30/60mg, tablets, 60 Tabs",Lamivudine/Zidovudine,Generic,30/60mg,Tablet - FDC,60,1988,6461.0,3.25,0.05,"Aurobindo Unit III, India",True,1671.0,5346.74,13.93
7148,82950,113-ZW-T30,FPQ-6470,SO-39510,DN-2205,Zimbabwe,PMO - US,From RDC,N/A - From RDC,Truck,2010-10-13,2010-11-30,2011-05-31,2011-06-15,2011-06-15,ARV,Adult,SCMS from RDC,"Lamivudine/Nevirapine/Stavudine 150/200/30mg, tablets, 60 Tabs",Lamivudine/Nevirapine/Stavudine,Generic,150/200/30mg,Tablet - FDC,60,19512,104974.56,5.38,0.09,"Cipla, Goa, India",True,10589.0,15608.15,226.33
7149,82951,151-NG-T30,FPQ-6800,SO-39370,DN-2209,Nigeria,PMO - US,From RDC,N/A - From RDC,Air Charter,2010-12-07,2010-12-21,2011-06-21,2011-07-05,2011-07-05,ARV,Adult,SCMS from RDC,"Lamivudine/Zidovudine 150/300mg, tablets, 60 Tabs",Lamivudine/Zidovudine,Generic,150/300mg,Tablet - FDC,60,32000,264320.0,8.26,0.14,"Aurobindo Unit III, India",True,3175.0,13398.04,436.13
7150,82952,151-NG-T30,FPQ-7217,SO-39580,DN-2213,Nigeria,PMO - US,From RDC,N/A - From RDC,Air Charter,2011-02-21,2010-12-15,2011-06-15,2011-07-06,2011-07-06,ARV,Adult,SCMS from RDC,"Lamivudine/Zidovudine 150/300mg, tablets, 60 Tabs",Lamivudine/Zidovudine,Generic,150/300mg,Tablet - FDC,60,12609,104150.34,8.26,0.14,Hetero Unit III Hyderabad IN,True,4114.0,13398.06,171.85
7151,82953,151-NG-T30,FPQ-7217,SO-39650,DN-2221,Nigeria,PMO - US,From RDC,N/A - From RDC,Air Charter,2011-02-21,2010-12-15,2011-06-15,2011-07-06,2011-07-06,ARV,Pediatric,SCMS from RDC,"Efavirenz 200mg, capsule, 90 Caps",Efavirenz,Generic,200mg,Capsule,90,1220,11821.8,9.69,0.11,"Aurobindo Unit III, India",True,169.0,13398.06,19.51
7152,82954,100-BJ-T30,FPQ-7658,SO-39790,DN-2237,Benin,PMO - US,From RDC,N/A - From RDC,Air,2011-05-15,2010-12-13,2011-06-13,2011-06-09,2011-06-09,ARV,Adult,SCMS from RDC,"Efavirenz 600mg, tablets, 30 Tabs",Efavirenz,Generic,600mg,Tablet,30,72029,303962.38,4.22,0.14,Mylan (formerly Matrix) Nashik,True,7682.0,28541.79,501.54
7153,82955,111-MZ-T30,FPQ-7053,SO-39400,DN-2240,Mozambique,PMO - US,From RDC,N/A - From RDC,Truck,2011-01-24,2011-02-10,2011-08-10,2011-08-04,2011-08-04,ARV,Adult,SCMS from RDC,"Nevirapine 200mg, tablets, 60 Tabs",Nevirapine,Generic,200mg,Tablet,60,2800,7224.0,2.58,0.04,Hetero Unit III Hyderabad IN,True,161.0,5491.01,11.92
7154,82956,104-CI-T30,FPQ-6495,SO-39860,DN-2246,Côte d'Ivoire,PMO - US,From RDC,N/A - From RDC,Air,2010-10-04,2010-12-30,2011-06-30,2011-06-26,2011-06-26,ARV,Pediatric,SCMS from RDC,"Zidovudine 10mg/ml, oral solution w/syringe, Bottle, 240 ml",Zidovudine,Generic,10mg/ml,Oral solution,240,390,819.0,2.1,0.01,"Aurobindo Unit III, India",True,140.0,2503.33,1.77
7155,82958,100-GH-T30,FPQ-7799,SO-39940,DN-2259,Ghana,PMO - US,From RDC,N/A - From RDC,Air,2011-06-06,2011-01-04,2011-07-04,2011-07-15,2011-07-15,ARV,Adult,SCMS from RDC,"Lamivudine/Zidovudine 150/300mg, tablets, 60 Tabs",Lamivudine/Zidovudine,Generic,150/300mg,Tablet - FDC,60,29998,247783.48,8.26,0.14,"Aurobindo Unit III, India",True,3274.0,21881.71,408.84
7156,82959,106-HT-T30,FPQ-6801,SO-39910,DN-2263,Haiti,PMO - US,From RDC,N/A - From RDC,Air,2010-12-14,2011-01-19,2011-07-19,2011-06-28,2011-06-28,ARV,Pediatric,SCMS from RDC,"Efavirenz 50mg, capsule, 30 Caps",Efavirenz,Generic,50mg,Capsule,30,1428,3198.72,2.24,0.07,"Aurobindo Unit III, India",True,1055.0,11490.2,5.28
7157,82960,111-MZ-T30,FPQ-7053,SO-40060,DN-2268,Mozambique,PMO - US,From RDC,N/A - From RDC,Truck,2011-01-24,2011-02-28,2011-08-31,2011-09-01,2011-09-01,ARV,Adult,SCMS from RDC,"Lamivudine/Nevirapine/Zidovudine 150/200/300mg, tablets, 60 Tabs",Lamivudine/Nevirapine/Zidovudine,Generic,150/300/200mg,Tablet - FDC,60,125202,1404766.44,11.22,0.19,Mylan (formerly Matrix) Nashik,True,34813.0,14716.83,2317.86
7158,82961,151-NG-T30,FPQ-7217,SO-40080,DN-2271,Nigeria,PMO - US,From RDC,N/A - From RDC,Air Charter,2011-02-21,2010-12-30,2011-06-30,2011-07-06,2011-07-06,ARV,Adult,SCMS from RDC,"Efavirenz/Emtricitabine/Tenofovir Disoproxil Fumarate 600/200/300mg, tablets, 30 Tabs",Efavirenz/Emtricitabine/Tenofovir Disoproxil Fumarate,Generic,600/200/300mg,Tablet - FDC,30,62611,1247211.12,19.92,0.66,Mylan (formerly Matrix) Nashik,True,7190.0,13398.06,2057.9
7159,82962,110-ZM-T30,FPQ-6677,SO-38940,DN-2272,Zambia,PMO - US,From RDC,N/A - From RDC,Truck,2010-11-08,2011-02-22,2011-08-22,2011-08-05,2011-08-05,ARV,Adult,SCMS from RDC,"Abacavir 300mg, tablets, 60 Tabs",Abacavir,Generic,300mg,Tablet,60,5125,77080.0,15.04,0.25,Mylan (formerly Matrix) Nashik,True,523.0,3949.19,127.18
7160,82964,114-UG-T30,FPQ-7652,SO-40140,DN-2276,Uganda,PMO - US,From RDC,N/A - From RDC,Truck,2011-04-29,2011-03-05,2011-09-05,2011-07-14,2011-07-14,ARV,Adult,SCMS from RDC,"Lamivudine/Nevirapine/Zidovudine 150/200/300mg, tablets, 60 Tabs",Lamivudine/Nevirapine/Zidovudine,Generic,150/300/200mg,Tablet - FDC,60,20833,233746.26,11.22,0.19,Mylan (formerly Matrix) Nashik,True,2757.0,18317.11,385.68
7161,82965,106-HT-T30,FPQ-6801,SO-40150,DN-2277,Haiti,PMO - US,From RDC,N/A - From RDC,Air,2010-12-14,2011-01-19,2011-07-19,2011-07-21,2011-07-21,ARV,Adult,SCMS from RDC,"Efavirenz 600mg, tablets, 30 Tabs",Efavirenz,Generic,600mg,Tablet,30,49425,208573.5,4.22,0.14,"Aurobindo Unit III, India",True,4235.0,29352.17,344.15
7162,82966,110-ZM-T30,FPQ-7085,SO-38720,DN-2299,Zambia,PMO - US,From RDC,N/A - From RDC,Truck,2011-02-03,2011-03-01,2011-09-01,2011-08-15,2011-08-15,ARV,Adult,SCMS from RDC,"Abacavir 300mg, tablets, 60 Tabs",Abacavir,Generic,300mg,Tablet,60,38000,589000.0,15.5,0.26,Mylan (formerly Matrix) Nashik,True,10847.0,15973.89,971.85
7163,82967,111-MZ-T30,FPQ-7053,SO-38633,DN-2302,Mozambique,PMO - US,From RDC,N/A - From RDC,Truck,2011-01-24,2011-02-28,2011-08-31,2011-09-15,2011-09-15,ARV,Adult,SCMS from RDC,"Lamivudine/Zidovudine 150/300mg, tablets, 60 Tabs",Lamivudine/Zidovudine,Generic,150/300mg,Tablet - FDC,60,25312,216417.6,8.55,0.14,"Aurobindo Unit III, India",True,4988.0,7960.74,357.09
7164,82968,106-HT-T30,FPQ-6801,SO-38213,DN-2310,Haiti,PMO - US,From RDC,N/A - From RDC,Air,2010-12-14,2011-01-19,2011-07-19,2011-08-11,2011-08-11,ARV,Pediatric,SCMS from RDC,"Zidovudine 10mg/ml, oral solution w/syringe, Bottle, 240 ml",Zidovudine,Generic,10mg/ml,Oral solution,240,8768,18412.8,2.1,0.01,"Aurobindo Unit III, India",True,10030.0,96669.4,30.38
7165,82969,106-HT-T30,FPQ-6801,SO-38213,DN-2310,Haiti,PMO - US,From RDC,N/A - From RDC,Air,2010-12-14,2011-01-19,2011-07-19,2011-08-11,2011-08-11,ARV,Adult,SCMS from RDC,"Nevirapine 200mg, tablets, 60 Tabs",Nevirapine,Generic,200mg,Tablet,60,34100,85591.0,2.51,0.04,Hetero Unit III Hyderabad IN,False,668.5,2946.7200000000003,141.23
7166,82970,111-MZ-T30,FPQ-7053,SO-38690,DN-2308,Mozambique,PMO - US,From RDC,N/A - From RDC,Truck,2011-01-24,2011-02-12,2011-08-12,2011-09-15,2011-09-15,ARV,Pediatric,SCMS from RDC,"Zidovudine 10mg/ml, oral solution w/syringe, Bottle, 240 ml",Zidovudine,Generic,10mg/ml,Oral solution,240,5625,11362.5,2.02,0.01,"Aurobindo Unit III, India",True,2157.0,2166.21,18.75
7167,82971,200-ZW-T30,FPQ-6483,SO-38900,DN-2318,Zimbabwe,PMO - US,From RDC,N/A - From RDC,Truck,2010-10-13,2011-03-30,2011-09-30,2011-09-23,2011-09-23,ARV,Pediatric,SCMS from RDC,"Didanosine 200mg, delayed-release capsules, 30 Caps",Didanosine,Generic,200mg,Delayed-release capsules,30,51,561.0,11.0,0.37,"Aurobindo Unit III, India",True,6.0,909.15,1.21
7168,82972,200-ZW-T30,FPQ-6483,SO-38900,DN-2318,Zimbabwe,PMO - US,From RDC,N/A - From RDC,Truck,2010-10-13,2011-03-30,2011-09-30,2011-09-23,2011-09-23,ARV,Pediatric,SCMS from RDC,"Didanosine 200mg, delayed-release capsules, 30 Caps",Didanosine,Generic,200mg,Delayed-release capsules,30,36,396.0,11.0,0.37,"Aurobindo Unit III, India",False,22.0,6721.705,0.85
7169,82973,110-ZM-T30,FPQ-7085,SO-38741,DN-2322,Zambia,PMO - US,From RDC,N/A - From RDC,Truck,2011-02-03,2011-03-29,2011-09-29,2011-08-29,2011-08-29,ARV,Adult,SCMS from RDC,"Lamivudine/Zidovudine 150/300mg, tablets, 60 Tabs",Lamivudine/Zidovudine,Generic,150/300mg,Tablet - FDC,60,73692,608695.92,8.26,0.14,"Aurobindo Unit VII, IN",True,21879.0,8647.16,1004.35
7170,82974,110-ZM-T30,FPQ-7085,SO-38732,DN-2323,Zambia,PMO - US,From RDC,N/A - From RDC,Truck,2011-02-03,2011-03-05,2011-09-05,2011-09-05,2011-09-05,ARV,Adult,SCMS from RDC,"Efavirenz 600mg, tablets, 30 Tabs",Efavirenz,Generic,600mg,Tablet,30,99366,429261.12,4.32,0.14,Hetero Unit III Hyderabad IN,True,8045.0,13511.49,708.28
7171,82975,111-MZ-T30,FPQ-7053,SO-38635,DN-2325,Mozambique,PMO - US,From RDC,N/A - From RDC,Truck,2011-01-24,2011-04-13,2011-10-13,2011-10-13,2011-10-13,ARV,Adult,SCMS from RDC,"Efavirenz 600mg, tablets, 30 Tabs",Efavirenz,Generic,600mg,Tablet,30,45608,192465.76,4.22,0.14,Hetero Unit III Hyderabad IN,True,5406.0,7664.01,317.57
7172,82976,114-UG-T30,FPQ-7162,SO-38800,DN-2329,Uganda,PMO - US,From RDC,N/A - From RDC,Truck,2011-02-14,2011-02-05,2011-08-05,2011-08-24,2011-08-24,ARV,Adult,SCMS from RDC,"Efavirenz 600mg, tablets, 30 Tabs",Efavirenz,Generic,600mg,Tablet,30,47312,199656.64,4.22,0.14,Mylan (formerly Matrix) Nashik,True,20230.0,79938.08,329.43
7173,82977,113-ZW-T30,FPQ-7052,SO-38512,DN-2343,Zimbabwe,PMO - US,From RDC,N/A - From RDC,Truck,2011-01-19,2011-03-30,2011-09-30,2011-10-07,2011-10-07,ARV,Adult,SCMS from RDC,"Lamivudine/Nevirapine/Stavudine 150/200/30mg, tablets, 60 Tabs",Lamivudine/Nevirapine/Stavudine,Generic,150/200/30mg,Tablet - FDC,60,70000,376600.0,5.38,0.09,"Strides, Bangalore, India.",True,5154.0,12956.94,621.39
7174,82978,106-HT-T30,FPQ-7653,SO-39730,DN-2346,Haiti,PMO - US,From RDC,N/A - From RDC,Air,2011-05-11,2011-06-05,2011-12-05,2011-10-01,2011-10-01,ARV,Adult,SCMS from RDC,"Nevirapine 200mg, tablets, 60 Tabs",Nevirapine,Generic,200mg,Tablet,60,15000,37650.0,2.51,0.04,Hetero Unit III Hyderabad IN,True,877.0,9178.48,62.12
7175,82979,105-GY-T30,FPQ-8023,SO-40440,DN-2348,Guyana,PMO - US,From RDC,N/A - From RDC,Air,2011-08-19,2011-04-18,2011-10-18,2011-10-03,2011-10-03,ARV,Adult,SCMS from RDC,"Abacavir 300mg, tablets, 60 Tabs",Abacavir,Generic,300mg,Tablet,60,89,1302.07,14.63,0.24,Mylan (formerly Matrix) Nashik,False,668.5,1924.4650000000001,2.15
7176,82980,151-NG-T30,FPQ-7812,SO-39995,DN-2354,Nigeria,PMO - US,From RDC,N/A - From RDC,Air Charter,2011-06-06,2011-05-03,2011-11-03,2011-09-28,2011-09-28,ARV,Adult,SCMS from RDC,"Tenofovir Disoproxil Fumarate 300mg, tablets, 30 Tabs",Tenofovir Disoproxil Fumarate,Generic,300mg,Tablet,30,1639,10522.38,6.42,0.21,Mylan (formerly Matrix) Nashik,True,107.0,18495.9,17.36
7177,82981,151-NG-T30,FPQ-7812,SO-39996,DN-2355,Nigeria,PMO - US,From RDC,N/A - From RDC,Air Charter,2011-06-06,2011-05-03,2011-11-03,2011-10-14,2011-10-14,ARV,Adult,SCMS from RDC,"Lamivudine/Tenofovir Disoproxil Fumarate 300/300mg, tablets, 30 Tabs",Lamivudine/Tenofovir Disoproxil Fumarate,Generic,300/300mg,Tablet - FDC,30,100654,868644.02,8.63,0.29,Mylan (formerly Matrix) Nashik,True,9629.0,21326.73,1433.26
7178,82984,113-ZW-T30,FPQ-7934,SO-40282,DN-2384,Zimbabwe,PMO - US,From RDC,N/A - From RDC,Truck,2011-06-28,2011-04-25,2011-10-25,2011-10-21,2011-10-21,ARV,Adult,SCMS from RDC,"Efavirenz 600mg, tablets, 30 Tabs",Efavirenz,Generic,600mg,Tablet,30,4200,17724.0,4.22,0.14,"Strides, Bangalore, India.",True,257.0,320.43,29.24
7179,82985,111-MZ-T30,FPQ-7053,SO-38642,DN-2392,Mozambique,PMO - US,From RDC,N/A - From RDC,Truck,2011-01-24,2011-06-14,2011-12-14,2011-12-14,2011-12-14,ARV,Pediatric,SCMS from RDC,"Nevirapine 10mg/ml, oral suspension, Bottle, 240 ml",Nevirapine,Generic,10mg/ml,Oral suspension,240,2047,3684.6,1.8,0.01,"Aurobindo Unit III, India",False,668.5,5192.68,6.08
7180,82986,113-ZW-T30,FPQ-7934,SO-40283,DN-2397,Zimbabwe,PMO - US,From RDC,N/A - From RDC,Truck,2011-06-28,2011-05-21,2011-11-21,2011-11-21,2011-11-21,ARV,Adult,SCMS from RDC,"Nevirapine 200mg, tablets, 60 Tabs",Nevirapine,Generic,200mg,Tablet,60,55800,140058.0,2.51,0.04,Mylan (formerly Matrix) Nashik,True,5598.0,11154.87,231.1
7181,82987,111-MZ-T30,FPQ-8157,SO-40330,DN-2417,Mozambique,PMO - US,From RDC,N/A - From RDC,Truck,2011-08-04,2011-05-30,2011-11-30,2011-12-14,2011-12-14,ARV,Pediatric,SCMS from RDC,"Zidovudine 10mg/ml, oral solution w/syringe, Bottle, 240 ml",Zidovudine,Generic,10mg/ml,Oral solution,240,2350,4935.0,2.1,0.01,"Aurobindo Unit III, India",True,904.0,573.43,8.14
7182,82988,104-CI-T30,FPQ-8295,SO-40810,DN-2418,Côte d'Ivoire,PMO - US,From RDC,N/A - From RDC,Truck,2011-08-25,2011-05-30,2011-11-30,2011-11-19,2011-11-19,ARV,Pediatric,SCMS from RDC,"Zidovudine 100mg, capsules, 100 Caps",Zidovudine,Generic,100mg,Capsule,100,2256,10738.56,4.76,0.05,"Aurobindo Unit III, India",True,172.0,3296.34,17.72
7183,82989,104-CI-T30,FPQ-8295,SO-40750,DN-2420,Côte d'Ivoire,PMO - US,From RDC,N/A - From RDC,Truck,2011-08-25,2011-06-09,2011-12-09,2011-11-19,2011-11-19,ARV,Adult,SCMS from RDC,"Efavirenz/Emtricitabine/Tenofovir Disoproxil Fumarate 600/200/300mg, tablets, 30 Tabs",Efavirenz/Emtricitabine/Tenofovir Disoproxil Fumarate,Generic,600/200/300mg,Tablet - FDC,30,6678,133025.76,19.92,0.66,Mylan (formerly Matrix) Nashik,True,2244.0,3296.34,219.49
7184,82990,107-RW-T30,FPQ-8372,SO-40960,DN-2429,Rwanda,PMO - US,From RDC,N/A - From RDC,Air,2011-10-19,2011-05-24,2011-11-24,2011-11-11,2011-11-11,ARV,Pediatric,SCMS from RDC,"Efavirenz 50mg, capsule, 30 Caps",Efavirenz,Generic,50mg,Capsule,30,500,1120.0,2.24,0.07,"Aurobindo Unit III, India",True,30.0,1309.03,1.85
7185,82991,107-RW-T30,FPQ-8204,SO-41040,DN-2439,Rwanda,PMO - US,From RDC,N/A - From RDC,Air,2011-08-12,2011-06-05,2011-12-05,2011-12-02,2011-12-02,ARV,Pediatric,SCMS from RDC,"Efavirenz 50mg, capsule, 30 Caps",Efavirenz,Generic,50mg,Capsule,30,700,1568.0,2.24,0.07,"Aurobindo Unit III, India",True,46.0,1274.98,2.59
7186,82992,113-ZW-T30,FPQ-7052,SO-38510,DN-2440,Zimbabwe,PMO - US,From RDC,N/A - From RDC,Truck,2011-01-19,2011-06-30,2011-12-30,2011-12-09,2011-12-09,ARV,Adult,SCMS from RDC,"Lamivudine/Nevirapine/Stavudine 150/200/30mg, tablets, 60 Tabs",Lamivudine/Nevirapine/Stavudine,Generic,150/200/30mg,Tablet - FDC,60,9493,52781.08,5.56,0.09,"Cipla, Goa, India",True,1021.0,5216.63,87.09
7187,82993,113-ZW-T30,FPQ-7052,SO-38521,DN-2441,Zimbabwe,PMO - US,From RDC,N/A - From RDC,Truck,2011-01-19,2011-06-07,2011-12-07,2011-12-09,2011-12-09,ARV,Adult,SCMS from RDC,"Lamivudine/Nevirapine/Stavudine 150/200/30mg, tablets, 60 Tabs",Lamivudine/Nevirapine/Stavudine,Generic,150/200/30mg,Tablet - FDC,60,75507,406227.66,5.38,0.09,"Cipla, Goa, India",True,8578.0,5216.63,670.28
7188,82994,114-UG-T30,FPQ-8522,SO-40941,DN-2461,Uganda,PMO - US,From RDC,N/A - From RDC,Truck,2011-10-05,2011-07-31,2012-01-31,2012-01-19,2012-01-19,ARV,Adult,SCMS from RDC,"Lamivudine/Zidovudine 150/300mg, tablets, 60 Tabs",Lamivudine/Zidovudine,Generic,150/300mg,Tablet - FDC,60,4226,34906.76,8.26,0.14,"Aurobindo Unit III, India",True,8.0,10891.66,57.6
7189,82995,114-UG-T30,FPQ-8522,SO-40941,DN-2461,Uganda,PMO - US,From RDC,N/A - From RDC,Truck,2011-10-05,2011-07-31,2012-01-31,2012-01-19,2012-01-19,ARV,Adult,SCMS from RDC,"Efavirenz/Emtricitabine/Tenofovir Disoproxil Fumarate 600/200/300mg, tablets, 30 Tabs",Efavirenz/Emtricitabine/Tenofovir Disoproxil Fumarate,Generic,600/200/300mg,Tablet - FDC,30,8665,172606.8,19.92,0.66,Mylan (formerly Matrix) Nashik,False,668.5,5458.45,284.8
7190,82996,114-UG-T30,FPQ-8522,SO-40941,DN-2461,Uganda,PMO - US,From RDC,N/A - From RDC,Truck,2011-10-05,2011-07-31,2012-01-31,2012-01-19,2012-01-19,ARV,Adult,SCMS from RDC,"Efavirenz 600mg, tablets, 30 Tabs",Efavirenz,Generic,600mg,Tablet,30,15155,62438.6,4.12,0.14,"Strides, Bangalore, India.",False,668.5,5458.45,103.02
7191,82997,109-TZ-T30,FPQ-8301,SO-40551,DN-2473,Tanzania,PMO - US,From RDC,N/A - From RDC,Truck,2011-09-02,2011-08-15,2012-02-15,2012-02-05,2012-02-05,ARV,Adult,SCMS from RDC,"Efavirenz/Lamivudine/Tenofovir Disoproxil Fumarate 600/300/300mg, tablets, 30 Tabs",Efavirenz/Lamivudine/Tenofovir Disoproxil Fumarate,Generic,600/300/300mg,Tablet - FDC,30,51763,884112.04,17.08,0.57,Mylan (formerly Matrix) Nashik,True,1645.0,0.0,1458.78
7192,82998,110-ZM-T30,FPQ-8476,SO-40951,DN-2477,Zambia,PMO - US,From RDC,N/A - From RDC,Truck,2011-09-27,2011-11-15,2012-05-15,2011-12-23,2011-12-23,ARV,Adult,SCMS from RDC,"Emtricitabine/Tenofovir Disoproxil Fumarate 200/300mg, tablets, 30 Tabs",Emtricitabine/Tenofovir Disoproxil Fumarate,Generic,200/300mg,Tablet - FDC,30,66075,592692.75,8.97,0.3,Mylan (formerly Matrix) Nashik,True,5727.0,14325.71,977.94
7193,82999,101-CD-T30,FPQ-8840,SO-41130,DN-2492,"Congo, DRC",PMO - US,From RDC,N/A - From RDC,Air,2011-11-21,2011-09-16,2012-03-16,2012-02-14,2012-02-14,ARV,Adult,SCMS from RDC,"Abacavir 300mg, tablets, 60 Tabs",Abacavir,Generic,300mg,Tablet,60,11,160.93,14.63,0.24,Mylan (formerly Matrix) Nashik,True,28.0,456.17,0.23
7194,83000,101-CD-T30,FPQ-8840,SO-41131,DN-2493,"Congo, DRC",PMO - US,From RDC,N/A - From RDC,Air,2011-11-21,2011-09-16,2012-03-16,2012-02-14,2012-02-14,ARV,Adult,SCMS from RDC,"Abacavir 300mg, tablets, 60 Tabs",Abacavir,Generic,300mg,Tablet,60,10,146.3,14.63,0.24,Mylan (formerly Matrix) Nashik,False,38.0,2346.5699999999997,0.21
7195,83001,101-CD-T30,FPQ-8840,SO-41134,DN-2496,"Congo, DRC",PMO - US,From RDC,N/A - From RDC,Air,2011-11-21,2011-09-16,2012-03-16,2012-02-14,2012-02-14,ARV,Adult,SCMS from RDC,"Lamivudine/Zidovudine 150/300mg, tablets, 60 Tabs",Lamivudine/Zidovudine,Generic,150/300mg,Tablet - FDC,60,79,652.54,8.26,0.14,"Aurobindo Unit III, India",False,668.5,2346.5699999999997,0.91
7196,83002,101-CD-T30,FPQ-8840,SO-41136,DN-2498,"Congo, DRC",PMO - US,From RDC,N/A - From RDC,Air,2011-11-21,2011-09-16,2012-03-16,2012-02-14,2012-02-14,ARV,Adult,SCMS from RDC,"Abacavir 300mg, tablets, 60 Tabs",Abacavir,Generic,300mg,Tablet,60,9,131.67,14.63,0.24,Mylan (formerly Matrix) Nashik,True,1.0,2346.5699999999997,0.18
7197,83003,101-CD-T30,FPQ-8840,SO-41136,DN-2498,"Congo, DRC",PMO - US,From RDC,N/A - From RDC,Air,2011-11-21,2011-09-16,2012-03-16,2012-02-14,2012-02-14,ARV,Adult,SCMS from RDC,"Efavirenz 600mg, tablets, 30 Tabs",Efavirenz,Generic,600mg,Tablet,30,10,41.2,4.12,0.14,"Strides, Bangalore, India.",False,38.0,2346.5699999999997,0.06
7198,83004,101-CD-T30,FPQ-8840,SO-41137,DN-2499,"Congo, DRC",PMO - US,From RDC,N/A - From RDC,Air,2011-11-21,2011-09-16,2012-03-16,2012-02-14,2012-02-14,ARV,Adult,SCMS from RDC,"Abacavir 300mg, tablets, 60 Tabs",Abacavir,Generic,300mg,Tablet,60,55,804.65,14.63,0.24,Mylan (formerly Matrix) Nashik,True,6.0,2346.5699999999997,1.13
7199,83005,101-CD-T30,FPQ-8840,SO-41138,DN-2500,"Congo, DRC",PMO - US,From RDC,N/A - From RDC,Air,2011-11-21,2011-08-10,2012-02-10,2012-02-14,2012-02-14,ARV,Adult,SCMS from RDC,"Efavirenz 600mg, tablets, 30 Tabs",Efavirenz,Generic,600mg,Tablet,30,59,243.08,4.12,0.14,"Strides, Bangalore, India.",False,17.5,2346.5699999999997,0.34
7200,83007,105-GY-T30,FPQ-8620,SO-41000,DN-2503,Guyana,PMO - US,From RDC,N/A - From RDC,Air,2011-10-27,2011-09-30,2012-03-30,2012-02-04,2012-02-04,ARV,Pediatric,SCMS from RDC,"Zidovudine 10mg/ml, oral solution w/syringe, Bottle, 240 ml",Zidovudine,Generic,10mg/ml,Oral solution,240,204,428.4,2.1,0.01,"Aurobindo Unit III, India",True,171.0,2522.76,0.6
7201,83008,101-CD-T30,FPQ-8840,SO-41142,DN-2506,"Congo, DRC",PMO - US,From RDC,N/A - From RDC,Air,2011-11-21,2011-09-16,2012-03-16,2012-03-14,2012-03-14,ARV,Adult,SCMS from RDC,"Lamivudine/Tenofovir Disoproxil Fumarate 300/300mg, tablets, 30 Tabs",Lamivudine/Tenofovir Disoproxil Fumarate,Generic,300/300mg,Tablet - FDC,30,14,85.12,6.08,0.2,Mylan (formerly Matrix) Nashik,False,38.5,2346.5699999999997,0.12
7202,83009,111-MZ-T30,FPQ-8157,SO-40360,DN-2518,Mozambique,PMO - US,From RDC,N/A - From RDC,Truck,2011-08-04,2011-09-30,2012-03-30,2012-03-08,2012-03-08,ARV,Adult,SCMS from RDC,"Lamivudine/Nevirapine/Zidovudine 150/200/300mg, tablets, 60 Tabs",Lamivudine/Nevirapine/Zidovudine,Generic,150/300/200mg,Tablet - FDC,60,15600,175032.0,11.22,0.19,Mylan (formerly Matrix) Nashik,True,27345.0,20994.62,288.8
7203,83010,111-MZ-T30,FPQ-8157,SO-40360,DN-2518,Mozambique,PMO - US,From RDC,N/A - From RDC,Truck,2011-08-04,2011-09-30,2012-03-30,2012-03-08,2012-03-08,ARV,Adult,SCMS from RDC,"Lamivudine/Nevirapine/Zidovudine 150/200/300mg, tablets, 60 Tabs",Lamivudine/Nevirapine/Zidovudine,Generic,150/300/200mg,Tablet - FDC,60,100000,1122000.0,11.22,0.19,"Cipla, Goa, India",False,9389.5,5192.68,1851.3
7204,83011,106-HT-T30,FPQ-9056,SO-41300,DN-2535,Haiti,PMO - US,From RDC,N/A - From RDC,Air,2011-12-20,2011-09-02,2012-03-02,2012-03-12,2012-03-12,ARV,Pediatric,SCMS from RDC,"Abacavir 20mg/ml, oral solution w/syringe, Bottle, 240 ml",Abacavir,Generic,20mg/ml,Oral solution,240,1470,18375.0,12.5,0.05,"Aurobindo Unit III, India",True,9635.0,95269.39,25.76
7205,83012,109-TZ-T30,FPQ-8303,SO-40510,DN-2537,Tanzania,PMO - US,From RDC,N/A - From RDC,Truck,2011-08-22,2011-09-30,2012-03-30,2012-03-12,2012-03-12,ARV,Pediatric,SCMS from RDC,"Efavirenz 50mg, capsule, 30 Caps",Efavirenz,Generic,50mg,Capsule,30,24747,55433.28,2.24,0.07,"Aurobindo Unit III, India",True,1437.0,1698.83,91.46
7206,83013,109-TZ-T30,FPQ-8297,SO-40642,DN-2541,Tanzania,PMO - US,From RDC,N/A - From RDC,Truck,2011-08-22,2011-09-23,2012-03-23,2012-03-12,2012-03-12,ARV,Adult,SCMS from RDC,"Lopinavir/Ritonavir 200/50mg [Aluvia], tablets, 120 Tabs",Lopinavir/Ritonavir,Aluvia,200/50mg,Tablet,120,17030,574592.2,33.74,0.28,ABBVIE Ludwigshafen Germany,True,3508.0,1698.83,948.08
7207,83014,109-TZ-T30,FPQ-8297,SO-40640,DN-2542,Tanzania,PMO - US,From RDC,N/A - From RDC,Truck,2011-08-22,2011-09-23,2012-03-23,2012-03-12,2012-03-12,ARV,Adult,SCMS from RDC,"Lopinavir/Ritonavir 200/50mg, tablets, 120 Tabs",Lopinavir/Ritonavir,Generic,200/50mg,Tablet,120,3679,123614.4,33.6,0.28,"Aurobindo Unit III, India",True,932.0,1698.83,203.96
7208,83015,110-ZM-T30,FPQ-7667,SO-40243,DN-2578,Zambia,PMO - US,From RDC,N/A - From RDC,Ocean,2011-07-26,2011-09-30,2012-03-30,2012-02-27,2012-02-27,ARV,Pediatric,SCMS from RDC,"Nevirapine 10mg/ml, oral suspension w/syringe, Bottle, 240 ml",Nevirapine,Generic,10mg/ml,Oral suspension,240,4013,7825.35,1.95,0.01,"Aurobindo Unit III, India",True,1487.0,5447.21,12.91
7209,83016,151-NG-T30,FPQ-8952,SO-41251,DN-2586,Nigeria,PMO - US,From RDC,N/A - From RDC,Air,2011-12-08,2012-01-04,2012-07-04,2012-03-15,2012-03-15,ARV,Adult,SCMS from RDC,"Lamivudine/Nevirapine/Zidovudine 150/200/300mg, tablets, 60 Tabs",Lamivudine/Nevirapine/Zidovudine,Generic,150/300/200mg,Tablet - FDC,60,84000,924000.0,11.0,0.18,Mylan (formerly Matrix) Nashik,True,11160.0,87294.56,1295.45
7210,83017,109-TZ-T30,FPQ-8297,SO-40614,DN-2588,Tanzania,PMO - US,From RDC,N/A - From RDC,Truck,2011-08-22,2011-11-04,2012-05-04,2012-03-13,2012-03-13,ARV,Adult,SCMS from RDC,"Lamivudine 150mg, tablets, 60 Tabs",Lamivudine,Generic,150mg,Tablet,60,96018,223721.94,2.33,0.04,Macleods Daman Plant INDIA,True,4271.0,3825.8,369.14
7211,83018,111-MZ-T30,FPQ-8157,SO-40382,DN-2589,Mozambique,PMO - US,From RDC,N/A - From RDC,Truck,2011-08-04,2011-11-07,2012-05-07,2012-05-24,2012-05-24,ARV,Pediatric,SCMS from RDC,"Nevirapine 10mg/ml, oral suspension w/syringe, Bottle, 240 ml",Nevirapine,Generic,10mg/ml,Oral suspension,240,41737,81387.15,1.95,0.01,"Aurobindo Unit III, India",True,15160.0,12405.54,134.29
7212,83019,111-MZ-T30,FPQ-8157,SO-40381,DN-2590,Mozambique,PMO - US,From RDC,N/A - From RDC,Truck,2011-08-04,2011-11-07,2012-05-07,2012-05-24,2012-05-24,ARV,Adult,SCMS from RDC,"Lamivudine/Nevirapine/Zidovudine 150/200/300mg, tablets, 60 Tabs",Lamivudine/Nevirapine/Zidovudine,Generic,150/300/200mg,Tablet - FDC,60,185875,2085517.5,11.22,0.19,"Aurobindo Unit III, India",True,26760.0,12405.54,3441.1
7213,83020,109-TZ-T30,FPQ-8297,SO-40631,DN-2591,Tanzania,PMO - US,From RDC,N/A - From RDC,Truck,2011-08-22,2011-10-30,2012-04-30,2012-04-11,2012-04-11,ARV,Adult,SCMS from RDC,"Efavirenz/Emtricitabine/Tenofovir Disoproxil Fumarate 600/200/300mg, tablets, 30 Tabs",Efavirenz/Emtricitabine/Tenofovir Disoproxil Fumarate,Generic,600/200/300mg,Tablet - FDC,30,131280,2196314.4,16.73,0.56,Mylan (formerly Matrix) Nashik,True,15032.0,3279.25,3623.92
7214,83021,102-BI-T30,FPQ-9229,SO-41530,DN-2594,Burundi,PMO - US,From RDC,N/A - From RDC,Air,2012-01-25,2011-10-26,2012-04-26,2012-05-04,2012-05-04,ARV,Pediatric,SCMS from RDC,"Lamivudine/Zidovudine 30/60mg, tablets, 60 Tabs",Lamivudine/Zidovudine,Generic,30/60mg,Tablet - FDC,60,15,44.85,2.99,0.05,Mylan (formerly Matrix) Nashik,True,5256.0,9506.0,0.06
7215,83022,106-HT-T30,FPQ-9441,SO-41650,DN-2600,Haiti,PMO - US,From RDC,N/A - From RDC,Air,2012-03-01,2011-10-16,2012-04-16,2012-03-28,2012-03-28,ARV,Adult,SCMS from RDC,"Tenofovir Disoproxil Fumarate 300mg, tablets, 30 Tabs",Tenofovir Disoproxil Fumarate,Generic,300mg,Tablet,30,192,1056.0,5.5,0.18,Mylan (formerly Matrix) Nashik,True,20.0,870.96,1.48
7216,83023,114-UG-T30,FPQ-9354,SO-41630,DN-2603,Uganda,PMO - US,From RDC,N/A - From RDC,Air,2012-02-20,2011-11-03,2012-05-03,2012-03-27,2012-03-27,ARV,Adult,SCMS from RDC,"Nevirapine 200mg, tablets, 60 Tabs",Nevirapine,Generic,200mg,Tablet,60,5924,14869.24,2.51,0.04,"Strides, Bangalore, India.",True,1421.0,4322.6,20.85
7217,83024,111-MZ-T30,FPQ-8157,SO-40390,DN-2616,Mozambique,PMO - US,From RDC,N/A - From RDC,Truck,2011-08-04,2011-11-07,2012-05-07,2012-05-10,2012-05-10,ARV,Adult,SCMS from RDC,"Lamivudine/Nevirapine/Zidovudine 150/200/300mg, tablets, 60 Tabs",Lamivudine/Nevirapine/Zidovudine,Generic,150/300/200mg,Tablet - FDC,60,117749,1321143.78,11.22,0.19,Mylan (formerly Matrix) Nashik,True,28088.0,19652.22,2179.89
7218,83026,104-CI-T30,FPQ-8295,SO-40793,DN-2622,Côte d'Ivoire,PMO - US,From RDC,N/A - From RDC,Truck,2011-08-25,2011-10-16,2012-04-16,2012-04-11,2012-04-11,ARV,Pediatric,SCMS from RDC,"Didanosine 200mg, delayed-release capsules, 30 Caps",Didanosine,Generic,200mg,Delayed-release capsules,30,1825,20075.0,11.0,0.37,"Aurobindo Unit III, India",True,119.0,3159.12,33.12
7219,83027,104-CI-T30,FPQ-8787,SO-41150,DN-2623,Côte d'Ivoire,PMO - US,From RDC,N/A - From RDC,Air,2011-11-11,2011-10-16,2012-04-16,2012-04-11,2012-04-11,ARV,Pediatric,SCMS from RDC,"Didanosine 200mg, delayed-release capsules, 30 Caps",Didanosine,Generic,200mg,Delayed-release capsules,30,1235,13585.0,11.0,0.37,"Aurobindo Unit III, India",True,649.0,1191.02,19.05
7220,83028,151-NG-T30,FPQ-8364,SO-40660,DN-2630,Nigeria,PMO - US,From RDC,N/A - From RDC,Air Charter,2011-08-29,2011-11-20,2012-05-20,2012-04-30,2012-04-30,ARV,Adult,SCMS from RDC,"Lamivudine/Nevirapine/Zidovudine 150/200/300mg, tablets, 60 Tabs",Lamivudine/Nevirapine/Zidovudine,Generic,150/300/200mg,Tablet - FDC,60,48821,547771.62,11.22,0.19,Mylan (formerly Matrix) Nashik,True,6949.0,27441.22,903.82
7221,83029,102-LY-T30,FPQ-9665,SO-41900,DN-2641,Libya,PMO - US,From RDC,N/A - From RDC,Air,2012-04-04,2011-11-23,2012-05-23,2012-05-23,2012-05-23,ARV,Adult,SCMS from RDC,"Lopinavir/Ritonavir 200/50mg [Aluvia], tablets, 120 Tabs",Lopinavir/Ritonavir,Aluvia,200/50mg,Tablet,120,500,15410.0,30.82,0.26,ABBVIE Ludwigshafen Germany,True,709.0,761.91,21.6
7222,83030,102-DO-T30,FPQ-9676,SO-41871,DN-2648,Dominican Republic,PMO - US,From RDC,N/A - From RDC,Air,2012-04-09,2011-11-21,2012-05-21,2012-05-09,2012-05-09,ARV,Adult,SCMS from RDC,"Lamivudine/Tenofovir Disoproxil Fumarate 300/300mg, tablets, 30 Tabs",Lamivudine/Tenofovir Disoproxil Fumarate,Generic,300/300mg,Tablet - FDC,30,847,4692.38,5.54,0.18,"Aurobindo Unit VII, IN",True,85.0,1857.04,6.58
7223,83031,113-ZW-T30,FPQ-8464,SO-40861,DN-2655,Zimbabwe,PMO - US,From RDC,N/A - From RDC,Truck,2011-10-04,2011-11-30,2012-05-31,2012-05-25,2012-05-25,ARV,Adult,SCMS from RDC,"Lamivudine/Tenofovir Disoproxil Fumarate 300/300mg, tablets, 30 Tabs",Lamivudine/Tenofovir Disoproxil Fumarate,Generic,300/300mg,Tablet - FDC,30,78082,432574.28,5.54,0.18,Mylan (formerly Matrix) Nashik,False,10902.0,6721.705,713.75
7224,83032,113-ZW-T30,FPQ-8464,SO-40870,DN-2656,Zimbabwe,PMO - US,From RDC,N/A - From RDC,Truck,2011-10-04,2011-12-12,2012-06-12,2012-05-25,2012-05-25,ARV,Adult,SCMS from RDC,"Lamivudine/Tenofovir Disoproxil Fumarate 300/300mg, tablets, 30 Tabs",Lamivudine/Tenofovir Disoproxil Fumarate,Generic,300/300mg,Tablet - FDC,30,78082,432574.28,5.54,0.18,Mylan (formerly Matrix) Nashik,True,14314.0,15219.72,713.75
7225,83033,113-ZW-T30,FPQ-8464,SO-40870,DN-2656,Zimbabwe,PMO - US,From RDC,N/A - From RDC,Truck,2011-10-04,2011-12-12,2012-06-12,2012-05-25,2012-05-25,ARV,Adult,SCMS from RDC,"Efavirenz 600mg, tablets, 30 Tabs",Efavirenz,Generic,600mg,Tablet,30,17422,68120.02,3.91,0.13,"Strides, Bangalore, India.",False,668.5,6721.705,112.4
7226,83034,113-ZW-T30,FPQ-8464,SO-40870,DN-2656,Zimbabwe,PMO - US,From RDC,N/A - From RDC,Truck,2011-10-04,2011-12-12,2012-06-12,2012-05-25,2012-05-25,ARV,Adult,SCMS from RDC,"Lamivudine/Stavudine 150/30mg, tablets, 60 Tabs",Lamivudine/Stavudine,Generic,150/30mg,Tablet - FDC,60,7150,21092.5,2.95,0.05,"Strides, Bangalore, India.",False,2778.0,6721.705,34.8
7227,83037,110-ZM-T30,FPQ-9472,SO-41710,DN-2661,Zambia,PMO - US,From RDC,N/A - From RDC,Truck,2012-03-08,2012-01-26,2012-07-26,2012-06-18,2012-06-18,ARV,Adult,SCMS from RDC,"Efavirenz 600mg, tablets, 30 Tabs",Efavirenz,Generic,600mg,Tablet,30,46190,190302.8,4.12,0.14,"Strides, Bangalore, India.",True,4539.0,4496.13,266.8
7228,83038,114-UG-T30,FPQ-9875,SO-42050,DN-2675,Uganda,PMO - US,From RDC,N/A - From RDC,Air,2012-05-09,2012-01-04,2012-07-04,2012-06-12,2012-06-12,ARV,Adult,SCMS from RDC,"Efavirenz 600mg, tablets, 30 Tabs",Efavirenz,Generic,600mg,Tablet,30,20000,78200.0,3.91,0.13,"Strides, Bangalore, India.",True,2501.0,18520.22,109.64
7229,83039,114-UG-T30,FPQ-9875,SO-42080,DN-2677,Uganda,PMO - US,From RDC,N/A - From RDC,Truck,2012-05-09,2012-02-17,2012-08-17,2012-06-08,2012-06-08,ARV,Adult,SCMS from RDC,"Lamivudine/Zidovudine 150/300mg, tablets, 60 Tabs",Lamivudine/Zidovudine,Generic,150/300mg,Tablet - FDC,60,17827,138694.06,7.78,0.13,Hetero Unit III Hyderabad IN,True,2939.0,17665.42,194.45
7230,83040,102-CD-T30,FPQ-9640,SO-41860,DN-2678,"Congo, DRC",PMO - US,From RDC,N/A - From RDC,Air,2012-04-02,2012-03-03,2012-09-03,2012-09-03,2012-09-03,ARV,Adult,SCMS from RDC,"Lamivudine/Nevirapine/Zidovudine 150/200/300mg, tablets, 60 Tabs",Lamivudine/Nevirapine/Zidovudine,Generic,150/300/200mg,Tablet - FDC,60,2000,20580.0,10.29,0.17,Mylan (formerly Matrix) Nashik,True,274.0,2371.06,28.85
7231,83041,151-NG-T30,FPQ-8952,SO-41256,DN-2690,Nigeria,PMO - US,From RDC,N/A - From RDC,Air Charter,2011-12-08,2012-01-04,2012-07-04,2012-06-03,2012-06-03,ARV,Adult,SCMS from RDC,"Nevirapine 200mg, tablets, 60 Tabs",Nevirapine,Generic,200mg,Tablet,60,6026,14703.44,2.44,0.04,Mylan (formerly Matrix) Nashik,True,6944.0,17090.0,20.61
7232,83042,107-RW-T30,FPQ-9912,SO-42160,DN-2691,Rwanda,PMO - US,From RDC,N/A - From RDC,Air,2012-05-11,2012-01-31,2012-07-31,2012-06-15,2012-06-15,ARV,Adult,SCMS from RDC,"Tenofovir Disoproxil Fumarate 300mg, tablets, 30 Tabs",Tenofovir Disoproxil Fumarate,Generic,300mg,Tablet,30,1056,5808.0,5.5,0.18,Mylan (formerly Matrix) Nashik,True,69.0,1366.67,8.14
7233,83043,113-ZW-T30,FPQ-8464,SO-40901,DN-2695,Zimbabwe,PMO - US,From RDC,N/A - From RDC,Truck,2011-10-04,2012-06-11,2012-12-11,2012-06-27,2012-06-27,ARV,Adult,SCMS from RDC,"Lamivudine/Nevirapine/Stavudine 150/200/30mg, tablets, 60 Tabs",Lamivudine/Nevirapine/Stavudine,Generic,150/200/30mg,Tablet - FDC,60,71030,333841.0,4.7,0.08,"Strides, Bangalore, India.",True,6990.0,5530.11,550.84
7234,83044,113-ZW-T30,FPQ-8464,SO-40901,DN-2695,Zimbabwe,PMO - US,From RDC,N/A - From RDC,Truck,2011-10-04,2012-06-11,2012-12-11,2012-06-27,2012-06-27,ARV,Adult,SCMS from RDC,"Lamivudine/Zidovudine 150/300mg, tablets, 60 Tabs",Lamivudine/Zidovudine,Generic,150/300mg,Tablet - FDC,60,3345,26024.1,7.78,0.13,Mylan (formerly Matrix) Nashik,False,7114.0,6721.705,42.94
7235,83045,102-CD-T30,FPQ-9640,SO-41850,DN-2697,"Congo, DRC",PMO - US,From RDC,N/A - From RDC,Air,2012-04-02,2012-03-11,2012-09-11,2012-09-11,2012-09-11,ARV,Adult,SCMS from RDC,"Lopinavir/Ritonavir 200/50mg, tablets, 120 Tabs",Lopinavir/Ritonavir,Generic,200/50mg,Tablet,120,600,17808.0,29.68,0.25,"Aurobindo Unit III, India",True,895.0,6061.4,24.97
7236,83046,102-CD-T30,FPQ-9640,SO-41850,DN-2697,"Congo, DRC",PMO - US,From RDC,N/A - From RDC,Air,2012-04-02,2012-03-11,2012-09-11,2012-09-11,2012-09-11,ARV,Pediatric,SCMS from RDC,"Nevirapine 10mg/ml, oral suspension w/syringe, Bottle, 240 ml",Nevirapine,Generic,10mg/ml,Oral suspension,240,1500,2925.0,1.95,0.01,"Aurobindo Unit III, India",False,575.0,2346.5699999999997,4.1
7237,83047,111-MZ-T30,FPQ-9506,SO-41761,DN-2704,Mozambique,PMO - US,From RDC,N/A - From RDC,Truck,2012-03-16,2012-01-31,2012-07-31,2012-06-28,2012-06-28,ARV,Pediatric,SCMS from RDC,"Nevirapine 10mg/ml, oral suspension w/syringe, Bottle, 240 ml",Nevirapine,Generic,10mg/ml,Oral suspension,240,60968,118887.6,1.95,0.01,"Aurobindo Unit III, India",True,53692.0,5192.68,166.68
7238,83048,151-NG-T30,FPQ-9432,SO-42334,DN-2708,Nigeria,PMO - US,From RDC,N/A - From RDC,Air Charter,2012-03-01,2012-02-02,2012-08-02,2012-06-03,2012-06-03,ARV,Adult,SCMS from RDC,"Emtricitabine/Tenofovir Disoproxil Fumarate 200/300mg, tablets, 30 Tabs",Emtricitabine/Tenofovir Disoproxil Fumarate,Generic,200/300mg,Tablet - FDC,30,13743,110493.72,8.04,0.27,"Aurobindo Unit III, India",True,1340.0,17090.0,154.91
7239,83049,151-NG-T30,FPQ-9432,SO-42335,DN-2709,Nigeria,PMO - US,From RDC,N/A - From RDC,Air Charter,2012-03-01,2012-02-02,2012-08-02,2012-06-03,2012-06-03,ARV,Adult,SCMS from RDC,"Lamivudine/Nevirapine/Zidovudine 150/200/300mg, tablets, 60 Tabs",Lamivudine/Nevirapine/Zidovudine,Generic,150/300/200mg,Tablet - FDC,60,116254,1196253.66,10.29,0.17,Mylan (formerly Matrix) Nashik,True,14964.0,17090.0,1677.15
7240,83050,114-UG-T30,FPQ-9354,SO-41620,DN-2712,Uganda,PMO - US,From RDC,N/A - From RDC,Air,2012-02-20,2012-01-20,2012-07-20,2012-07-13,2012-07-13,ARV,Adult,SCMS from RDC,"Tenofovir Disoproxil Fumarate 300mg, tablets, 30 Tabs",Tenofovir Disoproxil Fumarate,Generic,300mg,Tablet,30,1685,9267.5,5.5,0.18,"Aurobindo Unit III, India",True,137.0,1834.79,12.99
7241,83051,151-NG-T30,FPQ-8952,SO-41250,DN-2725,Nigeria,PMO - US,From RDC,N/A - From RDC,Air Charter,2011-12-08,2012-01-04,2012-07-04,2012-07-10,2012-07-10,ARV,Adult,SCMS from RDC,"Nevirapine 200mg, tablets, 60 Tabs",Nevirapine,Generic,200mg,Tablet,60,100156,244380.64,2.44,0.04,"Aurobindo Unit III, India",True,10687.0,21347.12,342.62
7242,83052,151-NG-T30,FPQ-8952,SO-42640,DN-2728,Nigeria,PMO - US,From RDC,N/A - From RDC,Air Charter,2011-12-08,2012-01-10,2012-07-10,2012-07-10,2012-07-10,ARV,Adult,SCMS from RDC,"Lamivudine/Zidovudine 150/300mg, tablets, 60 Tabs",Lamivudine/Zidovudine,Generic,150/300mg,Tablet - FDC,60,74288,577960.64,7.78,0.13,"Aurobindo Unit III, India",True,7351.0,21347.12,810.3
7243,83053,151-NG-T30,FPQ-9432,SO-41681,DN-2727,Nigeria,PMO - US,From RDC,N/A - From RDC,Air Charter,2012-03-01,2012-02-02,2012-08-02,2012-07-09,2012-07-09,ARV,Adult,SCMS from RDC,"Nevirapine 200mg, tablets, 60 Tabs",Nevirapine,Generic,200mg,Tablet,60,99999,243997.56,2.44,0.04,Mylan (formerly Matrix) Nashik,True,13437.0,21347.12,342.08
7244,83054,151-NG-T30,FPQ-9432,SO-41682,DN-2729,Nigeria,PMO - US,From RDC,N/A - From RDC,Air Charter,2012-03-01,2012-02-02,2012-08-02,2012-07-09,2012-07-09,ARV,Adult,SCMS from RDC,"Efavirenz 600mg, tablets, 30 Tabs",Efavirenz,Generic,600mg,Tablet,30,3103,11822.43,3.81,0.13,"Strides, Bangalore, India.",False,668.5,12601.07,16.58
7245,83055,107-RW-T30,FPQ-10119,SO-42731,DN-2737,Rwanda,PMO - US,From RDC,N/A - From RDC,Air,2012-06-18,2012-03-28,2012-09-28,2012-07-21,2012-07-21,ARV,Pediatric,SCMS from RDC,"Efavirenz 200mg, capsule, 90 Caps",Efavirenz,Generic,200mg,Capsule,90,1480,12224.8,8.26,0.09,"Aurobindo Unit III, India",True,187.0,2109.22,17.14
7246,83056,114-UG-T30,FPQ-9875,SO-42051,DN-2745,Uganda,PMO - US,From RDC,N/A - From RDC,Air,2012-05-09,2012-02-07,2012-08-07,2012-08-07,2012-08-07,ARV,Adult,SCMS from RDC,"Efavirenz 600mg, tablets, 30 Tabs",Efavirenz,Generic,600mg,Tablet,30,13373,52288.43,3.91,0.13,"Strides, Bangalore, India.",True,816.0,7964.24,73.31
7247,83057,900-UG-T30,FPQ-10048,SO-42600,DN-2746,Uganda,PMO - US,From RDC,N/A - From RDC,Air,2012-06-06,2012-02-07,2012-08-07,2012-08-07,2012-08-07,ARV,Adult,SCMS from RDC,"Efavirenz 600mg, tablets, 30 Tabs",Efavirenz,Generic,600mg,Tablet,30,23000,89930.0,3.91,0.13,"Strides, Bangalore, India.",True,1403.0,9800.0,126.08
7248,83059,103-CD-T30,FPQ-10187,SO-42770,DN-2758,"Congo, DRC",PMO - US,From RDC,N/A - From RDC,Air,2012-06-26,2012-05-30,2012-11-30,2012-11-30,2012-11-30,HRDT,HIV test,SCMS from RDC,"HIV 1/2, Determine Complete HIV Kit, 100 Tests","HIV 1/2, Determine Complete HIV Kit",Determine,no_dosage,Test kit,100,725,58000.0,80.0,0.8,"Alere Medical Co., Ltd.",True,225.0,1482.7,81.32
7249,83060,151-NG-T30,FPQ-9432,SO-42802,DN-2767,Nigeria,PMO - US,From RDC,N/A - From RDC,Air Charter,2012-03-01,2012-02-02,2012-08-02,2012-07-24,2012-07-24,ARV,Adult,SCMS from RDC,"Lamivudine/Nevirapine/Zidovudine 150/200/300mg, tablets, 60 Tabs",Lamivudine/Nevirapine/Zidovudine,Generic,150/300/200mg,Tablet - FDC,60,159964,1569246.84,9.81,0.16,"Aurobindo Unit III, India",True,37944.0,16532.5,2200.08
7250,83061,900-UG-T30,FPQ-10048,SO-42570,DN-2781,Uganda,PMO - US,From RDC,N/A - From RDC,Air,2012-06-06,2012-04-30,2012-10-30,2012-10-30,2012-10-30,ARV,Adult,SCMS from RDC,"Lamivudine/Tenofovir Disoproxil Fumarate 300/300mg, tablets, 30 Tabs",Lamivudine/Tenofovir Disoproxil Fumarate,Generic,300/300mg,Tablet - FDC,30,20000,110800.0,5.54,0.18,"Aurobindo Unit VII, IN",True,8996.0,43098.9,155.34
7251,83062,900-UG-T30,FPQ-10048,SO-42581,DN-2782,Uganda,PMO - US,From RDC,N/A - From RDC,Air,2012-06-06,2012-04-30,2012-10-30,2012-10-30,2012-10-30,ARV,Adult,SCMS from RDC,"Lopinavir/Ritonavir 200/50mg, tablets, 120 Tabs",Lopinavir/Ritonavir,Generic,200/50mg,Tablet,120,5000,148400.0,29.68,0.25,"Aurobindo Unit III, India",True,1199.0,7070.0,208.06
7252,83063,104-CI-T30,FPQ-9063,SO-41341,DN-2787,Côte d'Ivoire,PMO - US,From RDC,N/A - From RDC,Truck,2011-12-21,2012-02-29,2012-08-31,2012-08-12,2012-08-12,ARV,Adult,SCMS from RDC,"Efavirenz 600mg, tablets, 30 Tabs",Efavirenz,Generic,600mg,Tablet,30,54392,207233.52,3.81,0.13,Hetero Unit III Hyderabad IN,True,4883.0,16898.58,290.54
7253,83064,151-NG-T30,FPQ-9432,SO-42930,DN-2791,Nigeria,PMO - US,From RDC,N/A - From RDC,Air Charter,2012-03-01,2012-02-20,2012-08-20,2012-08-14,2012-08-14,ARV,Adult,SCMS from RDC,"Lamivudine/Zidovudine 150/300mg, tablets, 60 Tabs",Lamivudine/Zidovudine,Generic,150/300mg,Tablet - FDC,60,1048,8384.0,8.0,0.13,"Cipla, Goa, India",True,4809.0,18461.23,11.75
7254,83065,107-RW-T30,FPQ-10042,SO-42490,DN-2798,Rwanda,PMO - US,From RDC,N/A - From RDC,Air,2012-06-04,2012-02-29,2012-08-31,2012-08-23,2012-08-23,ARV,Adult,SCMS from RDC,"Abacavir 300mg, tablets, 60 Tabs",Abacavir,Generic,300mg,Tablet,60,6849,90064.35,13.15,0.22,"Aurobindo Unit III, India",True,880.0,13841.89,126.27
7255,83066,900-UG-T30,FPQ-10084,SO-42631,DN-2800,Uganda,PMO - US,From RDC,N/A - From RDC,Truck,2012-06-07,2012-03-27,2012-09-27,2012-09-27,2012-09-27,ARV,Adult,SCMS from RDC,"Efavirenz 600mg, tablets, 30 Tabs",Efavirenz,Generic,600mg,Tablet,30,66160,258685.6,3.91,0.13,"Aurobindo Unit III, India",True,5641.0,2175.07,362.68
7256,83067,105-GY-T30,FPQ-10252,SO-42780,DN-2811,Guyana,PMO - US,From RDC,N/A - From RDC,Air,2012-07-05,2012-04-02,2012-10-02,2012-08-29,2012-08-29,ARV,Pediatric,SCMS from RDC,"Efavirenz 200mg, capsule, 90 Caps",Efavirenz,Generic,200mg,Capsule,90,52,429.52,8.26,0.09,"Aurobindo Unit III, India",True,38.0,4718.3,0.6
7257,83068,102-CD-T30,FPQ-9906,SO-42340,DN-2812,"Congo, DRC",PMO - US,From RDC,N/A - From RDC,Air,2012-05-15,2012-08-14,2013-02-14,2013-02-14,2013-02-14,ARV,Adult,SCMS from RDC,"Lamivudine/Zidovudine 150/300mg, tablets, 60 Tabs",Lamivudine/Zidovudine,Generic,150/300mg,Tablet - FDC,60,1224,9449.28,7.72,0.13,Mylan (formerly Matrix) Nashik,True,3637.0,25634.47,13.25
7258,83069,151-NG-T30,FPQ-9432,SO-42937,DN-2821,Nigeria,PMO - US,From RDC,N/A - From RDC,Air,2012-03-01,2012-02-29,2012-08-31,2012-08-14,2012-08-14,ARV,Adult,SCMS from RDC,"Lamivudine/Tenofovir Disoproxil Fumarate 300/300mg, tablets, 30 Tabs",Lamivudine/Tenofovir Disoproxil Fumarate,Generic,300/300mg,Tablet - FDC,30,25000,134000.0,5.36,0.18,Hetero Unit III Hyderabad IN,True,5897.0,18461.22,187.87
7259,83070,151-NG-T30,FPQ-9432,SO-41680,DN-2823,Nigeria,PMO - US,From RDC,N/A - From RDC,Air,2012-03-01,2012-03-10,2012-09-10,2012-08-14,2012-08-14,ARV,Adult,SCMS from RDC,"Efavirenz/Emtricitabine/Tenofovir Disoproxil Fumarate 600/200/300mg, tablets, 30 Tabs",Efavirenz/Emtricitabine/Tenofovir Disoproxil Fumarate,Generic,600/200/300mg,Tablet - FDC,30,107489,1616634.56,15.04,0.5,Mylan (formerly Matrix) Nashik,True,13193.0,18461.22,2266.52
7260,83071,110-ZM-T30,FPQ-8476,SO-40956,DN-2832,Zambia,PMO - US,From RDC,N/A - From RDC,Truck,2011-09-27,2012-03-17,2012-09-17,2012-09-07,2012-09-07,ARV,Adult,SCMS from RDC,"Zidovudine 300mg, tablets, 60 Tabs",Zidovudine,Generic,300mg,Tablet,60,27633,186799.08,6.76,0.11,Hetero Unit III Hyderabad IN,False,668.5,6476.695,308.22
7261,83072,110-ZM-T30,FPQ-9472,SO-41703,DN-2834,Zambia,PMO - US,From RDC,N/A - From RDC,Truck,2012-03-08,2012-03-24,2012-09-24,2012-09-07,2012-09-07,ARV,Adult,SCMS from RDC,"Emtricitabine/Tenofovir Disoproxil Fumarate 200/300mg, tablets, 30 Tabs",Emtricitabine/Tenofovir Disoproxil Fumarate,Generic,200/300mg,Tablet - FDC,30,107175,762014.25,7.11,0.24,Mylan (formerly Matrix) Nashik,True,8709.0,7317.47,1068.34
7262,83073,110-ZM-T30,FPQ-9773,SO-41991,DN-2833,Zambia,PMO - US,From RDC,N/A - From RDC,Truck,2012-04-27,2012-03-25,2012-09-25,2012-09-07,2012-09-07,ARV,Adult,SCMS from RDC,"Efavirenz 600mg, tablets, 30 Tabs",Efavirenz,Generic,600mg,Tablet,30,182876,715045.16,3.91,0.13,"Strides, Bangalore, India.",False,668.5,6476.695,1002.49
7263,83074,104-CI-T30,FPQ-9749,SO-42382,DN-2837,Côte d'Ivoire,PMO - US,From RDC,N/A - From RDC,Truck,2012-04-19,2012-05-13,2012-11-13,2012-09-05,2012-09-05,ARV,Adult,SCMS from RDC,"Lamivudine/Nevirapine/Zidovudine 150/200/300mg, tablets, 60 Tabs",Lamivudine/Nevirapine/Zidovudine,Generic,150/300/200mg,Tablet - FDC,60,75024,735985.44,9.81,0.16,Hetero Unit III Hyderabad IN,False,668.5,6757.815,1031.85
7264,83075,114-UG-T30,FPQ-9356,SO-41600,DN-2840,Uganda,PMO - US,From RDC,N/A - From RDC,Truck,2012-02-20,2012-04-05,2012-10-05,2012-10-06,2012-10-06,ARV,Adult,SCMS from RDC,"Lopinavir/Ritonavir 200/50mg, tablets, 120 Tabs",Lopinavir/Ritonavir,Generic,200/50mg,Tablet,120,4968,145612.08,29.31,0.24,"Aurobindo Unit III, India",True,1207.0,7238.0,204.15
7265,83076,114-UG-T30,FPQ-9876,SO-42320,DN-2841,Uganda,PMO - US,From RDC,N/A - From RDC,Truck,2012-05-15,2012-03-28,2012-09-28,2012-09-24,2012-09-24,ARV,Adult,SCMS from RDC,"Lopinavir/Ritonavir 200/50mg, tablets, 120 Tabs",Lopinavir/Ritonavir,Generic,200/50mg,Tablet,120,8517,252784.56,29.68,0.25,"Aurobindo Unit III, India",True,2078.0,15761.76,354.4
7266,83077,107-RW-T30,FPQ-10119,SO-42760,DN-2845,Rwanda,PMO - US,From RDC,N/A - From RDC,Air,2012-06-18,2012-04-30,2012-10-31,2012-10-30,2012-10-30,ARV,Adult,SCMS from RDC,"Lopinavir/Ritonavir 200/50mg, tablets, 120 Tabs",Lopinavir/Ritonavir,Generic,200/50mg,Tablet,120,10979,325856.72,29.68,0.25,Mylan (formerly Matrix) Nashik,True,2881.0,5825.17,456.85
7267,83078,107-RW-T30,FPQ-10015,SO-42480,DN-2848,Rwanda,PMO - US,From RDC,N/A - From RDC,Air,2012-06-04,2012-03-28,2012-09-28,2012-09-13,2012-09-13,ARV,Adult,SCMS from RDC,"Nevirapine 200mg, tablets, 60 Tabs",Nevirapine,Generic,200mg,Tablet,60,69922,170609.68,2.44,0.04,"Strides, Bangalore, India.",True,4444.0,26081.05,239.19
7268,83079,107-RW-T30,FPQ-9888,SO-42120,DN-2852,Rwanda,PMO - US,From RDC,N/A - From RDC,Air,2012-05-11,2012-03-28,2012-09-28,2012-10-05,2012-10-05,ARV,Pediatric,SCMS from RDC,"Abacavir 20mg/ml, oral solution w/syringe, Bottle, 240 ml",Abacavir,Generic,20mg/ml,Oral solution,240,4928,61600.0,12.5,0.05,"Aurobindo Unit III, India",True,1800.0,12500.58,86.36
7269,83080,107-RW-T30,FPQ-9888,SO-42140,DN-2853,Rwanda,PMO - US,From RDC,N/A - From RDC,Air,2012-05-11,2012-04-26,2012-10-26,2012-10-26,2012-10-26,ARV,Adult,SCMS from RDC,"Lopinavir/Ritonavir 200/50mg, tablets, 120 Tabs",Lopinavir/Ritonavir,Generic,200/50mg,Tablet,120,16515,490165.2,29.68,0.25,"Aurobindo Unit III, India",True,3991.0,13380.52,687.21
7270,83081,900-SS-T30,FPQ-10517,SO-43070,DN-2858,South Sudan,PMO - US,From RDC,N/A - From RDC,Air,2012-08-17,2012-05-15,2012-11-15,2012-10-23,2012-10-23,ARV,Adult,SCMS from RDC,"Zidovudine 300mg, tablets, 60 Tabs",Zidovudine,Generic,300mg,Tablet,60,9360,63273.6,6.76,0.11,Hetero Unit III Hyderabad IN,False,668.5,2575.925,88.71
7271,83082,114-UG-T30,FPQ-10395,SO-42940,DN-2860,Uganda,PMO - US,From RDC,N/A - From RDC,Air,2012-07-24,2012-04-27,2012-10-27,2012-10-27,2012-10-27,ARV,Adult,SCMS from RDC,"Lamivudine/Tenofovir Disoproxil Fumarate 300/300mg, tablets, 30 Tabs",Lamivudine/Tenofovir Disoproxil Fumarate,Generic,300/300mg,Tablet - FDC,30,11994,64287.84,5.36,0.18,"Cipla, Kurkumbh, India",True,1199.0,7918.0,90.13
7272,83083,111-MZ-T30,FPQ-10210,SO-42820,DN-2862,Mozambique,PMO - US,From RDC,N/A - From RDC,Truck,2012-06-28,2012-04-30,2012-10-31,2012-10-10,2012-10-10,ARV,Adult,SCMS from RDC,"Nevirapine 200mg, tablets, 60 Tabs",Nevirapine,Generic,200mg,Tablet,60,3167,7664.14,2.42,0.04,Mylan (formerly Matrix) Nashik,True,775.0,3855.94,10.75
7273,83084,114-UG-T30,FPQ-10503,SO-43090,DN-2873,Uganda,PMO - US,From RDC,N/A - From RDC,Air,2012-08-15,2012-04-25,2012-10-25,2012-10-22,2012-10-22,ARV,Adult,SCMS from RDC,"Lamivudine/Zidovudine 150/300mg, tablets, 60 Tabs",Lamivudine/Zidovudine,Generic,150/300mg,Tablet - FDC,60,3540,27328.8,7.72,0.13,Hetero Unit III Hyderabad IN,False,668.5,2485.92,38.31
7274,83085,107-RW-T30,FPQ-9969,SO-42430,DN-2885,Rwanda,PMO - US,From RDC,N/A - From RDC,Air,2012-05-25,2012-04-30,2012-10-31,2012-10-30,2012-10-30,ARV,Adult,SCMS from RDC,"Efavirenz/Lamivudine/Tenofovir Disoproxil Fumarate 600/300/300mg, tablets, 30 Tabs",Efavirenz/Lamivudine/Tenofovir Disoproxil Fumarate,Generic,600/300/300mg,Tablet - FDC,30,3234,42915.18,13.27,0.44,Mylan (formerly Matrix) Nashik,False,668.5,5865.805,60.17
7275,83086,900-CM-T30,FPQ-10641,SO-43390,DN-2886,Cameroon,PMO - US,From RDC,N/A - From RDC,Air Charter,2012-09-19,2012-04-24,2012-10-24,2012-10-17,2012-10-17,ARV,Adult,SCMS from RDC,"Efavirenz 600mg, tablets, 30 Tabs",Efavirenz,Generic,600mg,Tablet,30,71406,259917.84,3.64,0.12,"Aurobindo Unit III, India",False,668.5,67732.55,364.4
7276,83087,900-CM-T30,FPQ-10641,SO-43390,DN-2886,Cameroon,PMO - US,From RDC,N/A - From RDC,Air Charter,2012-09-19,2012-04-24,2012-10-24,2012-10-17,2012-10-17,ARV,Adult,SCMS from RDC,"Lamivudine/Tenofovir Disoproxil Fumarate 300/300mg, tablets, 30 Tabs",Lamivudine/Tenofovir Disoproxil Fumarate,Generic,300/300mg,Tablet - FDC,30,21514,115315.04,5.36,0.18,"Cipla, Kurkumbh, India",False,668.5,67732.55,161.67
7277,83088,900-CM-T30,FPQ-10641,SO-43381,DN-2898,Cameroon,PMO - US,From RDC,N/A - From RDC,Air Charter,2012-09-19,2012-05-07,2012-11-07,2012-10-17,2012-10-17,ARV,Adult,SCMS from RDC,"Efavirenz/Lamivudine/Tenofovir Disoproxil Fumarate 600/300/300mg, tablets, 30 Tabs",Efavirenz/Lamivudine/Tenofovir Disoproxil Fumarate,Generic,600/300/300mg,Tablet - FDC,30,20000,265400.0,13.27,0.44,Mylan (formerly Matrix) Nashik,True,3943.0,67732.55,372.09
7278,83089,103-ZW-T30,FPQ-9907,SO-42270,DN-2914,Zimbabwe,PMO - US,From RDC,N/A - From RDC,Truck,2012-05-15,2012-05-19,2012-11-19,2012-11-19,2012-11-19,ARV,Pediatric,SCMS from RDC,"Lamivudine/Zidovudine 30/60mg, tablets, 60 Tabs",Lamivudine/Zidovudine,Generic,30/60mg,Tablet - FDC,60,26267,72496.92,2.76,0.05,Mylan (formerly Matrix) Nashik,True,1875.0,6933.75,101.64
7279,83090,103-ZW-T30,FPQ-9907,SO-42221,DN-2924,Zimbabwe,PMO - US,From RDC,N/A - From RDC,Truck,2012-05-15,2012-05-30,2012-11-30,2012-11-14,2012-11-14,ARV,Pediatric,SCMS from RDC,"Abacavir 20mg/ml, oral solution w/syringe, Bottle, 240 ml",Abacavir,Generic,20mg/ml,Oral solution,240,42,525.0,12.5,0.05,"Aurobindo Unit III, India",True,16.0,839.7,0.74
7280,83091,104-CI-T30,FPQ-9749,SO-42372,DN-2932,Côte d'Ivoire,PMO - US,From RDC,N/A - From RDC,Truck,2012-04-19,2012-06-15,2012-12-15,2012-11-26,2012-11-26,ARV,Pediatric,SCMS from RDC,"Lamivudine/Zidovudine 30/60mg, tablets, 60 Tabs",Lamivudine/Zidovudine,Generic,30/60mg,Tablet - FDC,60,10080,27820.8,2.76,0.05,Mylan (formerly Matrix) Nashik,True,5466.0,19079.68,39.0
7281,83092,110-ZM-T30,FPQ-10530,SO-43151,DN-2931,Zambia,PMO - US,From RDC,N/A - From RDC,Truck,2012-08-21,2012-06-26,2012-12-26,2012-12-17,2012-12-17,ARV,Adult,SCMS from RDC,"Lamivudine 150mg, tablets, 60 Tabs",Lamivudine,Generic,150mg,Tablet,60,15393,33248.88,2.16,0.04,Hetero Unit III Hyderabad IN,True,768.0,5213.54,46.61
7282,83093,104-CI-T30,FPQ-9749,SO-42372,DN-2932,Côte d'Ivoire,PMO - US,From RDC,N/A - From RDC,Truck,2012-04-19,2012-06-15,2012-12-15,2012-11-26,2012-11-26,ARV,Adult,SCMS from RDC,"Lopinavir/Ritonavir 200/50mg, tablets, 120 Tabs",Lopinavir/Ritonavir,Generic,200/50mg,Tablet,120,17600,469920.0,26.7,0.22,Mylan (formerly Matrix) Nashik,False,3526.0,6757.815,658.83
7283,83094,106-HT-T30,FPQ-10883,SO-43600,DN-2934,Haiti,PMO - US,From RDC,N/A - From RDC,Air,2012-10-30,2012-06-03,2012-12-03,2012-11-14,2012-11-14,ARV,Adult,SCMS from RDC,"Lamivudine/Zidovudine 150/300mg, tablets, 60 Tabs",Lamivudine/Zidovudine,Generic,150/300mg,Tablet - FDC,60,29220,225578.4,7.72,0.13,Mylan (formerly Matrix) Nashik,True,3809.0,39513.54,279.04
7284,83095,103-ZW-T30,FPQ-9907,SO-42220,DN-2942,Zimbabwe,PMO - US,From RDC,N/A - From RDC,Truck,2012-05-15,2012-06-14,2012-12-14,2012-12-11,2012-12-11,ARV,Pediatric,SCMS from RDC,"Lamivudine/Stavudine 30/6mg, dispersible tablets, 60 Tabs",Lamivudine/Stavudine,Generic,30/6mg,Chewable/dispersible tablet - FDC,60,9215,17508.5,1.9,0.03,"Cipla, Goa, India",False,668.5,6721.705,24.55
7285,83096,151-NG-T30,FPQ-9968,SO-43435,DN-2946,Nigeria,PMO - US,From RDC,N/A - From RDC,Air,2012-05-23,2012-06-04,2012-12-04,2012-12-04,2012-12-04,ARV,Adult,SCMS from RDC,"Nevirapine 200mg, tablets, 60 Tabs",Nevirapine,Generic,200mg,Tablet,60,36000,87120.0,2.42,0.04,Mylan (formerly Matrix) Nashik,False,2205.0,10144.765,122.14
7286,83097,104-CI-T30,FPQ-10405,SO-42980,DN-2958,Côte d'Ivoire,PMO - US,From RDC,N/A - From RDC,Truck,2012-07-24,2012-08-01,2013-02-01,2013-01-14,2013-01-14,ARV,Pediatric,SCMS from RDC,"Lamivudine/Zidovudine 30/60mg, tablets, 60 Tabs",Lamivudine/Zidovudine,Generic,30/60mg,Tablet - FDC,60,3952,10907.52,2.76,0.05,"Aurobindo Unit III, India",True,2705.0,9879.25,15.29
7287,83098,107-RW-T30,FPQ-10119,SO-42710,DN-2961,Rwanda,PMO - US,From RDC,N/A - From RDC,Air,2012-06-18,2012-08-06,2013-02-06,2013-02-06,2013-02-06,ARV,Adult,SCMS from RDC,"Lamivudine/Tenofovir Disoproxil Fumarate 300/300mg, tablets, 30 Tabs",Lamivudine/Tenofovir Disoproxil Fumarate,Generic,300/300mg,Tablet - FDC,30,34997,187583.92,5.36,0.18,"Aurobindo Unit VII, IN",True,10698.0,20994.85,262.99
7288,83099,104-CI-T30,FPQ-10405,SO-42960,DN-2968,Côte d'Ivoire,PMO - US,From RDC,N/A - From RDC,Truck,2012-07-24,2012-08-28,2013-02-28,2012-12-27,2012-12-27,ARV,Adult,SCMS from RDC,"Tenofovir Disoproxil Fumarate 300mg, tablets, 30 Tabs",Tenofovir Disoproxil Fumarate,Generic,300mg,Tablet,30,5856,28225.92,4.82,0.16,Mylan (formerly Matrix) Nashik,True,354.0,3026.62,39.57
7289,83100,109-TZ-T30,FPQ-10545,SO-43111,DN-2972,Tanzania,PMO - US,From RDC,N/A - From RDC,Truck,2012-08-24,2012-08-28,2013-02-28,2012-02-26,2013-02-26,ARV,Pediatric,SCMS from RDC,"Efavirenz 200mg, scored tablets, 90 Tabs",Efavirenz,Generic,200mg,Tablet,90,5765,42084.5,7.3,0.08,"Strides, Bangalore, India.",True,350.0,2266.0,59.0
7290,83101,114-UG-T30,FPQ-10556,SO-43160,DN-2952,Uganda,PMO - US,From RDC,N/A - From RDC,Air,2012-08-30,2012-08-02,2013-02-02,2013-02-02,2013-02-02,ARV,Adult,SCMS from RDC,"Lamivudine/Tenofovir Disoproxil Fumarate 300/300mg, tablets, 30 Tabs",Lamivudine/Tenofovir Disoproxil Fumarate,Generic,300/300mg,Tablet - FDC,30,1525,7335.25,4.81,0.16,"Cipla, Kurkumbh, India",False,668.5,2485.92,10.28
7291,83102,101-CD-T30,FPQ-11054,SO-43680,DN-2981,"Congo, DRC",PMO - US,From RDC,N/A - From RDC,Air,2012-11-16,2013-03-11,2013-09-11,2013-09-11,2013-09-11,ARV,Adult,SCMS from RDC,"Efavirenz 600mg, tablets, 30 Tabs",Efavirenz,Generic,600mg,Tablet,30,568,2022.08,3.56,0.12,"Strides, Bangalore, India.",False,668.5,2346.5699999999997,2.5
7292,83103,111-MZ-T30,FPQ-10211,SO-42871,DN-2985,Mozambique,PMO - US,From RDC,N/A - From RDC,Truck,2012-06-28,2012-09-22,2013-03-22,2013-03-22,2013-03-22,ARV,Adult,SCMS from RDC,"Lamivudine/Nevirapine/Zidovudine 150/200/300mg, tablets, 60 Tabs",Lamivudine/Nevirapine/Zidovudine,Generic,150/300/200mg,Tablet - FDC,60,182729,1639079.13,8.97,0.15,Hetero Unit III Hyderabad IN,True,25666.0,7733.77,2297.99
7293,83107,111-MZ-T30,FPQ-11033,SO-43760,DN-3012,Mozambique,PMO - US,From RDC,N/A - From RDC,Truck,2012-11-12,2012-10-01,2013-04-01,2013-03-22,2013-03-22,ARV,Adult,SCMS from RDC,"Lamivudine/Zidovudine 150/300mg, tablets, 60 Tabs",Lamivudine/Zidovudine,Generic,150/300mg,Tablet - FDC,60,39096,284227.92,7.27,0.12,"Aurobindo Unit III, India",True,3591.0,7733.77,351.59
7294,83108,101-CD-T30,FPQ-11096,SO-43750,DN-3017,"Congo, DRC",PMO - US,From RDC,N/A - From RDC,Air,2012-11-20,2012-09-18,2013-03-18,2013-08-08,2013-08-08,ARV,Pediatric,SCMS from RDC,"Nevirapine 10mg/ml, oral suspension w/syringe, Bottle, 240 ml",Nevirapine,Generic,10mg/ml,Oral suspension,240,738,1439.1,1.95,0.01,"Aurobindo Unit III, India",True,112.0,9687.69,1.78
7295,83109,104-CI-T30,FPQ-10626,SO-43271,DN-3018,Côte d'Ivoire,PMO - US,From RDC,N/A - From RDC,Truck,2012-09-06,2012-09-11,2013-03-11,2013-02-28,2013-02-28,ARV,Adult,SCMS from RDC,"Lamivudine/Tenofovir Disoproxil Fumarate 300/300mg, tablets, 30 Tabs",Lamivudine/Tenofovir Disoproxil Fumarate,Generic,300/300mg,Tablet - FDC,30,9033,42455.1,4.7,0.16,Hetero Unit III Hyderabad IN,True,941.0,3980.18,59.52
7296,83110,104-CI-T30,FPQ-11306,SO-44240,DN-3020,Côte d'Ivoire,PMO - US,From RDC,N/A - From RDC,Air,2012-12-14,2012-09-06,2013-03-06,2013-02-28,2013-02-28,ARV,Adult,SCMS from RDC,"Emtricitabine/Tenofovir Disoproxil Fumarate 200/300mg, tablets, 30 Tabs",Emtricitabine/Tenofovir Disoproxil Fumarate,Generic,200/300mg,Tablet - FDC,30,8300,50381.0,6.07,0.2,"Aurobindo Unit III, India",True,760.0,4880.14,62.32
7297,83111,104-CI-T30,FPQ-10405,SO-43000,DN-3023,Côte d'Ivoire,PMO - US,From RDC,N/A - From RDC,Truck,2012-07-24,2012-09-27,2013-03-27,2013-02-28,2013-02-28,ARV,Pediatric,SCMS from RDC,"Abacavir/Lamivudine 60/30mg, tablets, 60 Tabs",Abacavir/Lamivudine,Generic,60/30mg,Tablet - FDC,60,5024,23110.4,4.6,0.08,"Aurobindo Unit III, India",True,2732.0,10680.14,32.4
7298,83112,114-UG-T30,FPQ-10780,SO-43490,DN-3024,Uganda,PMO - US,From RDC,N/A - From RDC,Air,2012-10-10,2012-09-18,2013-03-18,2013-03-07,2013-03-07,ARV,Adult,SCMS from RDC,"Lamivudine/Zidovudine 150/300mg, tablets, 60 Tabs",Lamivudine/Zidovudine,Generic,150/300mg,Tablet - FDC,60,10125,73608.75,7.27,0.12,"Cipla, Goa, India",True,1887.0,12736.25,103.2
7299,83113,151-NG-T30,FPQ-10477,SO-44550,DN-3028,Nigeria,PMO - US,From RDC,N/A - From RDC,Air Charter,2012-08-09,2012-09-15,2013-03-15,2013-02-21,2013-02-21,ARV,Adult,SCMS from RDC,"Nevirapine 200mg, tablets, 60 Tabs",Nevirapine,Generic,200mg,Tablet,60,99999,225997.74,2.26,0.04,"Aurobindo Unit VII, IN",False,13437.0,12601.07,316.85
7300,83114,102-ZW-T30,FPQ-10674,SO-43240,DN-3037,Zimbabwe,PMO - US,From RDC,N/A - From RDC,Truck,2012-09-18,2012-09-30,2013-03-30,2013-03-23,2013-03-23,ARV,Adult,SCMS from RDC,"Abacavir/Lamivudine 600/300mg, scored tablets, 30 Tabs",Abacavir/Lamivudine,Generic,600/300mg,Tablet - FDC,30,270,3769.2,13.96,0.47,Mylan (formerly Matrix) Nashik,True,18.0,1100.0,5.28
7301,83115,109-TZ-T30,FPQ-10545,SO-43121,DN-3038,Tanzania,PMO - US,From RDC,N/A - From RDC,Truck,2012-08-24,2012-10-01,2013-04-01,2013-03-15,2013-03-15,ARV,Adult,SCMS from RDC,"Tenofovir Disoproxil Fumarate 300mg, tablets, 30 Tabs",Tenofovir Disoproxil Fumarate,Generic,300mg,Tablet,30,1773,7162.92,4.04,0.13,Mylan (formerly Matrix) Nashik,True,116.0,2035.84,10.04
7302,83116,106-HT-T30,FPQ-11526,SO-44440,DN-3044,Haiti,PMO - US,From RDC,N/A - From RDC,Air,2013-01-30,2012-10-30,2013-04-30,2013-03-21,2013-03-21,ARV,Pediatric,SCMS from RDC,"Lamivudine/Stavudine 30/6mg, dispersible tablets, 60 Tabs",Lamivudine/Stavudine,Generic,30/6mg,Chewable/dispersible tablet - FDC,60,822,1561.8,1.9,0.03,"Cipla, Goa, India",True,107.0,1779.74,1.93
7303,83117,106-HT-T30,FPQ-11281,SO-44400,DN-3015,Haiti,PMO - US,From RDC,N/A - From RDC,Air,2013-01-16,2012-10-09,2013-04-09,2013-03-14,2013-03-14,ARV,Adult,SCMS from RDC,"Lamivudine/Nevirapine/Zidovudine 150/200/300mg, tablets, 60 Tabs",Lamivudine/Nevirapine/Zidovudine,Generic,150/300/200mg,Tablet - FDC,60,39072,335237.76,8.58,0.14,Hetero Unit III Hyderabad IN,False,668.5,2946.7200000000003,414.69
7304,83118,110-ZM-T30,FPQ-10728,SO-43452,DN-3045,Zambia,PMO - US,From RDC,N/A - From RDC,Truck,2012-10-05,2012-09-15,2013-03-15,2013-03-22,2013-03-22,ARV,Adult,SCMS from RDC,"Efavirenz/Emtricitabine/Tenofovir Disoproxil Fumarate 600/200/300mg, tablets, 30 Tabs",Efavirenz/Emtricitabine/Tenofovir Disoproxil Fumarate,Generic,600/200/300mg,Tablet - FDC,30,100000,1369000.0,13.69,0.46,"Cipla, Goa, India",True,10442.0,11520.85,1919.34
7305,83119,104-CI-T30,FPQ-10633,SO-43340,DN-3046,Côte d'Ivoire,PMO - US,From RDC,N/A - From RDC,Truck,2012-09-11,2012-10-30,2013-04-30,2013-03-08,2013-03-08,ARV,Adult,SCMS from RDC,"Lopinavir/Ritonavir 200/50mg, tablets, 120 Tabs",Lopinavir/Ritonavir,Generic,200/50mg,Tablet,120,3524,87254.24,24.76,0.21,Mylan (formerly Matrix) Nashik,True,3264.0,14368.65,122.33
7306,83120,106-HT-T30,FPQ-11281,SO-44430,DN-3061,Haiti,PMO - US,From RDC,N/A - From RDC,Air,2013-01-16,2012-10-09,2013-04-09,2013-03-14,2013-03-14,ARV,Pediatric,SCMS from RDC,"Lamivudine 10mg/ml, oral solution w/syringe, Bottle, 240 ml",Lamivudine,Generic,10mg/ml,Oral solution,240,1944,3596.4,1.85,0.01,"Aurobindo Unit III, India",True,682.0,8118.08,4.45
7307,83121,105-GY-T30,FPQ-11546,SO-44520,DN-3060,Guyana,PMO - US,From RDC,N/A - From RDC,Air,2013-01-28,2012-10-18,2013-04-18,2013-03-15,2013-03-15,ARV,Adult,SCMS from RDC,"Emtricitabine/Tenofovir Disoproxil Fumarate 200/300mg, tablets, 30 Tabs",Emtricitabine/Tenofovir Disoproxil Fumarate,Generic,200/300mg,Tablet - FDC,30,4917,31370.46,6.38,0.21,Hetero Unit III Hyderabad IN,True,1283.0,12862.56,38.81
7308,83122,109-TZ-T30,FPQ-10545,SO-43131,DN-3062,Tanzania,PMO - US,From RDC,N/A - From RDC,Truck,2012-08-24,2012-09-30,2013-03-31,2013-04-02,2013-04-02,ARV,Adult,SCMS from RDC,"Emtricitabine/Tenofovir Disoproxil Fumarate 200/300mg, tablets, 30 Tabs",Emtricitabine/Tenofovir Disoproxil Fumarate,Generic,200/300mg,Tablet - FDC,30,15027,91213.89,6.07,0.2,Mylan (formerly Matrix) Nashik,True,1248.0,4529.5,127.88
7309,83123,114-UG-T30,FPQ-11133,SO-43871,DN-3065,Uganda,PMO - US,From RDC,N/A - From RDC,Truck,2012-12-13,2012-12-28,2013-06-28,2013-03-20,2013-03-20,ARV,Adult,SCMS from RDC,"Abacavir/Lamivudine 600/300mg, scored tablets, 30 Tabs",Abacavir/Lamivudine,Generic,600/300mg,Tablet - FDC,30,5760,80409.6,13.96,0.47,Mylan (formerly Matrix) Nashik,True,610.0,6585.03,99.47
7310,83124,114-UG-T30,FPQ-11143,SO-43941,DN-3069,Uganda,PMO - US,From RDC,N/A - From RDC,Air,2012-12-13,2012-10-25,2013-04-25,2013-04-25,2013-04-25,ARV,Adult,SCMS from RDC,"Nevirapine 200mg, tablets, 60 Tabs",Nevirapine,Generic,200mg,Tablet,60,8834,19964.84,2.26,0.04,"Aurobindo Unit III, India",True,1600.0,8699.8,24.7
7311,83125,113-ZW-T30,FPQ-11002,SO-43700,DN-3084,Zimbabwe,PMO - US,From RDC,N/A - From RDC,Truck,2012-11-16,2012-10-30,2013-04-30,2013-04-08,2013-04-08,ARV,Adult,SCMS from RDC,"Lamivudine/Tenofovir Disoproxil Fumarate 300/300mg, tablets, 30 Tabs",Lamivudine/Tenofovir Disoproxil Fumarate,Generic,300/300mg,Tablet - FDC,30,131520,618144.0,4.7,0.16,Hetero Unit III Hyderabad IN,True,19248.0,14451.69,764.64
7312,83126,113-ZW-T30,FPQ-11002,SO-43711,DN-3085,Zimbabwe,PMO - US,From RDC,N/A - From RDC,Truck,2012-11-16,2012-09-30,2013-03-30,2013-04-08,2013-04-08,ARV,Adult,SCMS from RDC,"Lamivudine/Tenofovir Disoproxil Fumarate 300/300mg, tablets, 30 Tabs",Lamivudine/Tenofovir Disoproxil Fumarate,Generic,300/300mg,Tablet - FDC,30,29506,138678.2,4.7,0.16,Hetero Unit III Hyderabad IN,True,3133.0,14451.69,171.54
7313,83128,102-ZW-T30,FPQ-10674,SO-43230,DN-3092,Zimbabwe,PMO - US,From RDC,N/A - From RDC,Truck,2012-09-18,2012-09-30,2013-03-30,2013-04-08,2013-04-08,ARV,Adult,SCMS from RDC,"Lamivudine/Nevirapine/Zidovudine 150/200/300mg, tablets, 60 Tabs",Lamivudine/Nevirapine/Zidovudine,Generic,150/300/200mg,Tablet - FDC,60,21300,182754.0,8.58,0.14,Mylan (formerly Matrix) Nashik,True,13288.0,14451.69,256.22
7314,83129,104-CI-T30,FPQ-10633,SO-43330,DN-3075,Côte d'Ivoire,PMO - US,From RDC,N/A - From RDC,Truck,2012-09-11,2012-09-28,2013-03-28,2013-03-30,2013-03-30,ARV,Adult,SCMS from RDC,"Lamivudine/Nevirapine/Zidovudine 150/200/300mg, tablets, 60 Tabs",Lamivudine/Nevirapine/Zidovudine,Generic,150/300/200mg,Tablet - FDC,60,8778,75315.24,8.58,0.14,Hetero Unit III Hyderabad IN,True,22043.0,41802.56,105.59
7315,83130,111-MZ-T30,FPQ-11882,SO-44800,DN-3107,Mozambique,PMO - US,From RDC,N/A - From RDC,Air,2013-03-19,2012-12-06,2013-06-06,2013-06-11,2013-06-11,ARV,Adult,SCMS from RDC,"Efavirenz 600mg, tablets, 30 Tabs",Efavirenz,Generic,600mg,Tablet,30,43563,145064.79,3.33,0.11,"Aurobindo Unit VII, IN",True,4122.0,28602.94,179.45
7316,83131,113-ZW-T30,FPQ-11002,SO-43702,DN-3113,Zimbabwe,PMO - US,From RDC,N/A - From RDC,Truck,2012-11-16,2012-10-30,2013-04-30,2013-04-29,2013-04-29,ARV,Adult,SCMS from RDC,"Nevirapine 200mg, tablets, 60 Tabs",Nevirapine,Generic,200mg,Tablet,60,4136,9347.36,2.26,0.04,"Aurobindo Unit III, India",True,394.0,8600.0,11.56
7317,83132,102-DO-T30,FPQ-11791,SO-44740,DN-3117,Dominican Republic,PMO - US,From RDC,N/A - From RDC,Air,2013-03-04,2012-10-24,2013-04-24,2013-05-21,2013-05-21,ARV,Adult,SCMS from RDC,"Nevirapine 200mg, tablets, 60 Tabs",Nevirapine,Generic,200mg,Tablet,60,3200,7232.0,2.26,0.04,Hetero Unit III Hyderabad IN,True,1230.0,8281.7,8.95
7318,83133,102-BI-T30,FPQ-11661,SO-44670,DN-3118,Burundi,PMO - US,From RDC,N/A - From RDC,Air,2013-02-20,2012-11-30,2013-05-31,2013-05-23,2013-05-23,ARV,Adult,SCMS from RDC,"Lamivudine/Zidovudine 150/300mg, tablets, 60 Tabs",Lamivudine/Zidovudine,Generic,150/300mg,Tablet - FDC,60,2940,21373.8,7.27,0.12,Hetero Unit III Hyderabad IN,False,668.5,3544.4849999999997,26.44
7319,83134,114-UG-T30,FPQ-11143,SO-43943,DN-3120,Uganda,PMO - US,From RDC,N/A - From RDC,Air,2012-12-13,2012-10-30,2013-04-30,2013-05-09,2013-05-09,ARV,Adult,SCMS from RDC,"Nevirapine 200mg, tablets, 60 Tabs",Nevirapine,Generic,200mg,Tablet,60,11490,25967.4,2.26,0.04,Hetero Unit III Hyderabad IN,True,722.0,3483.79,32.12
7320,83135,102-BI-T30,FPQ-11661,SO-44660,DN-3129,Burundi,PMO - US,From RDC,N/A - From RDC,Air,2013-02-20,2012-12-30,2013-06-30,2013-05-09,2013-05-09,ARV,Adult,SCMS from RDC,"Abacavir 300mg, tablets, 60 Tabs",Abacavir,Generic,300mg,Tablet,60,180,2332.8,12.96,0.22,Mylan (formerly Matrix) Nashik,True,123.0,1501.4,2.89
7321,83136,113-ZW-T30,FPQ-11002,SO-43710,DN-3131,Zimbabwe,PMO - US,From RDC,N/A - From RDC,Truck,2012-11-16,2012-11-06,2013-05-06,2013-04-29,2013-04-29,ARV,Adult,SCMS from RDC,"Nevirapine 200mg, tablets, 60 Tabs",Nevirapine,Generic,200mg,Tablet,60,40520,91575.2,2.26,0.04,"Aurobindo Unit III, India",True,20226.0,21173.75,113.28
7322,83137,151-NG-T30,FPQ-11022,SO-43844,DN-3139,Nigeria,PMO - US,From RDC,N/A - From RDC,Air Charter,2012-11-15,2012-11-21,2013-05-21,2013-05-03,2013-05-03,ARV,Adult,SCMS from RDC,"Lamivudine/Zidovudine 150/300mg, tablets, 60 Tabs",Lamivudine/Zidovudine,Generic,150/300mg,Tablet - FDC,60,75000,525000.0,7.0,0.12,"Aurobindo Unit III, India",True,7515.0,14547.55,649.42
7323,83138,111-MZ-T30,FPQ-11884,SO-44851,DN-3146,Mozambique,PMO - US,From RDC,N/A - From RDC,Truck,2013-03-19,2013-02-28,2013-08-30,2013-07-31,2013-07-31,ARV,Adult,SCMS from RDC,"Abacavir/Lamivudine 600/300mg, scored tablets, 30 Tabs",Abacavir/Lamivudine,Generic,600/300mg,Tablet - FDC,30,3400,47464.0,13.96,0.47,Mylan (formerly Matrix) Nashik,True,315.0,1981.6,58.71
7324,83139,114-UG-T30,FPQ-10945,SO-43630,DN-3147,Uganda,PMO - US,From RDC,N/A - From RDC,Air,2012-11-06,2012-12-20,2013-06-20,2013-05-22,2013-05-22,ARV,Adult,SCMS from RDC,"Efavirenz/Lamivudine/Tenofovir Disoproxil Fumarate 600/300/300mg, tablets, 30 Tabs",Efavirenz/Lamivudine/Tenofovir Disoproxil Fumarate,Generic,600/300/300mg,Tablet - FDC,30,238606,2510135.12,10.52,0.35,Hetero Unit III Hyderabad IN,True,31473.0,24816.73,3105.04
7325,83140,114-UG-T30,FPQ-11133,SO-43873,DN-3153,Uganda,PMO - US,From RDC,N/A - From RDC,Truck,2012-12-13,2012-12-28,2013-06-28,2013-06-07,2013-06-07,ARV,Adult,SCMS from RDC,"Lamivudine/Zidovudine 150/300mg, tablets, 60 Tabs",Lamivudine/Zidovudine,Generic,150/300mg,Tablet - FDC,60,18547,129829.0,7.0,0.12,Hetero Unit III Hyderabad IN,False,668.5,5458.45,160.6
7326,83141,151-NG-T30,FPQ-11864,SO-45200,DN-3175,Nigeria,PMO - US,From RDC,N/A - From RDC,Air Charter,2013-03-14,2013-03-04,2013-09-04,2013-05-10,2013-05-10,ARV,Pediatric,SCMS from RDC,"Abacavir/Lamivudine 60/30mg, tablets, 60 Tabs",Abacavir/Lamivudine,Generic,60/30mg,Tablet - FDC,60,955,4393.0,4.6,0.08,"Aurobindo Unit III, India",True,104.0,20666.07,5.43
7327,83145,114-UG-T30,FPQ-11133,SO-43900,DN-3214,Uganda,PMO - US,From RDC,N/A - From RDC,Truck,2012-12-13,2013-01-30,2013-07-30,2013-08-09,2013-08-09,ARV,Adult,SCMS from RDC,"Lamivudine/Tenofovir Disoproxil Fumarate 300/300mg, tablets, 30 Tabs",Lamivudine/Tenofovir Disoproxil Fumarate,Generic,300/300mg,Tablet - FDC,30,26112,122726.4,4.7,0.16,"Aurobindo Unit VII, IN",True,2444.0,8800.81,151.81
7328,83146,109-TZ-T30,FPQ-12278,SO-45730,DN-3229,Tanzania,PMO - US,From RDC,N/A - From RDC,Truck,2013-05-16,2013-03-25,2013-09-25,2013-09-23,2013-09-23,ARV,Adult,SCMS from RDC,"Lamivudine/Nevirapine/Zidovudine 150/200/300mg, tablets, 60 Tabs",Lamivudine/Nevirapine/Zidovudine,Generic,150/300/200mg,Tablet - FDC,60,73690,632260.2,8.58,0.14,"Cipla, Goa, India",True,9886.0,44300.9,782.11
7329,83147,151-NG-T30,FPQ-11864,SO-44923,DN-3243,Nigeria,PMO - US,From RDC,N/A - From RDC,Air Charter,2013-03-14,2013-03-04,2013-09-04,2013-07-23,2013-07-23,ARV,Pediatric,SCMS from RDC,"Abacavir/Lamivudine 60/30mg, tablets, 60 Tabs",Abacavir/Lamivudine,Generic,60/30mg,Tablet - FDC,60,9377,37508.0,4.0,0.07,Mylan (formerly Matrix) Nashik,True,485.0,0.0,46.4
7330,83148,102-BI-T30,FPQ-12065,SO-45170,DN-3257,Burundi,PMO - US,From RDC,N/A - From RDC,Air,2013-04-22,2013-02-24,2013-08-24,2013-08-26,2013-08-26,ARV,Adult,SCMS from RDC,"Lopinavir/Ritonavir 200/50mg, tablets, 120 Tabs",Lopinavir/Ritonavir,Generic,200/50mg,Tablet,120,213,4639.14,21.78,0.18,"Aurobindo Unit III, India",True,928.0,4323.44,5.74
7331,83149,114-UG-T30,FPQ-12253,SO-45470,DN-3256,Uganda,PMO - US,From RDC,N/A - From RDC,Air,2013-05-08,2013-02-06,2013-08-06,2013-08-20,2013-08-20,ARV,Adult,SCMS from RDC,"Lamivudine/Zidovudine 150/300mg, tablets, 60 Tabs",Lamivudine/Zidovudine,Generic,150/300mg,Tablet - FDC,60,54728,383096.0,7.0,0.12,"Aurobindo Unit III, India",True,14143.0,100654.61,473.89
7332,83150,114-UG-T30,FPQ-12473,SO-45880,DN-3263,Uganda,PMO - US,From RDC,N/A - From RDC,Air,2013-06-11,2013-03-27,2013-09-27,2013-09-27,2013-09-27,ARV,Adult,SCMS from RDC,"Lamivudine/Tenofovir Disoproxil Fumarate 300/300mg, tablets, 30 Tabs",Lamivudine/Tenofovir Disoproxil Fumarate,Generic,300/300mg,Tablet - FDC,30,34385,161609.5,4.7,0.16,Hetero Unit III Hyderabad IN,True,11594.0,85414.3,199.91
7333,83154,114-UG-T30,FPQ-11133,SO-43874,DN-3285,Uganda,PMO - US,From RDC,N/A - From RDC,Truck,2012-12-13,2013-02-28,2013-08-30,2013-08-30,2013-08-30,ARV,Pediatric,SCMS from RDC,"Efavirenz 200mg, scored tablets, 90 Tabs",Efavirenz,Generic,200mg,Tablet,90,338,2467.4,7.3,0.08,"Strides, Bangalore, India.",True,25.0,759.79,3.05
7334,83155,109-TZ-T30,FPQ-12015,SO-44983,DN-3295,Tanzania,PMO - US,From RDC,N/A - From RDC,Truck,2013-04-02,2013-04-15,2013-10-15,2013-09-10,2013-09-10,ARV,Adult,SCMS from RDC,"Emtricitabine/Tenofovir Disoproxil Fumarate 200/300mg, tablets, 30 Tabs",Emtricitabine/Tenofovir Disoproxil Fumarate,Generic,200/300mg,Tablet - FDC,30,26000,152620.0,5.87,0.2,Mylan (formerly Matrix) Nashik,True,3888.0,8057.19,188.79
7335,83156,114-UG-T30,FPQ-12253,SO-45541,DN-3296,Uganda,PMO - US,From RDC,N/A - From RDC,Truck,2013-05-08,2013-03-12,2013-09-12,2013-10-16,2013-10-29,ARV,Adult,SCMS from RDC,"Lamivudine/Tenofovir Disoproxil Fumarate 300/300mg, tablets, 30 Tabs",Lamivudine/Tenofovir Disoproxil Fumarate,Generic,300/300mg,Tablet - FDC,30,4403,20694.1,4.7,0.16,"Aurobindo Unit VII, IN",True,703.0,4234.12,25.6
7336,83157,109-TZ-T30,FPQ-12536,SO-45980,DN-3301,Tanzania,PMO - US,From RDC,N/A - From RDC,Truck,2013-06-24,2013-04-16,2013-10-16,2013-09-27,2013-09-27,ARV,Adult,SCMS from RDC,"Efavirenz/Emtricitabine/Tenofovir Disoproxil Fumarate 600/200/300mg, tablets, 30 Tabs",Efavirenz/Emtricitabine/Tenofovir Disoproxil Fumarate,Generic,600/200/300mg,Tablet - FDC,30,67426,829339.8,12.3,0.41,"Aurobindo Unit VII, IN",True,7596.0,3567.19,1025.89
7337,83158,111-MZ-T30,FPQ-11884,SO-44864,DN-3302,Mozambique,PMO - US,From RDC,N/A - From RDC,Truck,2013-03-19,2013-03-30,2013-09-30,2013-10-12,2013-11-27,ARV,Adult,SCMS from RDC,"Tenofovir Disoproxil Fumarate 300mg, tablets, 30 Tabs",Tenofovir Disoproxil Fumarate,Generic,300mg,Tablet,30,1000,4040.0,4.04,0.13,Mylan (formerly Matrix) Nashik,True,63.0,569.0,5.0
7338,83159,901-CM-T30,FPQ-12832,SO-46200,DN-3315,Cameroon,PMO - US,From RDC,N/A - From RDC,Air,2013-08-19,2013-04-02,2013-10-02,2013-10-02,2013-10-11,ARV,Adult,SCMS from RDC,"Lamivudine/Zidovudine 150/300mg, tablets, 60 Tabs",Lamivudine/Zidovudine,Generic,150/300mg,Tablet - FDC,60,16837,117859.0,7.0,0.12,Mylan (formerly Matrix) Nashik,True,1353.0,13924.23,145.79
7339,83160,109-TZ-T30,FPQ-12015,SO-44984,DN-3316,Tanzania,PMO - US,From RDC,N/A - From RDC,Truck,2013-04-02,2013-04-30,2013-10-31,2013-09-27,2013-09-27,ARV,Pediatric,SCMS from RDC,"Lamivudine/Zidovudine 30/60mg, tablets, 60 Tabs",Lamivudine/Zidovudine,Generic,30/60mg,Tablet - FDC,60,25836,55547.4,2.15,0.04,Mylan (formerly Matrix) Nashik,True,5467.0,3567.2,68.71
7340,83161,151-NG-T30,FPQ-11771,SO-44750,DN-3320,Nigeria,PMO - US,From RDC,N/A - From RDC,Air Charter,2013-02-28,2013-03-20,2013-09-20,2013-09-12,2013-09-12,ARV,Adult,SCMS from RDC,"Lamivudine/Nevirapine/Zidovudine 150/200/300mg, tablets, 60 Tabs",Lamivudine/Nevirapine/Zidovudine,Generic,150/300/200mg,Tablet - FDC,60,251047,2153983.26,8.58,0.14,Mylan (formerly Matrix) Nashik,True,36448.0,34218.36,2664.48
7341,83162,104-CI-T30,FPQ-11253,SO-44201,DN-3329,Côte d'Ivoire,PMO - US,From RDC,N/A - From RDC,Truck,2012-12-14,2013-03-30,2013-09-30,2013-09-20,2013-09-20,ARV,Adult,SCMS from RDC,"Lamivudine/Zidovudine 150/300mg, tablets, 60 Tabs",Lamivudine/Zidovudine,Generic,150/300mg,Tablet - FDC,60,3922,28512.94,7.27,0.12,Hetero Unit III Hyderabad IN,False,668.5,6757.815,35.27
7342,83163,111-MZ-T30,FPQ-11033,SO-43775,DN-3338,Mozambique,PMO - US,From RDC,N/A - From RDC,Truck,2012-11-12,2013-04-30,2013-10-31,2013-10-31,2013-11-12,ARV,Adult,SCMS from RDC,"Efavirenz/Lamivudine/Tenofovir Disoproxil Fumarate 600/300/300mg, tablets, 30 Tabs",Efavirenz/Lamivudine/Tenofovir Disoproxil Fumarate,Generic,600/300/300mg,Tablet - FDC,30,15246,169992.9,11.15,0.37,Mylan (formerly Matrix) Nashik,True,668.5,5902.4,210.28
7343,83164,107-RW-T30,FPQ-12190,SO-45370,DN-3341,Rwanda,PMO - US,From RDC,N/A - From RDC,Truck,2013-05-06,2013-04-04,2013-10-04,2013-10-15,2013-10-29,ARV,Adult,SCMS from RDC,"Nevirapine 200mg, tablets, 60 Tabs",Nevirapine,Generic,200mg,Tablet,60,41250,93225.0,2.26,0.04,"Strides, Bangalore, India.",True,2295.0,4390.98,115.32
7344,83165,111-MZ-T30,FPQ-11884,SO-44866,DN-3350,Mozambique,PMO - US,From RDC,N/A - From RDC,Truck,2013-03-19,2013-05-15,2013-11-15,2013-10-08,2013-10-18,ARV,Adult,SCMS from RDC,"Efavirenz/Lamivudine/Tenofovir Disoproxil Fumarate 600/300/300mg, tablets, 30 Tabs",Efavirenz/Lamivudine/Tenofovir Disoproxil Fumarate,Generic,600/300/300mg,Tablet - FDC,30,16584,184911.6,11.15,0.37,Mylan (formerly Matrix) Nashik,True,3132.0,7700.0,228.74
7345,83172,110-ZM-T30,FPQ-12066,SO-45091,DN-3361,Zambia,PMO - US,From RDC,N/A - From RDC,Truck,2013-04-19,2013-05-29,2013-11-29,2013-11-29,2013-12-12,ARV,Adult,SCMS from RDC,"Nevirapine 200mg, tablets, 60 Tabs",Nevirapine,Generic,200mg,Tablet,60,180892,408815.92,2.26,0.04,Hetero Unit III Hyderabad IN,True,6502.0,34400.04,505.71
7346,83173,110-ZM-T30,FPQ-12066,SO-45091,DN-3361,Zambia,PMO - US,From RDC,N/A - From RDC,Truck,2013-04-19,2013-05-29,2013-11-29,2013-11-29,2013-12-12,ARV,Adult,SCMS from RDC,"Nevirapine 200mg, tablets, 60 Tabs",Nevirapine,Generic,200mg,Tablet,60,80000,180800.0,2.26,0.04,"Aurobindo Unit III, India",False,7629.0,6476.695,223.65
7347,83174,104-CI-T30,FPQ-11253,SO-44210,DN-3371,Côte d'Ivoire,PMO - US,From RDC,N/A - From RDC,Truck,2012-12-14,2013-04-30,2013-10-31,2013-10-22,2013-11-19,ARV,Adult,SCMS from RDC,"Lopinavir/Ritonavir 200/50mg [Aluvia], tablets, 120 Tabs",Lopinavir/Ritonavir,Aluvia,200/50mg,Tablet,120,15119,305706.18,20.22,0.17,ABBVIE Ludwigshafen Germany,True,7541.0,27875.36,378.16
7348,83175,111-MZ-T30,FPQ-12416,SO-45892,DN-3376,Mozambique,PMO - US,From RDC,N/A - From RDC,Truck,2013-06-28,2013-05-29,2013-11-29,2013-11-28,2013-12-12,ARV,Adult,SCMS from RDC,"Lamivudine/Nevirapine/Zidovudine 150/200/300mg, tablets, 60 Tabs",Lamivudine/Nevirapine/Zidovudine,Generic,150/300/200mg,Tablet - FDC,60,38976,334414.08,8.58,0.14,Hetero Unit III Hyderabad IN,True,7482.0,5846.08,413.67
7349,83176,102-BI-T30,FPQ-12602,SO-46030,DN-3382,Burundi,PMO - US,From RDC,N/A - From RDC,Air,2013-07-09,2013-05-15,2013-11-15,2013-11-22,2013-11-27,ARV,Adult,SCMS from RDC,"Lamivudine/Tenofovir Disoproxil Fumarate 300/300mg, tablets, 30 Tabs",Lamivudine/Tenofovir Disoproxil Fumarate,Generic,300/300mg,Tablet - FDC,30,1920,9024.0,4.7,0.16,Mylan (formerly Matrix) Nashik,True,160.0,1527.29,11.16
7350,83177,102-BI-T30,FPQ-12602,SO-46022,DN-3384,Burundi,PMO - US,From RDC,N/A - From RDC,Air,2013-07-09,2013-05-22,2013-11-22,2013-12-05,2013-12-12,ARV,Adult,SCMS from RDC,"Lopinavir/Ritonavir 200/50mg, tablets, 120 Tabs",Lopinavir/Ritonavir,Generic,200/50mg,Tablet,120,392,8232.0,21.0,0.18,Mylan (formerly Matrix) Nashik,True,105.0,1456.4,10.18
7351,83178,114-UG-T30,FPQ-12255,SO-45590,DN-3386,Uganda,PMO - US,From RDC,N/A - From RDC,Truck,2013-05-08,2013-05-15,2013-11-15,2013-11-22,2014-01-20,ARV,Adult,SCMS from RDC,"Lopinavir/Ritonavir 200/50mg [Aluvia], tablets, 120 Tabs",Lopinavir/Ritonavir,Aluvia,200/50mg,Tablet,120,8760,177127.2,20.22,0.17,ABBVIE Ludwigshafen Germany,True,1798.0,5856.65,219.11
7352,83180,109-TZ-T30,FPQ-13042,SO-46680,DN-3401,Tanzania,PMO - US,From RDC,N/A - From RDC,Truck,2013-10-01,2013-06-26,2013-12-26,2013-12-16,2014-01-17,ARV,Adult,SCMS from RDC,"Nevirapine 200mg, tablets, 60 Tabs",Nevirapine,Generic,200mg,Tablet,60,31144,70385.44,2.26,0.04,Hetero Unit III Hyderabad IN,True,10109.0,7134.39,87.07
7353,83181,113-ZW-T30,FPQ-11545,SO-44360,DN-3413,Zimbabwe,PMO - US,From RDC,N/A - From RDC,Truck,2013-01-24,2013-05-30,2013-11-30,2013-11-25,2013-12-09,ARV,Adult,SCMS from RDC,"Nevirapine 200mg, tablets, 60 Tabs",Nevirapine,Generic,200mg,Tablet,60,51520,119011.2,2.31,0.04,"Cipla, Goa, India",True,19991.0,10942.88,147.22
7354,83182,104-CI-T30,FPQ-12800,SO-46360,DN-3418,Côte d'Ivoire,PMO - US,From RDC,N/A - From RDC,Air,2013-08-09,2013-06-16,2013-12-16,2013-12-02,2013-12-20,ARV,Pediatric,SCMS from RDC,"Zidovudine 10mg/ml, oral solution w/syringe, Bottle, 240 ml",Zidovudine,Generic,10mg/ml,Oral solution,240,2133,4479.3,2.1,0.01,"Aurobindo Unit III, India",True,1784.0,4017.69,5.54
7355,83183,104-CI-T30,FPQ-12800,SO-46410,DN-3420,Côte d'Ivoire,PMO - US,From RDC,N/A - From RDC,Truck,2013-08-09,2013-05-28,2013-11-28,2013-12-02,2013-12-20,ARV,Adult,SCMS from RDC,"Lamivudine 150mg, tablets, 60 Tabs",Lamivudine,Generic,150mg,Tablet,60,1700,3791.0,2.23,0.04,"Strides, Bangalore, India.",True,75.0,1556.99,4.69
7356,83184,107-RW-T30,FPQ-12190,SO-45390,DN-3421,Rwanda,PMO - US,From RDC,N/A - From RDC,Truck,2013-05-06,2013-07-31,2014-01-31,2013-12-23,2014-01-17,ARV,Adult,SCMS from RDC,"Nevirapine 200mg, tablets, 60 Tabs",Nevirapine,Generic,200mg,Tablet,60,20124,45480.24,2.26,0.04,"Aurobindo Unit III, India",False,2262.0,7173.3,56.26
7357,83185,105-GY-T30,FPQ-12619,SO-46090,DN-3425,Guyana,PMO - US,From RDC,N/A - From RDC,Air,2013-07-16,2013-06-30,2013-12-31,2013-12-02,2013-12-20,ARV,Adult,SCMS from RDC,"Lamivudine 150mg, tablets, 60 Tabs",Lamivudine,Generic,150mg,Tablet,60,161,359.03,2.23,0.04,"Strides, Bangalore, India.",False,30.0,1924.4650000000001,0.44
7358,83186,111-MZ-T30,FPQ-12416,SO-45893,DN-3428,Mozambique,PMO - US,From RDC,N/A - From RDC,Truck,2013-06-28,2013-05-29,2013-11-29,2014-01-30,2014-02-17,ARV,Adult,SCMS from RDC,"Abacavir 300mg, tablets, 60 Tabs",Abacavir,Generic,300mg,Tablet,60,1440,16502.4,11.46,0.19,"Aurobindo Unit III, India",True,4395.0,5816.47,20.41
7359,83187,111-MZ-T30,FPQ-12416,SO-45893,DN-3428,Mozambique,PMO - US,From RDC,N/A - From RDC,Truck,2013-06-28,2013-05-29,2013-11-29,2014-01-30,2014-02-17,ARV,Adult,SCMS from RDC,"Abacavir 300mg, tablets, 60 Tabs",Abacavir,Generic,300mg,Tablet,60,6275,71911.5,11.46,0.19,Mylan (formerly Matrix) Nashik,False,668.5,5192.68,88.95
7360,83188,151-NG-T30,FPQ-12248,SO-47222,DN-3437,Nigeria,PMO - US,From RDC,N/A - From RDC,Air Charter,2013-05-06,2013-05-18,2013-11-18,2013-11-26,2013-12-05,ARV,Adult,SCMS from RDC,"Lamivudine/Nevirapine/Zidovudine 150/200/300mg, tablets, 60 Tabs",Lamivudine/Nevirapine/Zidovudine,Generic,150/300/200mg,Tablet - FDC,60,150000,1287000.0,8.58,0.14,"Cipla, Goa, India",True,22942.0,26340.0,1592.02
7361,83189,151-NG-T30,FPQ-12248,SO-47222,DN-3437,Nigeria,PMO - US,From RDC,N/A - From RDC,Air Charter,2013-05-06,2013-05-18,2013-11-18,2013-11-26,2013-12-05,ARV,Adult,SCMS from RDC,"Lamivudine/Nevirapine/Zidovudine 150/200/300mg, tablets, 60 Tabs",Lamivudine/Nevirapine/Zidovudine,Generic,150/300/200mg,Tablet - FDC,60,961,8245.38,8.58,0.14,"Aurobindo Unit III, India",False,53.0,12601.07,10.2
7362,83190,151-NG-T30,FPQ-12248,SO-47223,DN-3438,Nigeria,PMO - US,From RDC,N/A - From RDC,Air Charter,2013-05-06,2013-05-18,2013-11-18,2013-11-26,2013-12-05,ARV,Adult,SCMS from RDC,"Efavirenz/Lamivudine/Tenofovir Disoproxil Fumarate 600/300/300mg, tablets, 30 Tabs",Efavirenz/Lamivudine/Tenofovir Disoproxil Fumarate,Generic,600/300/300mg,Tablet - FDC,30,200000,2230000.0,11.15,0.37,Hetero Unit III Hyderabad IN,True,28992.0,26340.0,2758.51
7363,83193,110-ZM-T30,FPQ-12066,SO-45070,DN-3448,Zambia,PMO - US,From RDC,N/A - From RDC,Truck,2013-04-19,2013-09-25,2014-03-25,2014-03-25,2014-04-02,ARV,Pediatric,SCMS from RDC,"Lamivudine/Nevirapine/Zidovudine 30/50/60mg, dispersible tablets, 60 Tabs",Lamivudine/Nevirapine/Zidovudine,Generic,30/50/60mg,Chewable/dispersible tablet - FDC,60,37979,147738.31,3.89,0.06,"Strides, Bangalore, India.",True,1628.0,3526.69,182.75
7364,83194,109-TZ-T30,FPQ-12354,SO-45741,DN-3454,Tanzania,PMO - US,From RDC,N/A - From RDC,Truck,2013-05-16,2013-07-31,2014-01-31,2014-01-20,2014-01-29,ARV,Adult,SCMS from RDC,"Efavirenz/Lamivudine/Tenofovir Disoproxil Fumarate 600/300/300mg, tablets, 30 Tabs",Efavirenz/Lamivudine/Tenofovir Disoproxil Fumarate,Generic,600/300/300mg,Tablet - FDC,30,68762,766696.3,11.15,0.37,Mylan (formerly Matrix) Nashik,True,8456.0,7134.39,948.4
7365,83195,103-ZW-T30,FPQ-12086,SO-45130,DN-3457,Zimbabwe,PMO - US,From RDC,N/A - From RDC,Truck,2013-04-19,2013-07-31,2014-01-31,2014-01-13,2014-01-23,ARV,Pediatric,SCMS from RDC,"Abacavir 20mg/ml, oral solution w/syringe, Bottle, 240 ml",Abacavir,Generic,20mg/ml,Oral solution,240,194,1650.94,8.51,0.04,"Aurobindo Unit III, India",False,390.0,6721.705,2.04
7366,83196,109-TZ-T30,FPQ-12587,SO-45995,DN-3458,Tanzania,PMO - US,From RDC,N/A - From RDC,Truck,2013-07-04,2013-06-30,2013-12-31,2014-02-25,2014-03-13,ARV,Adult,SCMS from RDC,"Emtricitabine/Tenofovir Disoproxil Fumarate 200/300mg, tablets, 30 Tabs",Emtricitabine/Tenofovir Disoproxil Fumarate,Generic,200/300mg,Tablet - FDC,30,2178,12784.86,5.87,0.2,"Aurobindo Unit III, India",True,2304.0,5989.25,15.81
7367,83198,151-NG-T30,FPQ-12248,SO-45662,DN-3476,Nigeria,PMO - US,From RDC,N/A - From RDC,Air Charter,2013-05-06,2013-07-17,2014-01-17,2014-01-10,2014-01-16,ARV,Adult,SCMS from RDC,"Lamivudine/Nevirapine/Zidovudine 150/200/300mg, tablets, 60 Tabs",Lamivudine/Nevirapine/Zidovudine,Generic,150/300/200mg,Tablet - FDC,60,100000,858000.0,8.58,0.14,"Cipla, Goa, India",True,38992.0,49199.75,1061.35
7368,83199,107-RW-T30,FPQ-12190,SO-45392,DN-3480,Rwanda,PMO - US,From RDC,N/A - From RDC,Truck,2013-05-06,2013-07-31,2014-01-31,2014-01-22,2014-01-31,ARV,Adult,SCMS from RDC,"Nevirapine 200mg, tablets, 60 Tabs",Nevirapine,Generic,200mg,Tablet,60,64000,144640.0,2.26,0.04,"Strides, Bangalore, India.",True,3887.0,21032.82,178.92
7369,83200,114-UG-T30,FPQ-13107,SO-46840,DN-3503,Uganda,PMO - US,From RDC,N/A - From RDC,Truck,2013-10-16,2013-08-28,2014-02-28,2014-01-30,2014-02-03,ARV,Pediatric,SCMS from RDC,"Nevirapine 10mg/ml, oral suspension w/syringe, Bottle, 100 ml",Nevirapine,Generic,10mg/ml,Oral suspension,100,15000,19500.0,1.3,0.01,"Aurobindo Unit III, India",True,2978.0,5458.46,20.05
7370,83205,114-UG-T30,FPQ-12253,SO-45500,DN-3515,Uganda,PMO - US,From RDC,N/A - From RDC,Air,2013-05-08,2013-07-31,2014-01-31,2014-02-17,2014-03-04,ARV,Pediatric,SCMS from RDC,"Abacavir/Lamivudine 60/30mg, tablets, 60 Tabs",Abacavir/Lamivudine,Generic,60/30mg,Tablet - FDC,60,1446,5784.0,4.0,0.07,"Aurobindo Unit III, India",True,68.0,790.29,7.15
7371,83206,111-MZ-T30,FPQ-12573,SO-46172,DN-3525,Mozambique,PMO - US,From RDC,N/A - From RDC,Truck,2013-06-28,2013-07-31,2014-01-31,2014-02-20,2014-03-19,ARV,Adult,SCMS from RDC,"Lamivudine/Nevirapine/Stavudine 150/200/30mg, tablets, 60 Tabs",Lamivudine/Nevirapine/Stavudine,Generic,150/200/30mg,Tablet - FDC,60,47205,203925.6,4.32,0.07,Hetero Unit III Hyderabad IN,False,668.5,5192.68,252.26
7372,83207,114-UG-T30,FPQ-12253,SO-45530,DN-3538,Uganda,PMO - US,From RDC,N/A - From RDC,Truck,2013-05-08,2013-08-28,2014-02-28,2014-03-07,2014-03-12,ARV,Adult,SCMS from RDC,"Lamivudine/Tenofovir Disoproxil Fumarate 300/300mg, tablets, 30 Tabs",Lamivudine/Tenofovir Disoproxil Fumarate,Generic,300/300mg,Tablet - FDC,30,40800,191760.0,4.7,0.16,Hetero Unit III Hyderabad IN,True,4187.0,16821.66,237.21
7373,83208,151-NG-T30,FPQ-12801,SO-46541,DN-3542,Nigeria,PMO - US,From RDC,N/A - From RDC,Air Charter,2013-08-06,2013-09-07,2014-03-07,2014-02-10,2014-02-19,ARV,Pediatric,SCMS from RDC,"Abacavir/Lamivudine 60/30mg, tablets, 60 Tabs",Abacavir/Lamivudine,Generic,60/30mg,Tablet - FDC,60,5985,23940.0,4.0,0.07,"Aurobindo Unit III, India",True,576.0,30936.1,29.61
7374,83209,104-CI-T30,FPQ-12800,SO-46371,DN-3544,Côte d'Ivoire,PMO - US,From RDC,N/A - From RDC,Air,2013-08-09,2013-08-28,2014-02-28,2014-02-18,2014-03-04,ARV,Pediatric,SCMS from RDC,"Lamivudine/Nevirapine/Zidovudine 30/50/60mg, dispersible tablets, 60 Tabs",Lamivudine/Nevirapine/Zidovudine,Generic,30/50/60mg,Chewable/dispersible tablet - FDC,60,10500,39375.0,3.75,0.06,"Strides, Bangalore, India.",True,574.0,4063.81,48.71
7375,83210,103-ZW-T30,FPQ-12086,SO-45123,DN-3549,Zimbabwe,PMO - US,From RDC,N/A - From RDC,Truck,2013-04-19,2013-09-30,2014-03-31,2014-02-11,2014-03-04,ARV,Pediatric,SCMS from RDC,"Efavirenz 200mg, scored tablets, 90 Tabs",Efavirenz,Generic,200mg,Tablet,90,266,2473.8,9.3,0.1,"Strides, Bangalore, India.",True,17.0,1200.0,3.06
7376,83212,101-CD-T30,FPQ-13554,SO-47630,DN-3561,"Congo, DRC",PMO - US,From RDC,N/A - From RDC,Air,2014-01-15,2013-11-30,2014-05-30,2014-05-19,2014-06-26,ARV,Pediatric,SCMS from RDC,"Lamivudine/Nevirapine/Zidovudine 30/50/60mg, dispersible tablets, 60 Tabs",Lamivudine/Nevirapine/Zidovudine,Generic,30/50/60mg,Chewable/dispersible tablet - FDC,60,1850,6937.5,3.75,0.06,"Strides, Bangalore, India.",False,630.0,2346.5699999999997,7.13
7377,83213,101-CD-T30,FPQ-13554,SO-47630,DN-3561,"Congo, DRC",PMO - US,From RDC,N/A - From RDC,Air,2014-01-15,2013-11-30,2014-05-30,2014-05-19,2014-06-26,ARV,Adult,SCMS from RDC,"Tenofovir Disoproxil Fumarate 300mg, tablets, 30 Tabs",Tenofovir Disoproxil Fumarate,Generic,300mg,Tablet,30,1240,5009.6,4.04,0.13,Mylan (formerly Matrix) Nashik,False,72.0,2346.5699999999997,5.15
7378,83216,105-GH-T30,FPQ-13609,SO-47940,DN-3576,Ghana,PMO - US,From RDC,N/A - From RDC,Truck,2014-02-19,2013-09-20,2014-03-20,2014-03-14,2014-04-25,ARV,Adult,SCMS from RDC,"Lamivudine/Zidovudine 150/300mg, tablets, 60 Tabs",Lamivudine/Zidovudine,Generic,150/300mg,Tablet - FDC,60,23000,154790.0,6.73,0.11,Mylan (formerly Matrix) Nashik,True,8701.0,3975.7,159.12
7379,83217,107-RW-T30,FPQ-12766,SO-46480,DN-3579,Rwanda,PMO - US,From RDC,N/A - From RDC,Truck,2013-08-02,2013-09-28,2014-03-28,2014-04-02,2014-04-14,ARV,Adult,SCMS from RDC,"Efavirenz/Lamivudine/Tenofovir Disoproxil Fumarate 600/300/300mg, tablets, 30 Tabs",Efavirenz/Lamivudine/Tenofovir Disoproxil Fumarate,Generic,600/300/300mg,Tablet - FDC,30,50000,543500.0,10.87,0.36,"Aurobindo Unit VII, IN",True,22442.0,12995.06,672.31
7380,83218,107-RW-T30,FPQ-12766,SO-46480,DN-3579,Rwanda,PMO - US,From RDC,N/A - From RDC,Truck,2013-08-02,2013-09-28,2014-03-28,2014-04-02,2014-04-14,ARV,Adult,SCMS from RDC,"Lamivudine/Tenofovir Disoproxil Fumarate 300/300mg, tablets, 30 Tabs",Lamivudine/Tenofovir Disoproxil Fumarate,Generic,300/300mg,Tablet - FDC,30,68517,322029.9,4.7,0.16,"Aurobindo Unit VII, IN",False,668.5,7173.3,398.35
7381,83219,103-SS-T30,FPQ-13173,SO-47100,DN-3581,South Sudan,PMO - US,From RDC,N/A - From RDC,Air,2013-10-28,2013-09-30,2014-03-31,2014-03-21,2014-03-26,ARV,Adult,SCMS from RDC,"Lamivudine/Tenofovir Disoproxil Fumarate 300/300mg, tablets, 30 Tabs",Lamivudine/Tenofovir Disoproxil Fumarate,Generic,300/300mg,Tablet - FDC,30,1447,6800.9,4.7,0.16,"Aurobindo Unit VII, IN",True,592.0,6169.0,6.99
7382,83220,103-SS-T30,FPQ-13173,SO-47100,DN-3581,South Sudan,PMO - US,From RDC,N/A - From RDC,Air,2013-10-28,2013-09-30,2014-03-31,2014-03-21,2014-03-26,ARV,Adult,SCMS from RDC,"Efavirenz/Lamivudine/Tenofovir Disoproxil Fumarate 600/300/300mg, tablets, 30 Tabs",Efavirenz/Lamivudine/Tenofovir Disoproxil Fumarate,Generic,600/300/300mg,Tablet - FDC,30,1278,13891.86,10.87,0.36,Mylan (formerly Matrix) Nashik,False,668.5,2575.925,14.28
7383,83221,103-SS-T30,FPQ-13173,SO-47100,DN-3581,South Sudan,PMO - US,From RDC,N/A - From RDC,Air,2013-10-28,2013-09-30,2014-03-31,2014-03-21,2014-03-26,ARV,Pediatric,SCMS from RDC,"Lamivudine/Nevirapine/Zidovudine 30/50/60mg, dispersible tablets, 60 Tabs",Lamivudine/Nevirapine/Zidovudine,Generic,30/50/60mg,Chewable/dispersible tablet - FDC,60,549,2058.75,3.75,0.06,Mylan (formerly Matrix) Nashik,False,119.0,2575.925,2.12
7384,83222,105-GY-T30,FPQ-13071,SO-46810,DN-3577,Guyana,PMO - US,From RDC,N/A - From RDC,Air,2013-10-09,2013-10-05,2014-04-05,2014-04-16,2014-05-12,ARV,Adult,SCMS from RDC,"Emtricitabine/Tenofovir Disoproxil Fumarate 200/300mg, tablets, 30 Tabs",Emtricitabine/Tenofovir Disoproxil Fumarate,Generic,200/300mg,Tablet - FDC,30,2881,16911.47,5.87,0.2,"Aurobindo Unit III, India",True,274.0,4268.06,17.38
7385,83223,105-GY-T30,FPQ-13071,SO-46800,DN-3585,Guyana,PMO - US,From RDC,N/A - From RDC,Air,2013-10-09,2013-09-30,2014-03-31,2014-04-03,2014-06-06,ARV,Pediatric,SCMS from RDC,"Lamivudine 10mg/ml, oral solution w/syringe, Bottle, 240 ml",Lamivudine,Generic,10mg/ml,Oral solution,240,118,171.1,1.45,0.01,"Aurobindo Unit III, India",True,552.0,7317.96,0.18
7386,83224,106-HT-T30,FPQ-13608,SO-47690,DN-3586,Haiti,PMO - US,From RDC,N/A - From RDC,Air,2014-01-22,2013-09-30,2014-03-30,2014-03-24,2014-05-06,ARV,Adult,SCMS from RDC,"Tenofovir Disoproxil Fumarate 300mg, tablets, 30 Tabs",Tenofovir Disoproxil Fumarate,Generic,300mg,Tablet,30,60,242.4,4.04,0.13,Mylan (formerly Matrix) Nashik,True,6528.0,63922.3,0.25
7387,83225,113-ZW-T30,FPQ-12950,SO-46620,DN-3588,Zimbabwe,PMO - US,From RDC,N/A - From RDC,Truck,2013-09-10,2013-11-06,2014-05-06,2014-03-21,2014-04-17,ARV,Adult,SCMS from RDC,"Efavirenz/Lamivudine/Tenofovir Disoproxil Fumarate 600/300/300mg, tablets, 30 Tabs",Efavirenz/Lamivudine/Tenofovir Disoproxil Fumarate,Generic,600/300/300mg,Tablet - FDC,30,8977,100093.55,11.15,0.37,"Aurobindo Unit VII, IN",True,65471.0,64802.96,123.82
7388,83226,113-ZW-T30,FPQ-12950,SO-46620,DN-3588,Zimbabwe,PMO - US,From RDC,N/A - From RDC,Truck,2013-09-10,2013-11-06,2014-05-06,2014-03-21,2014-04-17,ARV,Adult,SCMS from RDC,"Efavirenz/Lamivudine/Tenofovir Disoproxil Fumarate 600/300/300mg, tablets, 30 Tabs",Efavirenz/Lamivudine/Tenofovir Disoproxil Fumarate,Generic,600/300/300mg,Tablet - FDC,30,360000,4014000.0,11.15,0.37,Hetero Unit III Hyderabad IN,False,668.5,6721.705,4965.32
7389,83227,109-TZ-T30,FPQ-13042,SO-46670,DN-3592,Tanzania,PMO - US,From RDC,N/A - From RDC,Truck,2013-10-01,2013-10-08,2014-04-08,2014-04-08,2014-04-14,ARV,Pediatric,SCMS from RDC,"Lamivudine/Nevirapine/Zidovudine 30/50/60mg, dispersible tablets, 60 Tabs",Lamivudine/Nevirapine/Zidovudine,Generic,30/50/60mg,Chewable/dispersible tablet - FDC,60,102980,386175.0,3.75,0.06,Mylan (formerly Matrix) Nashik,True,5687.0,6010.2,477.7
7390,83228,114-UG-T30,FPQ-13107,SO-46861,DN-3608,Uganda,PMO - US,From RDC,N/A - From RDC,Truck,2013-10-16,2014-01-04,2014-07-04,2014-07-15,2014-07-16,ARV,Adult,SCMS from RDC,"Efavirenz/Lamivudine/Tenofovir Disoproxil Fumarate 600/300/300mg, tablets, 30 Tabs",Efavirenz/Lamivudine/Tenofovir Disoproxil Fumarate,Generic,600/300/300mg,Tablet - FDC,30,30874,344245.1,11.15,0.37,Hetero Unit III Hyderabad IN,True,4133.0,24362.92,353.88
7391,83229,107-RW-T30,FPQ-13839,SO-48170,DN-3611,Rwanda,PMO - US,From RDC,N/A - From RDC,Truck,2014-03-05,2013-11-20,2014-05-20,2014-03-04,2014-06-04,ARV,Pediatric,SCMS from RDC,"Nevirapine 10mg/ml, oral suspension w/syringe, Bottle, 240 ml",Nevirapine,Generic,10mg/ml,Oral suspension,240,2216,4121.76,1.86,0.01,"Aurobindo Unit III, India",True,1412.0,4609.68,4.24
7392,83230,104-CI-T30,FPQ-13142,SO-47140,DN-3575,Côte d'Ivoire,PMO - US,From RDC,N/A - From RDC,Truck,2013-10-22,2013-09-18,2014-03-18,2014-03-10,2014-05-06,ARV,Pediatric,SCMS from RDC,"Lamivudine 10mg/ml, oral solution w/syringe, Bottle, 240 ml",Lamivudine,Generic,10mg/ml,Oral solution,240,8000,11440.0,1.43,0.01,"Aurobindo Unit III, India",True,2933.0,11961.04,11.76
7393,83231,107-RW-T30,FPQ-12190,SO-45393,DN-3617,Rwanda,PMO - US,From RDC,N/A - From RDC,Truck,2013-05-06,2013-11-06,2014-05-06,2014-05-06,2014-06-20,ARV,Adult,SCMS from RDC,"Nevirapine 200mg, tablets, 60 Tabs",Nevirapine,Generic,200mg,Tablet,60,24436,55225.36,2.26,0.04,"Aurobindo Unit III, India",True,2342.0,5445.73,68.31
7394,83232,111-MZ-T30,FPQ-13124,SO-47051,DN-3624,Mozambique,PMO - US,From RDC,N/A - From RDC,Truck,2013-10-21,2013-12-30,2014-06-30,2014-06-03,2014-06-11,ARV,Adult,SCMS from RDC,"Lamivudine/Tenofovir Disoproxil Fumarate 300/300mg, tablets, 30 Tabs",Lamivudine/Tenofovir Disoproxil Fumarate,Generic,300/300mg,Tablet - FDC,30,3464,16280.8,4.7,0.16,Hetero Unit III Hyderabad IN,True,359.0,0.0,16.74
7395,83233,110-ZM-T30,FPQ-13221,SO-47202,DN-3625,Zambia,PMO - US,From RDC,N/A - From RDC,Truck,2013-10-31,2013-11-06,2014-05-06,2014-06-04,2014-06-12,ARV,Adult,SCMS from RDC,"Lopinavir/Ritonavir 200/50mg, tablets, 120 Tabs",Lopinavir/Ritonavir,Generic,200/50mg,Tablet,120,25482,521871.36,20.48,0.17,"Aurobindo Unit III, India",True,7140.0,47532.09,536.48
7396,83234,111-MZ-T30,FPQ-13124,SO-47041,DN-3628,Mozambique,PMO - US,From RDC,N/A - From RDC,Truck,2013-10-21,2013-12-14,2014-06-14,2014-06-24,2014-07-14,ARV,Adult,SCMS from RDC,"Efavirenz/Lamivudine/Tenofovir Disoproxil Fumarate 600/300/300mg, tablets, 30 Tabs",Efavirenz/Lamivudine/Tenofovir Disoproxil Fumarate,Generic,600/300/300mg,Tablet - FDC,30,177954,1984187.1,11.15,0.37,Mylan (formerly Matrix) Nashik,True,88761.0,55287.91,2039.74
7397,83235,111-MZ-T30,FPQ-13124,SO-47041,DN-3628,Mozambique,PMO - US,From RDC,N/A - From RDC,Truck,2013-10-21,2013-12-14,2014-06-14,2014-06-24,2014-07-14,ARV,Adult,SCMS from RDC,"Efavirenz/Lamivudine/Tenofovir Disoproxil Fumarate 600/300/300mg, tablets, 30 Tabs",Efavirenz/Lamivudine/Tenofovir Disoproxil Fumarate,Generic,600/300/300mg,Tablet - FDC,30,263351,2936363.65,11.15,0.37,Mylan (formerly Matrix) Nashik,False,668.5,5192.68,3018.58
7398,83236,110-ZM-T30,FPQ-12066,SO-45093,DN-3647,Zambia,PMO - US,From RDC,N/A - From RDC,Truck,2013-04-19,2013-11-10,2014-05-10,2014-05-19,2014-06-13,ARV,Adult,SCMS from RDC,"Nevirapine 200mg, tablets, 60 Tabs",Nevirapine,Generic,200mg,Tablet,60,54470,120378.7,2.21,0.04,Hetero Unit III Hyderabad IN,True,3360.0,9527.17,148.91
7399,83237,104-CI-T30,FPQ-13142,SO-47130,DN-3655,Côte d'Ivoire,PMO - US,From RDC,N/A - From RDC,Truck,2013-10-22,2013-10-21,2014-04-21,2014-05-01,2014-06-11,ARV,Adult,SCMS from RDC,"Lamivudine/Nevirapine/Zidovudine 150/200/300mg, tablets, 60 Tabs",Lamivudine/Nevirapine/Zidovudine,Generic,150/300/200mg,Tablet - FDC,60,100000,811000.0,8.11,0.14,"Strides, Bangalore, India.",True,12199.0,46520.17,833.71
7400,83238,106-HT-T30,FPQ-13648,SO-47810,DN-3660,Haiti,PMO - US,From RDC,N/A - From RDC,Air,2014-02-03,2013-11-07,2014-05-07,2014-06-12,2014-06-12,ARV,Adult,SCMS from RDC,"Lamivudine/Zidovudine 150/300mg, tablets, 60 Tabs",Lamivudine/Zidovudine,Generic,150/300mg,Tablet - FDC,60,13626,91702.98,6.73,0.11,Hetero Unit III Hyderabad IN,True,1216.0,5698.48,94.27
7401,83239,151-NG-T30,FPQ-13293,SO-47282,DN-3662,Nigeria,PMO - US,From RDC,N/A - From RDC,Air Charter,2013-11-19,2013-11-06,2014-05-06,2014-04-17,2014-05-02,ARV,Pediatric,SCMS from RDC,"Lamivudine/Nevirapine/Zidovudine 30/50/60mg, dispersible tablets, 60 Tabs",Lamivudine/Nevirapine/Zidovudine,Generic,30/50/60mg,Chewable/dispersible tablet - FDC,60,70000,272300.0,3.89,0.06,"Strides, Bangalore, India.",True,3376.0,29674.91,279.92
7402,83244,104-CI-T30,FPQ-11254,SO-44141,DN-3681,Côte d'Ivoire,PMO - US,From RDC,N/A - From RDC,Truck,2012-12-14,2013-11-15,2014-05-15,2014-05-12,2014-06-30,ARV,Pediatric,SCMS from RDC,"Lamivudine/Nevirapine/Zidovudine 30/50/60mg, dispersible tablets, 60 Tabs",Lamivudine/Nevirapine/Zidovudine,Generic,30/50/60mg,Chewable/dispersible tablet - FDC,60,3200,12000.0,3.75,0.06,Mylan (formerly Matrix) Nashik,True,166.0,1137.18,14.84
7403,83245,104-CI-T30,FPQ-13142,SO-47160,DN-3685,Côte d'Ivoire,PMO - US,From RDC,N/A - From RDC,Truck,2013-10-22,2013-11-30,2014-05-30,2014-05-12,2014-06-30,ARV,Adult,SCMS from RDC,"Lamivudine 150mg, tablets, 60 Tabs",Lamivudine,Generic,150mg,Tablet,60,1379,2399.46,1.74,0.03,"Aurobindo Unit III, India",True,157.0,926.7,2.47
7404,83246,101-CD-T30,FPQ-13554,SO-47632,DN-3715,"Congo, DRC",PMO - US,From RDC,N/A - From RDC,Air,2014-01-15,2013-11-30,2014-05-30,2014-08-15,2014-09-05,ARV,Adult,SCMS from RDC,"Zidovudine 300mg, tablets, 60 Tabs",Zidovudine,Generic,300mg,Tablet,60,380,2120.4,5.58,0.09,"Aurobindo Unit III, India",True,21.0,895.38,2.18
7405,83249,109-TZ-T30,FPQ-12587,SO-46005,DN-3759,Tanzania,PMO - US,From RDC,N/A - From RDC,Truck,2013-07-04,2013-12-30,2014-06-30,2014-06-24,2014-07-01,ARV,Adult,SCMS from RDC,"Lopinavir/Ritonavir 200/50mg [Aluvia], tablets, 120 Tabs",Lopinavir/Ritonavir,Aluvia,200/50mg,Tablet,120,10724,202683.6,18.9,0.16,ABBVIE Ludwigshafen Germany,True,2209.0,2994.63,250.72
7406,83250,104-CI-T30,FPQ-13142,SO-47133,DN-3761,Côte d'Ivoire,PMO - US,From RDC,N/A - From RDC,Truck,2013-10-22,2013-12-16,2014-06-16,2014-06-16,2014-07-10,ARV,Pediatric,SCMS from RDC,"Lamivudine 10mg/ml, oral solution w/syringe, Bottle, 240 ml",Lamivudine,Generic,10mg/ml,Oral solution,240,4243,6067.49,1.43,0.01,"Aurobindo Unit III, India",True,1485.0,6819.73,6.24
7407,83254,110-ZM-T30,FPQ-14105,SO-48652,DN-3877,Zambia,PMO - US,From RDC,N/A - From RDC,Truck,2014-04-16,2014-03-04,2014-09-04,2014-09-23,2014-10-17,ARV,Adult,SCMS from RDC,"Lamivudine/Zidovudine 150/300mg, tablets, 60 Tabs",Lamivudine/Zidovudine,Generic,150/300mg,Tablet - FDC,60,13535,88248.2,6.52,0.11,"Aurobindo Unit III, India",True,3704.0,4562.72,90.72
7408,83255,111-MZ-T30,FPQ-14226,SO-48883,DN-3875,Mozambique,PMO - US,From RDC,N/A - From RDC,Truck,2014-05-02,2014-06-30,2014-12-31,2014-10-30,2014-11-07,ARV,Adult,SCMS from RDC,"Efavirenz 600mg, tablets, 30 Tabs",Efavirenz,Generic,600mg,Tablet,30,30860,99060.6,3.21,0.11,"Cipla, Goa, India",True,19965.0,14767.58,101.83
7409,83256,111-MZ-T30,FPQ-14226,SO-48883,DN-3875,Mozambique,PMO - US,From RDC,N/A - From RDC,Truck,2014-05-02,2014-06-30,2014-12-31,2014-10-30,2014-11-07,ARV,Adult,SCMS from RDC,"Efavirenz/Lamivudine/Tenofovir Disoproxil Fumarate 600/300/300mg, tablets, 30 Tabs",Efavirenz/Lamivudine/Tenofovir Disoproxil Fumarate,Generic,600/300/300mg,Tablet - FDC,30,36000,388080.0,10.78,0.36,Cipla Ltd A-42 MIDC Mahar. IN,False,2205.0,5192.68,398.95
7410,83259,151-NG-T30,FPQ-13293,SO-47286,DN-3792,Nigeria,PMO - US,From RDC,N/A - From RDC,Air Charter,2013-11-19,2013-12-30,2014-06-30,2014-06-20,2014-06-25,ARV,Adult,SCMS from RDC,"Lamivudine/Zidovudine 150/300mg, tablets, 60 Tabs",Lamivudine/Zidovudine,Generic,150/300mg,Tablet - FDC,60,29796,194269.92,6.52,0.11,Mylan (formerly Matrix) Nashik,True,5862.0,28812.57,199.71
7411,83260,104-CI-T30,FPQ-13628,SO-47880,DN-3803,Côte d'Ivoire,PMO - US,From RDC,N/A - From RDC,Truck,2014-01-29,2014-05-28,2014-11-28,2014-07-09,2014-08-07,ARV,Adult,SCMS from RDC,"Efavirenz/Lamivudine/Tenofovir Disoproxil Fumarate 600/300/300mg, tablets, 30 Tabs",Efavirenz/Lamivudine/Tenofovir Disoproxil Fumarate,Generic,600/300/300mg,Tablet - FDC,30,47116,507910.48,10.78,0.36,Hetero Unit III Hyderabad IN,True,7295.0,28669.4,522.13
7412,83262,104-CI-T30,FPQ-13628,SO-47880,DN-3803,Côte d'Ivoire,PMO - US,From RDC,N/A - From RDC,Truck,2014-01-29,2014-05-28,2014-11-28,2014-07-09,2014-08-07,ARV,Adult,SCMS from RDC,"Lamivudine/Tenofovir Disoproxil Fumarate 300/300mg, tablets, 30 Tabs",Lamivudine/Tenofovir Disoproxil Fumarate,Generic,300/300mg,Tablet - FDC,30,10000,46300.0,4.63,0.15,Hetero Unit III Hyderabad IN,False,1097.5,6757.815,47.6
7413,83263,109-TZ-T30,FPQ-13042,SO-46730,DN-3813,Tanzania,PMO - US,From RDC,N/A - From RDC,Truck,2013-10-01,2014-02-28,2014-08-29,2014-08-27,2014-09-23,ARV,Pediatric,SCMS from RDC,"Lamivudine/Zidovudine 30/60mg, tablets, 60 Tabs",Lamivudine/Zidovudine,Generic,30/60mg,Tablet - FDC,60,15639,31121.61,1.99,0.03,Mylan (formerly Matrix) Nashik,True,590.0,5399.25,38.5
7414,83264,113-ZW-T30,FPQ-13508,SO-47540,DN-3825,Zimbabwe,PMO - US,From RDC,N/A - From RDC,Truck,2013-12-24,2014-03-30,2014-09-30,2014-06-29,2014-08-04,ARV,Adult,SCMS from RDC,"Nevirapine 200mg, tablets, 60 Tabs",Nevirapine,Generic,200mg,Tablet,60,120000,261600.0,2.18,0.04,"Cipla, Goa, India",False,11419.0,6721.705,268.92
7415,83266,101-CD-T30,FPQ-14252,SO-48850,DN-3843,"Congo, DRC",PMO - US,From RDC,N/A - From RDC,Air,2014-05-07,2014-02-13,2014-08-13,2014-09-24,2014-11-06,ARV,Pediatric,SCMS from RDC,"Efavirenz 200mg, scored tablets, 90 Tabs",Efavirenz,Generic,200mg,Tablet,90,710,6603.0,9.3,0.1,"Strides, Bangalore, India.",False,62.0,2346.5699999999997,6.79
7416,83267,111-MZ-T30,FPQ-13123,SO-47080,DN-3828,Mozambique,PMO - US,From RDC,N/A - From RDC,Truck,2013-10-21,2014-02-28,2014-08-29,2014-11-05,2014-11-07,ARV,Adult,SCMS from RDC,"Abacavir 300mg, tablets, 60 Tabs",Abacavir,Generic,300mg,Tablet,60,3700,41551.0,11.23,0.19,Mylan (formerly Matrix) Nashik,False,668.5,5192.68,42.71
7417,83271,100-ZM-T30,FPQ-13679,SO-48011,DN-3862,Zambia,PMO - US,From RDC,N/A - From RDC,Truck,2014-02-02,2014-02-06,2014-08-06,2014-08-06,2014-08-22,ARV,Adult,SCMS from RDC,"Abacavir 300mg, tablets, 60 Tabs",Abacavir,Generic,300mg,Tablet,60,4636,52664.96,11.36,0.19,"Aurobindo Unit III, India",True,458.0,4130.15,54.14
7418,83272,111-MZ-T30,FPQ-13394,SO-47460,DN-3872,Mozambique,PMO - US,From RDC,N/A - From RDC,Truck,2013-12-09,2014-03-30,2014-09-30,2014-10-27,2014-11-07,ARV,Adult,SCMS from RDC,"Lamivudine/Nevirapine/Zidovudine 150/200/300mg, tablets, 60 Tabs",Lamivudine/Nevirapine/Zidovudine,Generic,150/300/200mg,Tablet - FDC,60,85490,693323.9,8.11,0.14,"Cipla, Goa, India",False,668.5,5192.68,712.74
7419,83273,901-NA-T30,FPQ-14723,SO-49510,DN-3906,Namibia,PMO - US,From RDC,N/A - From RDC,Air,2014-07-30,2014-03-30,2014-09-30,2014-09-02,2014-09-05,ARV,Adult,SCMS from RDC,"Lamivudine/Tenofovir Disoproxil Fumarate 300/300mg, tablets, 30 Tabs",Lamivudine/Tenofovir Disoproxil Fumarate,Generic,300/300mg,Tablet - FDC,30,45000,208350.0,4.63,0.15,Hetero Unit III Hyderabad IN,True,4688.0,32063.3,214.18
7420,83274,151-NG-T30,FPQ-13704,SO-48320,DN-3918,Nigeria,PMO - US,From RDC,N/A - From RDC,Air Charter,2014-02-13,2014-03-30,2014-09-30,2014-09-03,2014-09-05,ARV,Adult,SCMS from RDC,"Lamivudine/Zidovudine 150/300mg, tablets, 60 Tabs",Lamivudine/Zidovudine,Generic,150/300mg,Tablet - FDC,60,194265,1307403.45,6.73,0.11,Hetero Unit III Hyderabad IN,True,19976.0,67504.0,1344.01
7421,83275,901-NA-T30,FPQ-14670,SO-49560,DN-3907,Namibia,PMO - US,From RDC,N/A - From RDC,Truck,2014-07-30,2014-03-30,2014-09-30,2014-09-15,2014-09-25,ARV,Adult,SCMS from RDC,"Efavirenz 600mg, tablets, 30 Tabs",Efavirenz,Generic,600mg,Tablet,30,29369,94274.49,3.21,0.11,"Cipla, Goa, India",False,668.5,8502.12,96.91
7422,83277,107-RW-T30,FPQ-14111,SO-48780,DN-3931,Rwanda,PMO - US,From RDC,N/A - From RDC,Air,2014-04-22,2014-04-30,2014-10-31,2014-09-24,2014-09-25,ARV,Pediatric,SCMS from RDC,"Lamivudine/Nevirapine/Zidovudine 30/50/60mg, dispersible tablets, 60 Tabs",Lamivudine/Nevirapine/Zidovudine,Generic,30/50/60mg,Chewable/dispersible tablet - FDC,60,2196,8235.0,3.75,0.06,"Strides, Bangalore, India.",True,98.0,993.2,8.47
7423,83278,109-TZ-T30,FPQ-13566,SO-47654,DN-3932,Tanzania,PMO - US,From RDC,N/A - From RDC,Truck,2014-01-15,2014-04-30,2014-10-31,2014-10-22,2014-11-04,ARV,Pediatric,SCMS from RDC,"Lamivudine/Zidovudine 30/60mg, dispersible tablets, 60 Tabs",Lamivudine/Zidovudine,Generic,30/60mg,Chewable/dispersible tablet - FDC,60,11688,25129.2,2.15,0.04,"Cipla, Goa, India",True,1673.0,5364.61,25.83
7424,83279,111-MZ-T30,FPQ-13166,SO-47610,DN-3935,Mozambique,PMO - US,From RDC,N/A - From RDC,Truck,2013-10-21,2014-04-30,2014-10-31,2014-10-30,2014-11-13,ARV,Adult,SCMS from RDC,"Abacavir/Lamivudine 600/300mg, tablets, 30 Tabs",Abacavir/Lamivudine,Generic,600/300mg,Tablet - FDC,30,1934,26147.68,13.52,0.45,"Cipla, Patalganga, India",True,195.0,63.07,26.88
7425,83283,111-MZ-T30,FPQ-14226,SO-48885,DN-3957,Mozambique,PMO - US,From RDC,N/A - From RDC,Truck,2014-05-02,2014-06-30,2014-12-31,2014-12-01,2014-12-01,ARV,Adult,SCMS from RDC,"Efavirenz/Lamivudine/Tenofovir Disoproxil Fumarate 600/300/300mg, tablets, 30 Tabs",Efavirenz/Lamivudine/Tenofovir Disoproxil Fumarate,Generic,600/300/300mg,Tablet - FDC,30,460041,4959241.98,10.78,0.36,Mylan (formerly Matrix) Nashik,True,56314.0,53110.46,5098.1
7426,83284,105-GY-T30,FPQ-14650,SO-49360,DN-3977,Guyana,PMO - US,From RDC,N/A - From RDC,Air,2014-07-18,2014-06-30,2014-12-31,2014-11-26,2014-12-02,ARV,Adult,SCMS from RDC,"Lopinavir/Ritonavir 200/50mg, tablets, 120 Tabs",Lopinavir/Ritonavir,Generic,200/50mg,Tablet,120,1819,35761.54,19.66,0.16,Mylan (formerly Matrix) Nashik,True,473.0,6001.52,36.76
7427,83285,110-ZM-T30,FPQ-14162,SO-48691,DN-3979,Zambia,PMO - US,From RDC,N/A - From RDC,Truck,2014-04-24,2014-06-30,2014-12-31,2014-11-19,2014-11-24,ARV,Adult,SCMS from RDC,"Zidovudine 300mg, tablets, 60 Tabs",Zidovudine,Generic,300mg,Tablet,60,13709,74439.87,5.43,0.09,"Aurobindo Unit III, India",True,797.0,3340.5,76.52
7428,83286,101-CD-T30,FPQ-14576,SO-49310,DN-3954,"Congo, DRC",PMO - US,From RDC,N/A - From RDC,Air,2014-07-14,2014-10-14,2015-04-14,2015-04-14,2015-04-14,ARV,Adult,SCMS from RDC,"Zidovudine 300mg, tablets, 60 Tabs",Zidovudine,Generic,300mg,Tablet,60,1400,7616.0,5.44,0.09,"Aurobindo Unit III, India",False,209.0,2346.5699999999997,7.83
7429,83287,101-CD-T30,FPQ-14576,SO-49310,DN-3954,"Congo, DRC",PMO - US,From RDC,N/A - From RDC,Air,2014-07-14,2014-10-14,2015-04-14,2015-04-14,2015-04-14,ARV,Pediatric,SCMS from RDC,"Nevirapine 10mg/ml, oral suspension w/syringe, Bottle, 240 ml",Nevirapine,Generic,10mg/ml,Oral suspension,240,590,890.9,1.51,0.01,"Aurobindo Unit III, India",False,668.5,2346.5699999999997,0.92
7430,83288,114-UG-T30,FPQ-14396,SO-48970,DN-4008,Uganda,PMO - US,From RDC,N/A - From RDC,Truck,2014-06-04,2014-05-28,2014-11-28,2014-12-03,2014-12-04,ARV,Pediatric,SCMS from RDC,"Abacavir/Lamivudine 60/30mg, tablets, 60 Tabs",Abacavir/Lamivudine,Generic,60/30mg,Tablet - FDC,60,9308,38069.72,4.09,0.07,Mylan (formerly Matrix) Nashik,False,668.5,5458.45,39.14
7431,83289,110-ZM-T30,FPQ-14162,SO-48690,DN-4018,Zambia,PMO - US,From RDC,N/A - From RDC,Truck,2014-04-24,2014-07-30,2015-01-30,2015-02-01,2015-02-20,ARV,Adult,SCMS from RDC,"Zidovudine 300mg, tablets, 60 Tabs",Zidovudine,Generic,300mg,Tablet,60,5281,29045.5,5.5,0.09,"Aurobindo Unit III, India",True,312.0,401.82,29.86
7432,83291,114-UG-T30,FPQ-14396,SO-48993,DN-4041,Uganda,PMO - US,From RDC,N/A - From RDC,Truck,2014-06-04,2014-08-16,2015-02-16,2015-01-24,2015-02-03,ARV,Adult,SCMS from RDC,"Efavirenz/Lamivudine/Tenofovir Disoproxil Fumarate 600/300/300mg, tablets, 30 Tabs",Efavirenz/Lamivudine/Tenofovir Disoproxil Fumarate,Generic,600/300/300mg,Tablet - FDC,30,29247,315282.66,10.78,0.36,"Aurobindo Unit VII, IN",True,5324.0,8248.28,324.11
7433,83292,114-UG-T30,FPQ-14396,SO-48993,DN-4041,Uganda,PMO - US,From RDC,N/A - From RDC,Truck,2014-06-04,2014-08-16,2015-02-16,2015-01-24,2015-02-03,ARV,Pediatric,SCMS from RDC,"Abacavir/Lamivudine 60/30mg, tablets, 60 Tabs",Abacavir/Lamivudine,Generic,60/30mg,Tablet - FDC,60,276,1128.84,4.09,0.07,Mylan (formerly Matrix) Nashik,False,26.0,5458.45,1.16
7434,83293,107-RW-T30,FPQ-14811,SO-49952,DN-4043,Rwanda,PMO - US,From RDC,N/A - From RDC,Truck,2014-10-15,2014-07-14,2015-01-14,2014-12-24,2014-12-31,ARV,Pediatric,SCMS from RDC,"Abacavir/Lamivudine 60/30mg, dispersible tablets, 60 Tabs",Abacavir/Lamivudine,Generic,60/30mg,Chewable/dispersible tablet - FDC,60,6030,30692.7,5.09,0.08,"Cipla, Patalganga, India",True,542.0,4649.71,31.55
7435,83294,151-NG-T30,FPQ-13704,SO-48311,DN-4053,Nigeria,PMO - US,From RDC,N/A - From RDC,Air Charter,2014-02-13,2014-07-26,2015-01-26,2014-12-29,2015-01-06,ARV,Adult,SCMS from RDC,"Abacavir/Lamivudine 600/300mg, tablets, 30 Tabs",Abacavir/Lamivudine,Generic,600/300mg,Tablet - FDC,30,558,7544.16,13.52,0.45,Mylan (formerly Matrix) Nashik,True,49.0,181.92,7.76
7436,83295,111-MZ-T30,FPQ-14226,SO-48887,DN-4051,Mozambique,PMO - US,From RDC,N/A - From RDC,Truck,2014-05-02,2014-09-23,2015-03-23,2015-03-23,2015-03-23,ARV,Adult,SCMS from RDC,"Lamivudine/Nevirapine/Stavudine 150/200/30mg, tablets, 60 Tabs",Lamivudine/Nevirapine/Stavudine,Generic,150/200/30mg,Tablet - FDC,60,46962,202875.84,4.32,0.07,Hetero Unit III Hyderabad IN,True,5097.0,0.0,208.56
7437,83300,107-RW-T30,FPQ-14811,SO-49950,DN-4085,Rwanda,PMO - US,From RDC,N/A - From RDC,Truck,2014-10-15,2014-07-30,2015-01-30,2015-02-09,2015-02-20,ARV,Pediatric,SCMS from RDC,"Abacavir/Lamivudine 60/30mg, dispersible tablets, 60 Tabs",Abacavir/Lamivudine,Generic,60/30mg,Chewable/dispersible tablet - FDC,60,1296,6596.64,5.09,0.08,"Cipla, Patalganga, India",False,668.5,7173.3,6.78
7438,83301,107-RW-T30,FPQ-14111,SO-48812,DN-4088,Rwanda,PMO - US,From RDC,N/A - From RDC,Truck,2014-04-22,2014-08-27,2015-02-27,2015-02-28,2015-03-05,ARV,Adult,SCMS from RDC,"Nevirapine 200mg, tablets, 60 Tabs",Nevirapine,Generic,200mg,Tablet,60,157062,347107.02,2.21,0.04,"Micro labs, Verna, Goa, India",True,15302.0,12757.0,356.83
7439,83302,104-CI-T30,FPQ-14370,SO-49060,DN-4093,Côte d'Ivoire,PMO - US,From RDC,N/A - From RDC,Truck,2014-05-23,2014-07-30,2015-01-30,2015-03-12,2015-03-13,ARV,Adult,SCMS from RDC,"Lamivudine/Tenofovir Disoproxil Fumarate 300/300mg, tablets, 30 Tabs",Lamivudine/Tenofovir Disoproxil Fumarate,Generic,300/300mg,Tablet - FDC,30,20000,92600.0,4.63,0.15,"Cipla, Kurkumbh, India",True,2000.0,8499.16,95.19
7440,83303,104-CI-T30,FPQ-14370,SO-49053,DN-4094,Côte d'Ivoire,PMO - US,From RDC,N/A - From RDC,Truck,2014-05-23,2014-08-16,2015-02-16,2015-03-12,2015-03-13,ARV,Adult,SCMS from RDC,"Lamivudine/Tenofovir Disoproxil Fumarate 300/300mg, tablets, 30 Tabs",Lamivudine/Tenofovir Disoproxil Fumarate,Generic,300/300mg,Tablet - FDC,30,30000,138900.0,4.63,0.15,"Cipla, Kurkumbh, India",True,3000.0,12748.74,142.79
7441,83304,111-MZ-T30,FPQ-14843,SO-49710,DN-4096,Mozambique,PMO - US,From RDC,N/A - From RDC,Truck,2014-08-21,2014-08-28,2015-02-28,2015-03-13,2015-03-17,ARV,Adult,SCMS from RDC,"Efavirenz/Lamivudine/Tenofovir Disoproxil Fumarate 600/300/300mg, tablets, 30 Tabs",Efavirenz/Lamivudine/Tenofovir Disoproxil Fumarate,Generic,600/300/300mg,Tablet - FDC,30,15654,152783.04,9.76,0.33,Hetero Unit III Hyderabad IN,True,112027.0,79514.44,157.06
7442,83305,114-UG-T30,FPQ-15638,SO-50640,DN-4105,Uganda,PMO - US,From RDC,N/A - From RDC,Truck,2014-12-22,2014-08-27,2015-02-27,2015-02-25,2015-03-05,ARV,Adult,SCMS from RDC,"Lopinavir/Ritonavir 200/50mg [Aluvia], tablets, 120 Tabs",Lopinavir/Ritonavir,Aluvia,200/50mg,Tablet,120,9833,185843.7,18.9,0.16,ABBVIE Ludwigshafen Germany,True,2033.0,9482.19,218.74
7443,83306,111-MZ-T30,FPQ-14226,SO-48886,DN-4115,Mozambique,PMO - US,From RDC,N/A - From RDC,Truck,2014-05-02,2014-09-16,2015-03-16,2015-03-30,2015-03-30,ARV,Adult,SCMS from RDC,"Lamivudine/Zidovudine 150/300mg, tablets, 60 Tabs",Lamivudine/Zidovudine,Generic,150/300mg,Tablet - FDC,60,71377,471088.2,6.6,0.11,Hetero Unit III Hyderabad IN,True,6842.0,8689.22,484.28
7444,83308,107-RW-T30,FPQ-14811,SO-49970,DN-4125,Rwanda,PMO - US,From RDC,N/A - From RDC,Truck,2014-10-15,2014-08-27,2015-02-27,2015-02-25,2015-03-05,ARV,Pediatric,SCMS from RDC,"Efavirenz 200mg, scored tablets, 90 Tabs",Efavirenz,Generic,200mg,Tablet,90,2021,18795.3,9.3,0.1,"Strides, Bangalore, India.",True,132.0,1142.0,19.32
7445,83309,151-NG-T30,FPQ-14156,SO-50880,DN-4132,Nigeria,PMO - US,From RDC,N/A - From RDC,Air Charter,2014-04-25,2014-09-02,2015-03-02,2015-02-05,2015-02-10,ARV,Adult,SCMS from RDC,"Lamivudine/Tenofovir Disoproxil Fumarate 300/300mg, tablets, 30 Tabs",Lamivudine/Tenofovir Disoproxil Fumarate,Generic,300/300mg,Tablet - FDC,30,95597,443570.08,4.64,0.15,"Cipla, Kurkumbh, India",True,10656.0,20992.67,455.99
7446,83310,151-NG-T30,FPQ-14766,SO-49684,DN-4133,Nigeria,PMO - US,From RDC,N/A - From RDC,Air Charter,2014-08-13,2014-08-28,2015-02-28,2015-02-05,2015-02-10,ARV,Adult,SCMS from RDC,"Lamivudine/Nevirapine/Zidovudine 150/200/300mg, tablets, 60 Tabs",Lamivudine/Nevirapine/Zidovudine,Generic,150/300/200mg,Tablet - FDC,60,20000,154400.0,7.72,0.13,Hetero Unit III Hyderabad IN,True,2924.0,5668.63,158.72
7447,83316,103-ZW-T30,FPQ-13967,SO-48420,DN-4159,Zimbabwe,PMO - US,From RDC,N/A - From RDC,Truck,2014-04-02,2014-09-30,2015-03-31,2015-03-17,2015-03-19,ARV,Pediatric,SCMS from RDC,"Abacavir/Lamivudine 60/30mg, tablets, 60 Tabs",Abacavir/Lamivudine,Generic,60/30mg,Tablet - FDC,60,19996,78984.2,3.95,0.07,Mylan (formerly Matrix) Nashik,True,1119.0,1417.12,81.2
7448,83318,103-ZW-T30,FPQ-13967,SO-48430,DN-4160,Zimbabwe,PMO - US,From RDC,N/A - From RDC,Truck,2014-04-02,2014-09-30,2015-03-31,2015-03-17,2015-03-19,ARV,Pediatric,SCMS from RDC,"Lamivudine/Zidovudine 30/60mg, dispersible tablets, 60 Tabs",Lamivudine/Zidovudine,Generic,30/60mg,Chewable/dispersible tablet - FDC,60,12080,23556.0,1.95,0.03,"Mylan,  H-12 & H-13, India",True,10314.0,12867.46,24.22
7449,83322,107-RW-T30,FPQ-14111,SO-48813,DN-4181,Rwanda,PMO - US,From RDC,N/A - From RDC,Truck,2014-04-22,2014-10-30,2015-04-30,2015-03-27,2015-04-07,ARV,Pediatric,SCMS from RDC,"Abacavir 20mg/ml, oral solution, Bottle, 240 ml",Abacavir,Generic,20mg/ml,Oral solution,240,503,3435.49,6.83,0.03,"Aurobindo Unit III, India",True,123.0,7173.3,3.53
7450,83324,101-CD-T30,FPQ-15787,SO-50910,DN-4195,"Congo, DRC",PMO - US,From RDC,N/A - From RDC,Air,2015-01-26,2014-11-06,2015-05-06,2015-07-06,2015-07-06,ARV,Pediatric,SCMS from RDC,"Zidovudine 10mg/ml, oral solution w/syringe, Bottle, 240 ml",Zidovudine,Generic,10mg/ml,Oral solution,240,10,19.9,1.99,0.01,"Aurobindo Unit III, India",True,71.0,1334.92,0.02
7451,83326,114-UG-T30,FPQ-15294,SO-50050,DN-4218,Uganda,PMO - US,From RDC,N/A - From RDC,Truck,2014-11-03,2014-12-15,2015-06-15,2015-05-14,2015-05-15,ARV,Pediatric,SCMS from RDC,"Lamivudine/Zidovudine 30/60mg, dispersible tablets, 60 Tabs",Lamivudine/Zidovudine,Generic,30/60mg,Chewable/dispersible tablet - FDC,60,7559,14513.28,1.92,0.03,"Cipla, Goa, India",True,21710.0,18500.5,17.08
7452,83330,111-MZ-T30,FPQ-14226,SO-48888,DN-4233,Mozambique,PMO - US,From RDC,N/A - From RDC,Truck,2014-05-02,2014-11-29,2015-05-29,2015-06-09,2015-06-15,ARV,Adult,SCMS from RDC,"Lamivudine/Zidovudine 150/300mg, tablets, 60 Tabs",Lamivudine/Zidovudine,Generic,150/300mg,Tablet - FDC,60,75535,492488.2,6.52,0.11,Mylan (formerly Matrix) Nashik,True,6237.0,5443.53,506.28
7453,83331,110-ZM-T30,FPQ-14784,SO-49570,DN-4251,Zambia,PMO - US,From RDC,N/A - From RDC,Truck,2014-08-12,2014-12-15,2015-06-15,2015-05-15,2015-05-15,ARV,Adult,SCMS from RDC,"Lamivudine 150mg, tablets, 60 Tabs",Lamivudine,Generic,150mg,Tablet,60,55990,97422.6,1.74,0.03,"Strides, Bangalore, India.",False,668.5,6476.695,100.15
7454,83332,151-NG-T30,FPQ-14989,SO-49933,DN-4229,Nigeria,PMO - US,From RDC,N/A - From RDC,Air Charter,2014-09-19,2014-12-30,2015-06-30,2015-04-15,2015-04-20,ARV,Adult,SCMS from RDC,"Lamivudine/Nevirapine/Zidovudine 150/200/300mg, tablets, 60 Tabs",Lamivudine/Nevirapine/Zidovudine,Generic,150/300/200mg,Tablet - FDC,60,4000,30880.0,7.72,0.13,"Cipla, Goa, India",True,18750.0,36027.0,31.74
7455,83333,151-NG-T30,FPQ-14766,SO-49686,DN-4226,Nigeria,PMO - US,From RDC,N/A - From RDC,Air Charter,2014-08-13,2014-10-30,2015-04-30,2015-04-15,2015-04-20,ARV,Adult,SCMS from RDC,"Lamivudine/Nevirapine/Zidovudine 150/200/300mg, tablets, 60 Tabs",Lamivudine/Nevirapine/Zidovudine,Generic,150/300/200mg,Tablet - FDC,60,189393,1462113.96,7.72,0.13,Mylan (formerly Matrix) Nashik,True,24904.0,51677.0,1503.05
7456,83334,104-CI-T30,FPQ-14370,SO-49040,DN-4253,Côte d'Ivoire,PMO - US,From RDC,N/A - From RDC,Truck,2014-05-23,2014-12-08,2015-06-08,2015-06-08,2015-06-19,ARV,Adult,SCMS from RDC,"Lopinavir/Ritonavir 200/50mg, tablets, 120 Tabs",Lopinavir/Ritonavir,Generic,200/50mg,Tablet,120,11169,216231.84,19.36,0.16,"Aurobindo Unit III, India",True,13107.0,20816.42,222.29
7457,83335,114-UG-T30,FPQ-15294,SO-50054,DN-4265,Uganda,PMO - US,From RDC,N/A - From RDC,Truck,2014-11-03,2014-12-15,2015-06-15,2015-06-04,2015-06-15,ARV,Adult,SCMS from RDC,"Lamivudine/Tenofovir Disoproxil Fumarate 300/300mg, tablets, 30 Tabs",Lamivudine/Tenofovir Disoproxil Fumarate,Generic,300/300mg,Tablet - FDC,30,41258,190611.96,4.62,0.15,Hetero Unit III Hyderabad IN,True,4964.0,6126.12,224.35
7458,83336,104-CI-T30,FPQ-14370,SO-49090,DN-4177,Côte d'Ivoire,PMO - US,From RDC,N/A - From RDC,Truck,2014-05-23,2014-11-29,2015-05-29,2015-05-29,2015-06-18,ARV,Adult,SCMS from RDC,"Efavirenz 600mg, tablets, 30 Tabs",Efavirenz,Generic,600mg,Tablet,30,30004,93612.48,3.12,0.1,"Cipla, Goa, India",False,668.5,6757.815,96.23
7459,83337,151-NG-T30,FPQ-14989,SO-51423,DN-4275,Nigeria,PMO - US,From RDC,N/A - From RDC,Air Charter,2014-09-19,2014-12-30,2015-06-30,2015-05-15,2015-05-22,ARV,Adult,SCMS from RDC,"Lamivudine/Nevirapine/Zidovudine 150/200/300mg, tablets, 60 Tabs",Lamivudine/Nevirapine/Zidovudine,Generic,150/300/200mg,Tablet - FDC,60,140000,1080800.0,7.72,0.13,"Cipla, Goa, India",True,42830.0,79132.0,1111.06
7460,83338,151-NG-T30,FPQ-14989,SO-51425,DN-4278,Nigeria,PMO - US,From RDC,N/A - From RDC,Air Charter,2014-09-19,2014-12-30,2015-06-30,2015-05-15,2015-05-22,ARV,Adult,SCMS from RDC,"Zidovudine 300mg, tablets, 60 Tabs",Zidovudine,Generic,300mg,Tablet,60,34000,181220.0,5.33,0.09,Hetero Unit III Hyderabad IN,True,2300.0,5613.0,186.29
7461,83339,110-ZM-T30,FPQ-14784,SO-49623,DN-4288,Zambia,PMO - US,From RDC,N/A - From RDC,Truck,2014-08-12,2014-12-30,2015-06-30,2015-07-13,2015-07-13,ARV,Adult,SCMS from RDC,"Efavirenz/Lamivudine/Tenofovir Disoproxil Fumarate 600/300/300mg, tablets, 30 Tabs",Efavirenz/Lamivudine/Tenofovir Disoproxil Fumarate,Generic,600/300/300mg,Tablet - FDC,30,42812,410995.2,9.6,0.32,Mylan (formerly Matrix) Nashik,True,4875.0,23688.4,422.5
7462,83340,151-NG-T30,FPQ-14989,SO-51427,DN-4290,Nigeria,PMO - US,From RDC,N/A - From RDC,Air Charter,2014-09-19,2014-12-30,2015-06-30,2015-06-02,2015-06-17,ARV,Adult,SCMS from RDC,"Lamivudine/Nevirapine/Zidovudine 150/200/300mg, tablets, 60 Tabs",Lamivudine/Nevirapine/Zidovudine,Generic,150/300/200mg,Tablet - FDC,60,177285,1368640.2,7.72,0.13,Mylan (formerly Matrix) Nashik,True,41904.0,84944.83,1406.96
7463,83341,151-NG-T30,FPQ-14989,SO-51429,DN-4292,Nigeria,PMO - US,From RDC,N/A - From RDC,Air Charter,2014-09-19,2014-12-30,2015-06-30,2015-06-02,2015-06-17,ARV,Pediatric,SCMS from RDC,"Lamivudine/Nevirapine/Zidovudine 30/50/60mg, dispersible tablets, 60 Tabs",Lamivudine/Nevirapine/Zidovudine,Generic,30/50/60mg,Chewable/dispersible tablet - FDC,60,16495,59382.0,3.6,0.06,"Cipla, Goa, India",True,1636.0,5852.71,61.04
7464,83342,103-SS-T30,FPQ-16356,SO-51460,DN-4296,South Sudan,PMO - US,From RDC,N/A - From RDC,Air,2015-05-14,2014-12-25,2015-06-25,2015-06-19,2015-06-23,ARV,Adult,SCMS from RDC,"Lamivudine/Nevirapine/Zidovudine 150/200/300mg, tablets, 60 Tabs",Lamivudine/Nevirapine/Zidovudine,Generic,150/300/200mg,Tablet - FDC,60,18600,150846.0,8.11,0.14,"Cipla, Goa, India",True,2175.0,2575.925,177.55
7465,83347,114-UG-T30,FPQ-15639,SO-50660,DN-4310,Uganda,PMO - US,From RDC,N/A - From RDC,Truck,2014-12-22,2015-01-31,2015-07-31,2015-07-23,2015-07-23,ARV,Adult,SCMS from RDC,"Lamivudine/Nevirapine/Zidovudine 150/200/300mg, tablets, 60 Tabs",Lamivudine/Nevirapine/Zidovudine,Generic,150/300/200mg,Tablet - FDC,60,88392,716859.12,8.11,0.14,"Cipla, Goa, India",False,668.5,5458.45,843.74
7466,83348,104-CI-T30,FPQ-15259,SO-50111,DN-4314,Côte d'Ivoire,PMO - US,From RDC,N/A - From RDC,Truck,2014-10-24,2015-01-31,2015-07-31,2015-08-06,2015-08-07,ARV,Adult,SCMS from RDC,"Lamivudine/Zidovudine 150/300mg, tablets, 60 Tabs",Lamivudine/Zidovudine,Generic,150/300mg,Tablet - FDC,60,48928,319010.56,6.52,0.11,Hetero Unit III Hyderabad IN,False,668.5,6757.815,375.48
7467,83349,107-RW-T30,FPQ-16284,SO-51540,DN-4327,Rwanda,PMO - US,From RDC,N/A - From RDC,Air,2015-05-27,2015-02-18,2015-08-18,2015-08-06,2015-08-11,ARV,Adult,SCMS from RDC,"Lamivudine/Nevirapine/Zidovudine 150/200/300mg, tablets, 60 Tabs",Lamivudine/Nevirapine/Zidovudine,Generic,150/300/200mg,Tablet - FDC,60,1479,11994.69,8.11,0.14,Hetero Unit III Hyderabad IN,True,668.5,5865.805,14.12
7468,83368,154-NG-T30,FPQ-3815,SO-32270,DN-1311,Nigeria,PMO - US,From RDC,N/A - From RDC,Air Charter,2009-05-26,2009-01-30,2009-07-30,2009-08-04,2009-08-04,ARV,Pediatric,SCMS from RDC,"Efavirenz 200mg, capsule, 90 Caps",Efavirenz,Generic,200mg,Capsule,90,16,203.68,12.73,0.14,"Aurobindo Unit III, India",False,168.5,12601.07,0.4
7469,83369,154-NG-T30,FPQ-3815,SO-32270,DN-1311,Nigeria,PMO - US,From RDC,N/A - From RDC,Air Charter,2009-05-26,2009-01-30,2009-07-30,2009-08-04,2009-08-04,ARV,Adult,SCMS from RDC,"Stavudine 30mg, capsules, 60 Caps",Stavudine,Generic,30mg,Capsule,60,50,73.0,1.46,0.02,"Aurobindo Unit III, India",False,35.0,12601.07,0.14
7470,83370,154-NG-T30,FPQ-3815,SO-32274,DN-1364,Nigeria,PMO - US,From RDC,N/A - From RDC,Air,2009-05-26,2009-02-28,2009-08-31,2009-08-17,2009-08-17,ARV,Adult,SCMS from RDC,"Zidovudine 300mg, tablets, 60 Tabs",Zidovudine,Generic,300mg,Tablet,60,28,210.84,7.53,0.13,Hetero Unit III Hyderabad IN,True,2.0,675.47,0.41
7471,83371,154-NG-T30,FPQ-3815,SO-32272,DN-1360,Nigeria,PMO - US,From RDC,N/A - From RDC,Air Charter,2009-05-26,2009-02-28,2009-08-31,2009-08-04,2009-08-04,ARV,Adult,SCMS from RDC,"Efavirenz 600mg, tablets, 30 Tabs",Efavirenz,Generic,600mg,Tablet,30,277,1897.45,6.85,0.23,"Aurobindo Unit III, India",True,54.0,7445.8,3.72
7472,83372,154-NG-T30,FPQ-3815,SO-32272,DN-1360,Nigeria,PMO - US,From RDC,N/A - From RDC,Air Charter,2009-05-26,2009-02-28,2009-08-31,2009-08-04,2009-08-04,ARV,Adult,SCMS from RDC,"Nevirapine 200mg, tablets, 60 Tabs",Nevirapine,Generic,200mg,Tablet,60,233,675.7,2.9,0.05,"Aurobindo Unit III, India",False,1161.0,12601.07,1.32
7473,83373,154-NG-T30,FPQ-3815,SO-32260,DN-1452,Nigeria,PMO - US,From RDC,N/A - From RDC,Air Charter,2009-05-26,2009-04-30,2009-10-30,2009-10-20,2009-10-20,ARV,Adult,SCMS from RDC,"Lamivudine/Zidovudine 150/300mg, tablets, 60 Tabs",Lamivudine/Zidovudine,Generic,150/300mg,Tablet - FDC,60,422,3696.72,8.76,0.15,Mylan (formerly Matrix) Nashik,False,514.0,12601.07,7.25
7474,83374,123-NG-T30,FPQ-4395,SO-32971,DN-1493,Nigeria,PMO - US,From RDC,N/A - From RDC,Air Charter,2009-07-27,2009-06-18,2009-12-18,2009-11-20,2009-11-20,ARV,Adult,SCMS from RDC,"Efavirenz 600mg, tablets, 30 Tabs",Efavirenz,Generic,600mg,Tablet,30,2666,15409.48,5.78,0.19,"Aurobindo Unit III, India",True,2889.0,21641.75,30.2
7475,83375,114-UG-T30,FPQ-4475,SO-34160,DN-1506,Uganda,PMO - US,From RDC,N/A - From RDC,Air,2009-09-02,2009-05-20,2009-11-20,2009-11-10,2009-11-10,ARV,Adult,SCMS from RDC,"Lamivudine/Tenofovir Disoproxil Fumarate 300/300mg, tablets, 30 Tabs",Lamivudine/Tenofovir Disoproxil Fumarate,Generic,300/300mg,Tablet - FDC,30,200,2000.0,10.0,0.33,Mylan (formerly Matrix) Nashik,True,44.0,1483.39,3.92
7476,83376,104-CI-T30,FPQ-3964,SO-33070,DN-1511,Côte d'Ivoire,PMO - US,From RDC,N/A - From RDC,Air,2009-07-24,2009-06-10,2009-12-10,2009-11-05,2009-11-05,ARV,Adult,SCMS from RDC,"Lamivudine/Stavudine 150/30mg, tablets, 60 Tabs",Lamivudine/Stavudine,Generic,150/30mg,Tablet - FDC,60,940,3290.0,3.5,0.06,Mylan (formerly Matrix) Nashik,True,69.0,5028.05,6.45
7477,83377,104-CI-T30,FPQ-3964,SO-34510,DN-1514,Côte d'Ivoire,PMO - US,From RDC,N/A - From RDC,Air,2009-07-24,2009-05-26,2009-11-26,2009-11-13,2009-11-13,ARV,Adult,SCMS from RDC,"Lamivudine/Nevirapine/Zidovudine 150/200/300mg, tablets, 60 Tabs",Lamivudine/Nevirapine/Zidovudine,Generic,150/300/200mg,Tablet - FDC,60,42750,485212.5,11.35,0.19,"Aurobindo Unit III, India",True,4814.0,7100.04,951.02
7478,83378,114-UG-T30,FPQ-4470,SO-34020,DN-1520,Uganda,PMO - US,From RDC,N/A - From RDC,Air,2009-08-17,2009-05-30,2009-11-30,2009-11-25,2009-11-25,ARV,Adult,SCMS from RDC,"Lamivudine/Nevirapine/Stavudine 150/200/30mg, tablets, 60 Tabs",Lamivudine/Nevirapine/Stavudine,Generic,150/200/30mg,Tablet - FDC,60,1760,12320.0,7.0,0.12,"Strides, Bangalore, India.",True,133.0,2450.89,24.15
7479,83379,114-UG-T30,FPQ-4275,SO-33860,DN-1522,Uganda,PMO - US,From RDC,N/A - From RDC,Air,2009-09-17,2009-06-03,2009-12-03,2009-11-30,2009-11-30,ARV,Adult,SCMS from RDC,"Lamivudine/Nevirapine/Zidovudine 150/200/300mg, tablets, 60 Tabs",Lamivudine/Nevirapine/Zidovudine,Generic,150/300/200mg,Tablet - FDC,60,29254,328229.88,11.22,0.19,Mylan (formerly Matrix) Nashik,False,668.5,2485.92,643.33
7480,83380,104-CI-T30,FPQ-4378,SO-34371,DN-1544,Côte d'Ivoire,PMO - US,From RDC,N/A - From RDC,Air,2009-10-15,2009-06-04,2009-12-04,2009-12-02,2009-12-02,ARV,Adult,SCMS from RDC,"Tenofovir Disoproxil Fumarate 300mg, tablets, 30 Tabs",Tenofovir Disoproxil Fumarate,Generic,300mg,Tablet,30,950,8103.5,8.53,0.28,Mylan (formerly Matrix) Nashik,True,54.0,1211.49,15.88
7481,83381,104-CI-T30,FPQ-4378,SO-34740,DN-1546,Côte d'Ivoire,PMO - US,From RDC,N/A - From RDC,Air,2009-10-15,2009-06-07,2009-12-07,2009-12-02,2009-12-02,ARV,Adult,SCMS from RDC,"Lamivudine/Stavudine 150/30mg, tablets, 60 Tabs",Lamivudine/Stavudine,Generic,150/30mg,Tablet - FDC,60,940,3290.0,3.5,0.06,"Strides, Bangalore, India.",True,49.0,1211.49,6.45
7482,83382,114-UG-T30,FPQ-4470,SO-34610,DN-1550,Uganda,PMO - US,From RDC,N/A - From RDC,Air,2009-08-17,2009-05-30,2009-11-30,2009-11-25,2009-11-25,ARV,Adult,SCMS from RDC,"Lamivudine/Tenofovir Disoproxil Fumarate 300/300mg, tablets, 30 Tabs",Lamivudine/Tenofovir Disoproxil Fumarate,Generic,300/300mg,Tablet - FDC,30,3760,37600.0,10.0,0.33,Mylan (formerly Matrix) Nashik,True,315.0,5254.17,73.7
7483,83383,110-ZM-T30,FPQ-4035,SO-34600,DN-1553,Zambia,PMO - US,From RDC,N/A - From RDC,Truck,2009-08-05,2009-05-30,2009-11-30,2009-12-03,2009-12-03,ARV,Adult,SCMS from RDC,"Lamivudine/Tenofovir Disoproxil Fumarate 300/300mg, tablets, 30 Tabs",Lamivudine/Tenofovir Disoproxil Fumarate,Generic,300/300mg,Tablet - FDC,30,110000,1100000.0,10.0,0.33,Mylan (formerly Matrix) Nashik,True,9221.0,8104.79,2156.0
7484,83384,123-NG-T30,FPQ-4014,SO-32972,DN-1561,Nigeria,PMO - US,From RDC,N/A - From RDC,Air Charter,2009-07-27,2009-06-18,2009-12-18,2009-12-18,2009-12-18,ARV,Adult,SCMS from RDC,"Lamivudine/Zidovudine 150/300mg, tablets, 60 Tabs",Lamivudine/Zidovudine,Generic,150/300mg,Tablet - FDC,60,35300,309228.0,8.76,0.15,"Aurobindo Unit III, India",True,3190.0,11637.64,606.09
7485,83385,106-HT-T30,FPQ-4384,SO-34670,DN-1559,Haiti,PMO - US,From RDC,N/A - From RDC,Air,2009-10-23,2009-06-09,2009-12-09,2009-12-01,2009-12-01,ARV,Pediatric,SCMS from RDC,"Lamivudine 10mg/ml, oral solution, Bottle, 240 ml",Lamivudine,Generic,10mg/ml,Oral solution,240,704,1337.6,1.9,0.01,"Aurobindo Unit III, India",False,668.5,2946.7200000000003,2.88
7486,83386,114-UG-T30,FPQ-4275,SO-33970,DN-1576,Uganda,PMO - US,From RDC,N/A - From RDC,Air,2009-09-17,2009-06-20,2009-12-20,2009-11-26,2009-11-26,ARV,Adult,SCMS from RDC,"Efavirenz 600mg, tablets, 30 Tabs",Efavirenz,Generic,600mg,Tablet,30,12100,69938.0,5.78,0.19,"Aurobindo Unit III, India",True,36.0,3602.34,137.08
7487,83387,106-HT-T30,FPQ-4469,SO-34210,DN-1582,Haiti,PMO - US,From RDC,N/A - From RDC,Air,2009-09-23,2009-06-21,2009-12-21,2009-12-16,2009-12-16,ARV,Adult,SCMS from RDC,"Efavirenz 600mg, tablets, 30 Tabs",Efavirenz,Generic,600mg,Tablet,30,5323,30766.94,5.78,0.19,"Aurobindo Unit III, India",True,456.0,5338.55,66.33
7488,83388,106-HT-T30,FPQ-4384,SO-34720,DN-1590,Haiti,PMO - US,From RDC,N/A - From RDC,Air Charter,2009-10-23,2009-06-25,2009-12-25,2009-12-17,2009-12-17,ARV,Pediatric,SCMS from RDC,"Efavirenz 30mg/ml [Stocrin/Sustiva], oral solution, Bottle, 180 ml",Efavirenz,Stocrin/Sustiva,30mg/ml,Oral solution,180,230,3900.8,16.96,0.09,"MSD, Haarlem, NL",True,132.0,8329.13,8.41
7489,83389,106-HT-T30,FPQ-4384,SO-34720,DN-1590,Haiti,PMO - US,From RDC,N/A - From RDC,Air Charter,2009-10-23,2009-06-25,2009-12-25,2009-12-17,2009-12-17,ARV,Pediatric,SCMS from RDC,"Efavirenz 30mg/ml [Stocrin/Sustiva], oral solution, Bottle, 180 ml",Efavirenz,Stocrin/Sustiva,30mg/ml,Oral solution,180,123,2086.08,16.96,0.09,"MSD, Haarlem, NL",False,668.5,8329.13,4.5
7490,83390,106-HT-T30,FPQ-4384,SO-34720,DN-1590,Haiti,PMO - US,From RDC,N/A - From RDC,Air Charter,2009-10-23,2009-06-25,2009-12-25,2009-12-17,2009-12-17,ARV,Adult,SCMS from RDC,"Indinavir 400mg [Crixivan], capsules, 180 Caps",Indinavir,Crixivan,400mg,Capsule,180,32,1600.0,50.0,0.28,"MSD, Haarlem, NL",False,668.5,8329.13,3.45
7491,83475,106-HT-T30,FPQ-6484,SO-37760,DN-2073,Haiti,PMO - US,From RDC,N/A - From RDC,Air,2010-10-13,2010-06-20,2010-12-20,2011-01-05,2011-01-05,ARV,Pediatric,SCMS from RDC,"Zidovudine 100mg, capsules, 100 Caps",Zidovudine,Generic,100mg,Capsule,100,2583,12501.72,4.84,0.05,"Aurobindo Unit III, India",False,668.5,2946.7200000000003,26.95
7492,83391,151-NG-T30,FPQ-4105,SO-33141,DN-1591,Nigeria,PMO - US,From RDC,N/A - From RDC,Air Charter,2009-08-13,2009-06-18,2009-12-18,2009-12-18,2009-12-18,ARV,Adult,SCMS from RDC,"Lamivudine/Nevirapine/Zidovudine 150/200/300mg, tablets, 60 Tabs",Lamivudine/Nevirapine/Zidovudine,Generic,150/300/200mg,Tablet - FDC,60,60000,681000.0,11.35,0.19,"Aurobindo Unit III, India",True,6949.0,11637.64,1334.76
7493,83392,114-UG-T30,FPQ-4497,SO-34840,DN-1598,Uganda,PMO - US,From RDC,N/A - From RDC,Air,2009-10-28,2009-08-17,2010-02-17,2009-12-23,2009-12-23,ARV,Adult,SCMS from RDC,"Lamivudine 150mg, tablets, 60 Tabs",Lamivudine,Generic,150mg,Tablet,60,250,610.0,2.44,0.04,"Aurobindo Unit III, India",True,113.0,3504.8,1.32
7494,83393,117-ET-T30,FPQ-4668,SO-35230,DN-1600,Ethiopia,PMO - US,From RDC,N/A - From RDC,Air,2009-11-26,2009-07-04,2010-01-04,2009-12-08,2009-12-08,ARV,Adult,SCMS from RDC,"Lamivudine 150mg, tablets, 60 Tabs",Lamivudine,Generic,150mg,Tablet,60,4893,11938.92,2.44,0.04,"Aurobindo Unit III, India",True,235.0,1326.89,25.74
7495,83394,114-UG-T30,FPQ-4275,SO-35100,DN-1607,Uganda,PMO - US,From RDC,N/A - From RDC,Air,2009-09-17,2009-07-15,2010-01-15,2010-01-11,2010-01-11,ARV,Adult,SCMS from RDC,"Efavirenz 600mg, tablets, 30 Tabs",Efavirenz,Generic,600mg,Tablet,30,21563,124634.14,5.78,0.19,"Aurobindo Unit III, India",True,1864.0,8485.0,244.28
7496,83395,106-HT-T30,FPQ-4469,SO-34230,DN-1617,Haiti,PMO - US,From RDC,N/A - From RDC,Air,2009-09-23,2009-09-05,2010-03-05,2010-02-24,2010-02-24,ARV,Adult,SCMS from RDC,"Nevirapine 200mg, tablets, 60 Tabs",Nevirapine,Generic,200mg,Tablet,60,32850,95265.0,2.9,0.05,"Aurobindo Unit III, India",True,3917.0,39223.78,205.39
7497,83396,104-CI-T30,FPQ-4187,SO-33541,DN-1619,Côte d'Ivoire,PMO - US,From RDC,N/A - From RDC,Air,2009-09-09,2009-08-08,2010-02-08,2010-01-23,2010-01-23,ARV,Pediatric,SCMS from RDC,"Zidovudine 10mg/ml, oral solution, Bottle, 240 ml",Zidovudine,Generic,10mg/ml,Oral solution,240,2691,5651.1,2.1,0.01,"Aurobindo Unit III, India",True,1021.0,5254.1,11.08
7498,83398,104-CI-T30,FPQ-3964,SO-33171,DN-1629,Côte d'Ivoire,PMO - US,From RDC,N/A - From RDC,Air,2009-07-24,2009-08-11,2010-02-11,2010-02-02,2010-02-02,ARV,Pediatric,SCMS from RDC,"Didanosine 200mg, chewable/dispersible tablets, 60 Tabs",Didanosine,Generic,200mg,Chewable/dispersible tablet,60,1800,27900.0,15.5,0.26,"Aurobindo Unit III, India",False,199.5,4063.81,54.68
7499,83399,110-ZM-T30,FPQ-4035,SO-35220,DN-1644,Zambia,PMO - US,From RDC,N/A - From RDC,Truck,2009-08-05,2009-09-02,2010-03-02,2010-03-05,2010-03-05,ARV,Adult,SCMS from RDC,"Nevirapine 200mg, tablets, 60 Tabs",Nevirapine,Generic,200mg,Tablet,60,20000,54600.0,2.73,0.05,"Aurobindo Unit III, India",True,1946.0,3379.64,107.02
7500,83400,110-ZM-T30,FPQ-4273,SO-33710,DN-1648,Zambia,PMO - US,From RDC,N/A - From RDC,Truck,2009-09-17,2009-09-05,2010-03-05,2010-03-05,2010-03-05,ARV,Pediatric,SCMS from RDC,"Didanosine 100mg, chewable/dispersible tablets, 60 Tabs",Didanosine,Generic,100mg,Chewable/dispersible tablet,60,10000,77200.0,7.72,0.13,"Aurobindo Unit III, India",True,2085.0,3379.64,151.31
7501,83401,113-ZW-T30,FPQ-4694,SO-35360,DN-1658,Zimbabwe,PMO - US,From RDC,N/A - From RDC,Truck,2009-12-08,2009-09-30,2010-03-30,2010-03-12,2010-03-12,ARV,Adult,SCMS from RDC,"Lamivudine/Nevirapine/Stavudine 150/200/30mg, tablets, 60 Tabs",Lamivudine/Nevirapine/Stavudine,Generic,150/200/30mg,Tablet - FDC,60,36100,220571.0,6.11,0.1,"Cipla, Goa, India",True,3955.0,13208.56,475.55
7502,83402,109-TZ-T30,FPQ-4794,SO-35760,DN-1663,Tanzania,PMO - US,From RDC,N/A - From RDC,Air,2010-01-27,2009-10-14,2010-04-14,2010-03-18,2010-03-18,ARV,Adult,SCMS from RDC,"Tenofovir Disoproxil Fumarate 300mg, tablets, 30 Tabs",Tenofovir Disoproxil Fumarate,Generic,300mg,Tablet,30,2448,20881.44,8.53,0.28,"Cipla, Goa, India",True,178.0,1854.35,45.02
7503,83403,106-HT-T30,FPQ-4384,SO-35930,DN-1668,Haiti,PMO - US,From RDC,N/A - From RDC,Air,2009-10-23,2009-10-07,2010-04-07,2010-03-03,2010-03-03,ARV,Pediatric,SCMS from RDC,"Efavirenz 50mg, capsule, 30 Caps",Efavirenz,Generic,50mg,Capsule,30,688,1541.12,2.24,0.07,"Aurobindo Unit III, India",True,465.0,6036.96,3.32
7504,83404,104-CI-T30,FPQ-4378,SO-34412,DN-1671,Côte d'Ivoire,PMO - US,From RDC,N/A - From RDC,Air,2009-10-15,2009-09-09,2010-03-09,2010-03-10,2010-03-10,ARV,Adult,SCMS from RDC,"Efavirenz 600mg, tablets, 30 Tabs",Efavirenz,Generic,600mg,Tablet,30,31092,179711.76,5.78,0.19,"Aurobindo Unit III, India",False,668.5,4063.81,352.24
7505,83405,104-CI-T30,FPQ-4378,SO-34412,DN-1671,Côte d'Ivoire,PMO - US,From RDC,N/A - From RDC,Air,2009-10-15,2009-09-09,2010-03-09,2010-03-10,2010-03-10,ARV,Adult,SCMS from RDC,"Lamivudine/Stavudine 150/30mg, tablets, 60 Tabs",Lamivudine/Stavudine,Generic,150/30mg,Tablet - FDC,60,11060,37604.0,3.4,0.06,"Strides, Bangalore, India.",False,668.5,4063.81,73.7
7506,83406,151-NG-T30,FPQ-4537,SO-35068,DN-1686,Nigeria,PMO - US,From RDC,N/A - From RDC,Air Charter,2009-11-06,2009-10-19,2010-04-19,2010-03-31,2010-03-31,ARV,Adult,SCMS from RDC,"Lamivudine/Nevirapine/Zidovudine 150/200/300mg, tablets, 60 Tabs",Lamivudine/Nevirapine/Zidovudine,Generic,150/300/200mg,Tablet - FDC,60,1200,13464.0,11.22,0.19,"Aurobindo Unit III, India",True,141.0,0.0,29.03
7507,83407,151-NG-T30,FPQ-4537,SO-35075,DN-1690,Nigeria,PMO - US,From RDC,N/A - From RDC,Air Charter,2009-11-06,2009-10-19,2010-04-19,2010-03-31,2010-03-31,ARV,Adult,SCMS from RDC,"Emtricitabine/Tenofovir Disoproxil Fumarate 200/300mg, tablets, 30 Tabs",Emtricitabine/Tenofovir Disoproxil Fumarate,Generic,200/300mg,Tablet - FDC,30,11807,138732.25,11.75,0.39,Mylan (formerly Matrix) Nashik,True,952.0,0.0,299.11
7508,83408,151-NG-T30,FPQ-4537,SO-34894,DN-1704,Nigeria,PMO - US,From RDC,N/A - From RDC,Air Charter,2009-11-06,2009-10-19,2010-04-19,2010-03-31,2010-03-31,ARV,Adult,SCMS from RDC,"Nevirapine 200mg, tablets, 60 Tabs",Nevirapine,Generic,200mg,Tablet,60,434,1184.82,2.73,0.05,"Aurobindo Unit III, India",True,42.0,0.0,2.55
7509,83409,151-NG-T30,FPQ-4537,SO-35065,DN-1725,Nigeria,PMO - US,From RDC,N/A - From RDC,Air Charter,2009-11-06,2009-10-19,2010-04-19,2010-03-31,2010-03-31,ARV,Adult,SCMS from RDC,"Lamivudine/Nevirapine/Zidovudine 150/200/300mg, tablets, 60 Tabs",Lamivudine/Nevirapine/Zidovudine,Generic,150/300/200mg,Tablet - FDC,60,1722,19320.84,11.22,0.19,"Aurobindo Unit III, India",True,202.0,0.0,41.66
7510,83410,151-NG-T30,FPQ-4537,SO-35030,DN-1734,Nigeria,PMO - US,From RDC,N/A - From RDC,Air Charter,2009-11-06,2009-10-19,2010-04-19,2010-03-31,2010-03-31,ARV,Adult,SCMS from RDC,"Lamivudine 150mg, tablets, 60 Tabs",Lamivudine,Generic,150mg,Tablet,60,8820,21520.8,2.44,0.04,"Aurobindo Unit III, India",True,420.0,0.0,46.4
7511,83411,113-ZW-T30,FPQ-5278,SO-36120,DN-1739,Zimbabwe,PMO - US,From RDC,N/A - From RDC,Air,2010-03-04,2009-11-27,2010-05-27,2010-03-31,2010-03-31,ARV,Adult,SCMS from RDC,"Lamivudine/Zidovudine 150/300mg, tablets, 60 Tabs",Lamivudine/Zidovudine,Generic,150/300mg,Tablet - FDC,60,12000,105120.0,8.76,0.15,"Aurobindo Unit III, India",True,1088.0,4170.65,226.64
7512,83412,114-UG-T30,FPQ-4325,SO-35660,DN-1752,Uganda,PMO - US,From RDC,N/A - From RDC,Truck,2009-09-23,2009-10-01,2010-04-01,2010-03-25,2010-03-25,ARV,Adult,SCMS from RDC,"Lamivudine/Zidovudine 150/300mg, tablets, 60 Tabs",Lamivudine/Zidovudine,Generic,150/300mg,Tablet - FDC,60,118,1033.68,8.76,0.15,Mylan (formerly Matrix) Nashik,False,284.0,5458.45,2.03
7513,83413,114-UG-T30,FPQ-5014,SO-35960,DN-1756,Uganda,PMO - US,From RDC,N/A - From RDC,Truck,2010-01-29,2009-10-01,2010-04-01,2010-03-25,2010-03-25,ARV,Adult,SCMS from RDC,"Lamivudine/Nevirapine/Zidovudine 150/200/300mg, tablets, 60 Tabs",Lamivudine/Nevirapine/Zidovudine,Generic,150/300/200mg,Tablet - FDC,60,9000,100980.0,11.22,0.19,"Aurobindo Unit III, India",True,1055.0,2961.0,217.71
7514,83414,104-CI-T30,FPQ-4378,SO-34370,DN-1759,Côte d'Ivoire,PMO - US,From RDC,N/A - From RDC,Air,2009-10-15,2009-10-06,2010-04-06,2010-04-01,2010-04-01,ARV,Adult,SCMS from RDC,"Zidovudine 300mg, tablets, 60 Tabs",Zidovudine,Generic,300mg,Tablet,60,9009,67837.77,7.53,0.13,Mylan (formerly Matrix) Nashik,False,668.5,4063.81,132.96
7515,83415,104-CI-T30,FPQ-4378,SO-34370,DN-1759,Côte d'Ivoire,PMO - US,From RDC,N/A - From RDC,Air,2009-10-15,2009-10-06,2010-04-06,2010-04-01,2010-04-01,ARV,Adult,SCMS from RDC,"Tenofovir Disoproxil Fumarate 300mg, tablets, 30 Tabs",Tenofovir Disoproxil Fumarate,Generic,300mg,Tablet,30,250,2035.0,8.14,0.27,Mylan (formerly Matrix) Nashik,False,73.5,4063.81,3.99
7516,83416,151-NG-T30,FPQ-4537,SO-34890,DN-1762,Nigeria,PMO - US,From RDC,N/A - From RDC,Air,2009-11-06,2009-10-19,2010-04-19,2010-03-31,2010-03-31,ARV,Adult,SCMS from RDC,"Nevirapine 200mg, tablets, 60 Tabs",Nevirapine,Generic,200mg,Tablet,60,15000,40950.0,2.73,0.05,"Aurobindo Unit III, India",True,1444.0,124350.84,88.29
7517,83417,110-ZM-T30,FPQ-4809,SO-36400,DN-1774,Zambia,PMO - US,From RDC,N/A - From RDC,Truck,2010-01-06,2010-01-21,2010-07-21,2010-04-16,2010-04-16,ARV,Adult,SCMS from RDC,"Abacavir 300mg, tablets, 60 Tabs",Abacavir,Generic,300mg,Tablet,60,9455,202526.1,21.42,0.36,Mylan (formerly Matrix) Nashik,True,944.0,8022.59,436.65
7518,83418,151-NG-T30,FPQ-4537,SO-35130,DN-1788,Nigeria,PMO - US,From RDC,N/A - From RDC,Air Charter,2009-11-06,2009-11-30,2010-05-31,2010-05-18,2010-05-18,ARV,Adult,SCMS from RDC,"Stavudine 20mg, capsules, 60 Caps",Stavudine,Generic,20mg,Capsule,60,3250,4647.5,1.43,0.02,"Aurobindo Unit III, India",True,216.0,9736.1,10.02
7519,83419,105-GY-T30,FPQ-5430,SO-36560,DN-1791,Guyana,PMO - US,From RDC,N/A - From RDC,Air,2010-03-29,2009-10-15,2010-04-15,2010-04-28,2010-04-28,ARV,Adult,SCMS from RDC,"Emtricitabine/Tenofovir Disoproxil Fumarate 200/300mg, tablets, 30 Tabs",Emtricitabine/Tenofovir Disoproxil Fumarate,Generic,200/300mg,Tablet - FDC,30,4955,58221.25,11.75,0.39,Mylan (formerly Matrix) Nashik,True,376.0,4468.34,125.53
7520,83420,151-NG-T30,FPQ-4537,SO-36006,DN-1792,Nigeria,PMO - US,From RDC,N/A - From RDC,Air Charter,2009-11-06,2009-11-30,2010-05-31,2010-05-18,2010-05-18,ARV,Adult,SCMS from RDC,"Lamivudine/Nevirapine/Zidovudine 150/200/300mg, tablets, 60 Tabs",Lamivudine/Nevirapine/Zidovudine,Generic,150/300/200mg,Tablet - FDC,60,40000,448800.0,11.22,0.19,"Aurobindo Unit III, India",True,4692.0,9736.1,967.61
7521,83421,151-NG-T30,FPQ-4537,SO-36008,DN-1794,Nigeria,PMO - US,From RDC,N/A - From RDC,Air Charter,2009-11-06,2009-11-30,2010-05-31,2010-05-18,2010-05-18,ARV,Adult,SCMS from RDC,"Lamivudine/Nevirapine/Zidovudine 150/200/300mg, tablets, 60 Tabs",Lamivudine/Nevirapine/Zidovudine,Generic,150/300/200mg,Tablet - FDC,60,2160,24235.2,11.22,0.19,Mylan (formerly Matrix) Nashik,True,5552.0,9736.1,52.25
7522,83422,105-GY-T30,FPQ-5470,SO-36640,DN-1800,Guyana,PMO - US,From RDC,N/A - From RDC,Air,2010-04-07,2009-12-30,2010-06-30,2010-05-27,2010-05-27,ARV,Pediatric,SCMS from RDC,"Lamivudine 10mg/ml, oral solution, Bottle, 240 ml",Lamivudine,Generic,10mg/ml,Oral solution,240,471,942.0,2.0,0.01,"Cipla, Goa, India",True,221.0,3170.64,2.03
7523,83423,114-UG-T30,FPQ-4495,SO-34940,DN-1801,Uganda,PMO - US,From RDC,N/A - From RDC,Air,2009-10-28,2009-11-03,2010-05-03,2010-05-03,2010-05-03,ARV,Adult,SCMS from RDC,"Efavirenz 600mg, tablets, 30 Tabs",Efavirenz,Generic,600mg,Tablet,30,2579,12250.25,4.75,0.16,"Aurobindo Unit III, India",True,358.0,2485.92,26.41
7524,83424,151-NG-T30,FPQ-4537,SO-35082,DN-1804,Nigeria,PMO - US,From RDC,N/A - From RDC,Air Charter,2009-11-06,2009-11-30,2010-05-31,2010-05-18,2010-05-18,ARV,Adult,SCMS from RDC,"Lamivudine/Tenofovir Disoproxil Fumarate 300/300mg, tablets, 30 Tabs",Lamivudine/Tenofovir Disoproxil Fumarate,Generic,300/300mg,Tablet - FDC,30,22826,228260.0,10.0,0.33,Mylan (formerly Matrix) Nashik,True,2500.0,9736.1,492.13
7525,83425,151-NG-T30,FPQ-4537,SO-34891,DN-1813,Nigeria,PMO - US,From RDC,N/A - From RDC,Air Charter,2009-11-06,2009-11-30,2010-05-31,2010-05-18,2010-05-18,ARV,Adult,SCMS from RDC,"Nevirapine 200mg, tablets, 60 Tabs",Nevirapine,Generic,200mg,Tablet,60,20000,53200.0,2.66,0.04,"Strides, Bangalore, India.",True,1098.0,9736.1,114.7
7526,83426,151-NG-T30,FPQ-4537,SO-36003,DN-1822,Nigeria,PMO - US,From RDC,N/A - From RDC,Air Charter,2009-11-06,2009-11-30,2010-05-31,2010-05-18,2010-05-18,ARV,Adult,SCMS from RDC,"Lamivudine/Nevirapine/Stavudine 150/200/30mg, tablets, 60 Tabs",Lamivudine/Nevirapine/Stavudine,Generic,150/200/30mg,Tablet - FDC,60,72560,424476.0,5.85,0.1,"Strides, Bangalore, India.",True,5420.0,9736.1,915.17
7527,83427,117-ET-T30,FPQ-5450,SO-36650,DN-1827,Ethiopia,PMO - US,From RDC,N/A - From RDC,Air,2010-04-06,2010-01-02,2010-07-02,2010-05-04,2010-05-04,ARV,Adult,SCMS from RDC,"Zidovudine 300mg, tablets, 60 Tabs",Zidovudine,Generic,300mg,Tablet,60,5000,36050.0,7.21,0.12,"Aurobindo Unit III, India",True,276.0,2211.22,77.72
7528,83428,109-TZ-T30,FPQ-5237,SO-36042,DN-1835,Tanzania,PMO - US,From RDC,N/A - From RDC,Air,2010-03-01,2010-01-21,2010-07-21,2010-05-21,2010-05-21,ARV,Adult,SCMS from RDC,"Nevirapine 200mg, tablets, 60 Tabs",Nevirapine,Generic,200mg,Tablet,60,40000,109200.0,2.73,0.05,"Strides, Bangalore, India.",True,6240.0,27922.62,235.44
7529,83429,106-HT-T30,FPQ-4384,SO-34660,DN-1837,Haiti,PMO - US,From RDC,N/A - From RDC,Air,2009-10-23,2009-11-30,2010-05-31,2010-06-01,2010-06-01,ARV,Adult,SCMS from RDC,"Lamivudine/Zidovudine 150/300mg, tablets, 60 Tabs",Lamivudine/Zidovudine,Generic,150/300mg,Tablet - FDC,60,34769,304576.44,8.76,0.15,Hetero Unit III Hyderabad IN,True,4176.0,1005.2,656.67
7530,83430,105-GY-T30,FPQ-5599,SO-36700,DN-1838,Guyana,PMO - US,From RDC,N/A - From RDC,Air,2010-04-28,2009-12-07,2010-06-07,2010-05-27,2010-05-27,ARV,Adult,SCMS from RDC,"Lamivudine 150mg, tablets, 60 Tabs",Lamivudine,Generic,150mg,Tablet,60,126,307.44,2.44,0.04,"Strides, Bangalore, India.",False,668.5,1924.4650000000001,0.66
7531,83431,104-CI-T30,FPQ-5201,SO-36341,DN-1845,Côte d'Ivoire,PMO - US,From RDC,N/A - From RDC,Air,2010-03-03,2009-12-15,2010-06-15,2010-06-07,2010-06-07,ARV,Adult,SCMS from RDC,"Stavudine 30mg, capsules, 60 Caps",Stavudine,Generic,30mg,Capsule,60,2000,2820.0,1.41,0.02,"Strides, Bangalore, India.",True,98.0,2201.14,6.08
7532,83432,106-HT-T30,FPQ-5523,SO-36750,DN-1849,Haiti,PMO - US,From RDC,N/A - From RDC,Air,2010-04-19,2009-12-30,2010-06-30,2010-06-09,2010-06-09,ARV,Adult,SCMS from RDC,"Zidovudine 300mg, tablets, 60 Tabs",Zidovudine,Generic,300mg,Tablet,60,2520,18169.2,7.21,0.12,"Aurobindo Unit III, India",True,145.0,6438.37,39.17
7533,83433,104-CI-T30,FPQ-5619,SO-36820,DN-1851,Côte d'Ivoire,PMO - US,From RDC,N/A - From RDC,Air,2010-05-02,2009-12-03,2010-06-03,2010-06-07,2010-06-07,ARV,Adult,SCMS from RDC,"Tenofovir Disoproxil Fumarate 300mg, tablets, 30 Tabs",Tenofovir Disoproxil Fumarate,Generic,300mg,Tablet,30,2552,19497.28,7.64,0.25,"Cipla, Goa, India",True,182.0,3250.13,42.04
7534,83434,114-UG-T30,FPQ-5451,SO-36830,DN-1859,Uganda,PMO - US,From RDC,N/A - From RDC,Air,2010-05-07,2009-12-30,2010-06-30,2010-06-22,2010-06-22,ARV,Adult,SCMS from RDC,"Lamivudine/Nevirapine/Zidovudine 150/200/300mg, tablets, 60 Tabs",Lamivudine/Nevirapine/Zidovudine,Generic,150/300/200mg,Tablet - FDC,60,15000,168300.0,11.22,0.19,Mylan (formerly Matrix) Nashik,True,1943.0,6299.45,362.85
7535,83435,104-CI-T30,FPQ-4659,SO-35590,DN-1868,Côte d'Ivoire,PMO - US,From RDC,N/A - From RDC,Air,2009-12-08,2009-12-30,2010-06-30,2010-06-21,2010-06-21,ARV,Adult,SCMS from RDC,"Lamivudine/Nevirapine/Zidovudine 150/200/300mg, tablets, 60 Tabs",Lamivudine/Nevirapine/Zidovudine,Generic,150/300/200mg,Tablet - FDC,60,50000,561000.0,11.22,0.19,"Aurobindo Unit III, India",True,5997.0,8379.98,1209.52
7536,83436,104-CI-T30,FPQ-5201,SO-36340,DN-1873,Côte d'Ivoire,PMO - US,From RDC,N/A - From RDC,Air,2010-03-03,2010-01-12,2010-07-12,2010-06-30,2010-06-30,ARV,Pediatric,SCMS from RDC,"Zidovudine 10mg/ml, oral solution, Bottle, 240 ml",Zidovudine,Generic,10mg/ml,Oral solution,240,7284,14713.68,2.02,0.01,"Aurobindo Unit III, India",False,668.5,4063.81,31.72
7537,83437,151-NG-T30,FPQ-5023,SO-36431,DN-1882,Nigeria,PMO - US,From RDC,N/A - From RDC,Air,2010-02-10,2010-01-15,2010-07-15,2010-06-28,2010-06-28,ARV,Adult,SCMS from RDC,"Lamivudine/Nevirapine/Zidovudine 150/200/300mg, tablets, 60 Tabs",Lamivudine/Nevirapine/Zidovudine,Generic,150/300/200mg,Tablet - FDC,60,10000,112200.0,11.22,0.19,"Aurobindo Unit III, India",True,1173.0,0.0,241.9
7538,83438,110-ZM-T30,FPQ-4809,SO-35510,DN-1892,Zambia,PMO - US,From RDC,N/A - From RDC,Truck,2010-01-06,2010-01-21,2010-07-21,2010-07-08,2010-07-08,ARV,Adult,SCMS from RDC,"Abacavir 300mg, tablets, 60 Tabs",Abacavir,Generic,300mg,Tablet,60,9545,163601.3,17.14,0.29,Mylan (formerly Matrix) Nashik,True,947.0,13232.09,352.72
7539,83439,151-NG-T30,FPQ-5023,SO-36465,DN-1896,Nigeria,PMO - US,From RDC,N/A - From RDC,Air,2010-02-10,2010-01-15,2010-07-15,2010-06-28,2010-06-28,ARV,Adult,SCMS from RDC,"Nevirapine 200mg, tablets, 60 Tabs",Nevirapine,Generic,200mg,Tablet,60,3000,8190.0,2.73,0.05,"Strides, Bangalore, India.",True,206.0,0.0,17.66
7540,83440,151-NG-T30,FPQ-5023,SO-36520,DN-1921,Nigeria,PMO - US,From RDC,N/A - From RDC,Air,2010-02-10,2010-01-15,2010-07-15,2010-06-28,2010-06-28,ARV,Pediatric,SCMS from RDC,"Efavirenz 200mg, capsule, 90 Caps",Efavirenz,Generic,200mg,Capsule,90,1000,9710.0,9.71,0.11,"Aurobindo Unit III, India",True,120.0,0.0,20.93
7541,83441,151-NG-T30,FPQ-4537,SO-36671,DN-1925,Nigeria,PMO - US,From RDC,N/A - From RDC,Air,2009-11-06,2010-01-21,2010-07-21,2010-06-28,2010-06-28,ARV,Adult,SCMS from RDC,"Lamivudine/Zidovudine 150/300mg, tablets, 60 Tabs",Lamivudine/Zidovudine,Generic,150/300mg,Tablet - FDC,60,100,876.0,8.76,0.15,"Aurobindo Unit III, India",True,4582.0,0.0,1.89
7542,83442,151-NG-T30,FPQ-5023,SO-36545,DN-1941,Nigeria,PMO - US,From RDC,N/A - From RDC,Air,2010-02-10,2010-01-15,2010-07-15,2010-06-28,2010-06-28,ARV,Adult,SCMS from RDC,"Lamivudine/Zidovudine 150/300mg, tablets, 60 Tabs",Lamivudine/Zidovudine,Generic,150/300mg,Tablet - FDC,60,155,1357.8,8.76,0.15,Mylan (formerly Matrix) Nashik,True,13.0,0.0,2.93
7543,83443,114-UG-T30,FPQ-5239,SO-36131,DN-1943,Uganda,PMO - US,From RDC,N/A - From RDC,Air,2010-03-02,2010-02-04,2010-08-04,2010-07-19,2010-07-19,ARV,Adult,SCMS from RDC,"Emtricitabine/Tenofovir Disoproxil Fumarate 200/300mg, tablets, 30 Tabs",Emtricitabine/Tenofovir Disoproxil Fumarate,Generic,200/300mg,Tablet - FDC,30,703,8260.25,11.75,0.39,Mylan (formerly Matrix) Nashik,True,301.0,4758.36,17.81
7544,83444,114-UG-T30,FPQ-5238,SO-36070,DN-1949,Uganda,PMO - US,From RDC,N/A - From RDC,Air,2010-03-02,2010-02-04,2010-08-04,2010-08-02,2010-08-02,ARV,Adult,SCMS from RDC,"Lamivudine/Nevirapine/Zidovudine 150/200/300mg, tablets, 60 Tabs",Lamivudine/Nevirapine/Zidovudine,Generic,150/300/200mg,Tablet - FDC,60,8000,89760.0,11.22,0.19,Mylan (formerly Matrix) Nashik,True,1642.0,15347.04,193.52
7545,83445,151-NG-T30,FPQ-5023,SO-36432,DN-1883,Nigeria,PMO - US,From RDC,N/A - From RDC,Air,2010-02-10,2010-02-28,2010-08-31,2010-08-17,2010-08-17,ARV,Adult,SCMS from RDC,"Lamivudine/Nevirapine/Zidovudine 150/200/300mg, tablets, 60 Tabs",Lamivudine/Nevirapine/Zidovudine,Generic,150/300/200mg,Tablet - FDC,60,20000,224400.0,11.22,0.19,"Aurobindo Unit III, India",True,2406.0,6147.18,483.81
7546,83446,117-ET-T30,FPQ-5967,SO-37102,DN-1952,Ethiopia,PMO - US,From RDC,N/A - From RDC,Air,2010-06-28,2010-03-21,2010-09-21,2010-07-14,2010-07-14,ARV,Adult,SCMS from RDC,"Lamivudine/Nevirapine/Stavudine 150/200/30mg, tablets, 60 Tabs",Lamivudine/Nevirapine/Stavudine,Generic,150/200/30mg,Tablet - FDC,60,3439,19705.47,5.73,0.1,"Strides, Bangalore, India.",False,668.5,4672.77,42.48
7547,83447,151-NG-T30,FPQ-5023,SO-37060,DN-1959,Nigeria,PMO - US,From RDC,N/A - From RDC,Air Charter,2010-02-10,2010-02-16,2010-08-16,2010-08-17,2010-08-17,ARV,Adult,SCMS from RDC,"Lamivudine/Nevirapine/Zidovudine 150/200/300mg, tablets, 60 Tabs",Lamivudine/Nevirapine/Zidovudine,Generic,150/300/200mg,Tablet - FDC,60,7000,78540.0,11.22,0.19,"Aurobindo Unit III, India",True,922.0,6147.18,169.33
7548,83448,111-MZ-T30,FPQ-4711,SO-35740,DN-1962,Mozambique,PMO - US,From RDC,N/A - From RDC,Truck,2009-12-23,2010-02-28,2010-08-31,2010-08-18,2010-08-18,ARV,Adult,SCMS from RDC,"Lamivudine/Nevirapine/Zidovudine 150/200/300mg, tablets, 60 Tabs",Lamivudine/Nevirapine/Zidovudine,Generic,150/300/200mg,Tablet - FDC,60,77000,863940.0,11.22,0.19,Mylan (formerly Matrix) Nashik,True,12980.0,11134.62,1862.65
7549,83449,151-NG-T30,FPQ-5688,SO-36913,DN-1971,Nigeria,PMO - US,From RDC,N/A - From RDC,Air Charter,2010-05-27,2010-02-28,2010-08-31,2010-08-17,2010-08-17,ARV,Adult,SCMS from RDC,"Emtricitabine/Tenofovir Disoproxil Fumarate 200/300mg, tablets, 30 Tabs",Emtricitabine/Tenofovir Disoproxil Fumarate,Generic,200/300mg,Tablet - FDC,30,3000,35250.0,11.75,0.39,Mylan (formerly Matrix) Nashik,True,270.0,6147.18,76.0
7550,83450,104-CI-T30,FPQ-5201,SO-36311,DN-1982,Côte d'Ivoire,PMO - US,From RDC,N/A - From RDC,Air,2010-03-03,2010-02-23,2010-08-23,2010-08-23,2010-08-23,ARV,Adult,SCMS from RDC,"Efavirenz 600mg, tablets, 30 Tabs",Efavirenz,Generic,600mg,Tablet,30,39144,174190.8,4.45,0.15,"Strides, Bangalore, India.",False,668.5,4063.81,375.56
7551,83451,104-CI-T30,FPQ-5201,SO-36311,DN-1982,Côte d'Ivoire,PMO - US,From RDC,N/A - From RDC,Air,2010-03-03,2010-02-23,2010-08-23,2010-08-23,2010-08-23,ARV,Adult,SCMS from RDC,"Abacavir 300mg, tablets, 60 Tabs",Abacavir,Generic,300mg,Tablet,60,4140,68061.6,16.44,0.27,Mylan (formerly Matrix) Nashik,False,668.5,4063.81,146.74
7552,83452,104-CI-T30,FPQ-5201,SO-36311,DN-1982,Côte d'Ivoire,PMO - US,From RDC,N/A - From RDC,Air,2010-03-03,2010-02-23,2010-08-23,2010-08-23,2010-08-23,ARV,Pediatric,SCMS from RDC,"Lamivudine 10mg/ml, oral solution, Bottle, 240 ml",Lamivudine,Generic,10mg/ml,Oral solution,240,4340,8376.2,1.93,0.01,"Aurobindo Unit III, India",False,977.0,4063.81,18.06
7553,83453,104-CI-T30,FPQ-5623,SO-36890,DN-1984,Côte d'Ivoire,PMO - US,From RDC,N/A - From RDC,Air,2010-05-07,2010-02-28,2010-08-31,2010-08-23,2010-08-23,ARV,Pediatric,SCMS from RDC,"Lamivudine 10mg/ml, oral solution, Bottle, 240 ml",Lamivudine,Generic,10mg/ml,Oral solution,240,3010,5809.3,1.93,0.01,"Aurobindo Unit III, India",True,3202.0,12648.38,12.52
7554,83454,114-UG-T30,FPQ-5275,SO-36230,DN-1987,Uganda,PMO - US,From RDC,N/A - From RDC,Air,2010-03-04,2010-03-03,2010-09-03,2010-08-27,2010-08-27,ARV,Adult,SCMS from RDC,"Emtricitabine/Tenofovir Disoproxil Fumarate 200/300mg, tablets, 30 Tabs",Emtricitabine/Tenofovir Disoproxil Fumarate,Generic,200/300mg,Tablet - FDC,30,650,7637.5,11.75,0.39,Mylan (formerly Matrix) Nashik,True,61.0,536.02,16.47
7555,83455,151-NG-T30,FPQ-5688,SO-36915,DN-1973,Nigeria,PMO - US,From RDC,N/A - From RDC,Air Charter,2010-05-27,2010-02-28,2010-08-31,2010-08-17,2010-08-17,ARV,Adult,SCMS from RDC,"Emtricitabine/Tenofovir Disoproxil Fumarate 200/300mg, tablets, 30 Tabs",Emtricitabine/Tenofovir Disoproxil Fumarate,Generic,200/300mg,Tablet - FDC,30,1328,15604.0,11.75,0.39,Mylan (formerly Matrix) Nashik,True,122.0,6147.18,33.64
7556,83456,151-NG-T30,FPQ-5023,SO-36468,DN-1993,Nigeria,PMO - US,From RDC,N/A - From RDC,Air Charter,2010-02-10,2010-02-12,2010-08-12,2010-08-17,2010-08-17,ARV,Adult,SCMS from RDC,"Nevirapine 200mg, tablets, 60 Tabs",Nevirapine,Generic,200mg,Tablet,60,47150,128719.5,2.73,0.05,"Aurobindo Unit III, India",True,5357.0,6147.18,277.52
7557,83457,104-CI-T30,FPQ-5623,SO-36880,DN-2011,Côte d'Ivoire,PMO - US,From RDC,N/A - From RDC,Air,2010-05-07,2010-03-30,2010-09-30,2010-09-25,2010-09-25,ARV,Adult,SCMS from RDC,"Abacavir 300mg, tablets, 60 Tabs",Abacavir,Generic,300mg,Tablet,60,5310,87296.4,16.44,0.27,Mylan (formerly Matrix) Nashik,False,668.5,4063.81,188.21
7558,83458,106-HT-T30,FPQ-5523,SO-36741,DN-2015,Haiti,PMO - US,From RDC,N/A - From RDC,Air,2010-04-19,2010-03-30,2010-09-30,2010-10-07,2010-10-07,ARV,Adult,SCMS from RDC,"Lamivudine 150mg, tablets, 60 Tabs",Lamivudine,Generic,150mg,Tablet,60,19320,47140.8,2.44,0.04,Hetero Unit III Hyderabad IN,False,668.5,2946.7200000000003,101.64
7559,83459,102-UG-T30,FPQ-6403,SO-37480,DN-2031,Uganda,PMO - US,From RDC,N/A - From RDC,Air,2010-09-16,2010-04-20,2010-10-20,2010-10-26,2010-10-26,ARV,Adult,SCMS from RDC,"Lamivudine/Nevirapine/Stavudine 150/200/30mg, tablets, 60 Tabs",Lamivudine/Nevirapine/Stavudine,Generic,150/200/30mg,Tablet - FDC,60,1193,6835.89,5.73,0.1,"Cipla, Goa, India",True,144.0,1413.56,14.74
7560,83460,151-NG-T30,FPQ-5688,SO-37500,DN-2025,Nigeria,PMO - US,From RDC,N/A - From RDC,Air,2010-05-27,2010-04-22,2010-10-22,2010-11-10,2010-11-10,ARV,Adult,SCMS from RDC,"Zidovudine 300mg, tablets, 60 Tabs",Zidovudine,Generic,300mg,Tablet,60,15650,112836.5,7.21,0.12,"Aurobindo Unit III, India",True,16417.0,20264.93,243.28
7561,83461,113-ZW-T30,FPQ-4694,SO-35370,DN-2041,Zimbabwe,PMO - US,From RDC,N/A - From RDC,Truck,2009-12-08,2010-05-30,2010-11-30,2010-11-25,2010-11-25,ARV,Adult,SCMS from RDC,"Efavirenz 600mg, tablets, 30 Tabs",Efavirenz,Generic,600mg,Tablet,30,5900,26668.0,4.52,0.15,"Aurobindo Unit III, India",True,12810.0,15919.75,57.5
7562,83462,104-CI-T30,FPQ-5925,SO-37150,DN-2035,Côte d'Ivoire,PMO - US,From RDC,N/A - From RDC,Truck,2010-06-23,2010-05-30,2010-11-30,2010-11-26,2010-11-26,ARV,Adult,SCMS from RDC,"Abacavir/Lamivudine 600/300mg, scored tablets, 30 Tabs",Abacavir/Lamivudine,Generic,600/300mg,Tablet - FDC,30,1980,44550.0,22.5,0.75,Mylan (formerly Matrix) Nashik,False,126.0,6757.815,96.05
7563,83463,104-CI-T30,FPQ-5925,SO-37150,DN-2035,Côte d'Ivoire,PMO - US,From RDC,N/A - From RDC,Truck,2010-06-23,2010-05-30,2010-11-30,2010-11-26,2010-11-26,ARV,Adult,SCMS from RDC,"Emtricitabine/Tenofovir Disoproxil Fumarate 200/300mg, tablets, 30 Tabs",Emtricitabine/Tenofovir Disoproxil Fumarate,Generic,200/300mg,Tablet - FDC,30,9760,114680.0,11.75,0.39,Mylan (formerly Matrix) Nashik,False,668.5,6757.815,247.25
7564,83464,104-CI-T30,FPQ-5925,SO-37150,DN-2035,Côte d'Ivoire,PMO - US,From RDC,N/A - From RDC,Truck,2010-06-23,2010-05-30,2010-11-30,2010-11-26,2010-11-26,ARV,Adult,SCMS from RDC,"Lamivudine/Stavudine 150/30mg, tablets, 60 Tabs",Lamivudine/Stavudine,Generic,150/30mg,Tablet - FDC,60,26444,86736.32,3.28,0.05,Mylan (formerly Matrix) Nashik,False,668.5,6757.815,187.0
7565,83465,110-ZM-T30,FPQ-6221,SO-37320,DN-2054,Zambia,PMO - US,From RDC,N/A - From RDC,Truck,2010-08-20,2010-06-30,2010-12-31,2010-11-25,2010-11-25,ARV,Adult,SCMS from RDC,"Lamivudine/Nevirapine/Stavudine 150/200/30mg, tablets, 60 Tabs",Lamivudine/Nevirapine/Stavudine,Generic,150/200/30mg,Tablet - FDC,60,56430,306414.9,5.43,0.09,"Strides, Bangalore, India.",True,15358.0,16606.55,660.63
7566,83466,114-UG-T30,FPQ-6427,SO-37550,DN-2055,Uganda,PMO - US,From RDC,N/A - From RDC,Truck,2010-09-29,2010-06-02,2010-12-02,2010-12-02,2010-12-02,ARV,Adult,SCMS from RDC,"Efavirenz 600mg, tablets, 30 Tabs",Efavirenz,Generic,600mg,Tablet,30,99404,449306.08,4.52,0.15,"Emcure Plot No.P-2, I.T-B.T. Park, Phase II, MIDC, Hinjwadi, Pune, India",True,6960.0,29545.05,968.7
7567,83467,114-UG-T30,FPQ-6438,SO-37680,DN-2057,Uganda,PMO - US,From RDC,N/A - From RDC,Air,2010-09-29,2010-06-02,2010-12-02,2010-11-29,2010-11-29,ARV,Adult,SCMS from RDC,"Nevirapine 200mg, tablets, 60 Tabs",Nevirapine,Generic,200mg,Tablet,60,3690,9815.4,2.66,0.04,Hetero Unit III Hyderabad IN,True,214.0,5166.39,21.16
7568,83468,104-CI-T30,FPQ-5925,SO-38010,DN-2062,Côte d'Ivoire,PMO - US,From RDC,N/A - From RDC,Air,2010-06-23,2010-06-07,2010-12-07,2010-12-13,2010-12-13,ARV,Adult,SCMS from RDC,"Lopinavir/Ritonavir 200/50mg [Aluvia], tablets, 120 Tabs",Lopinavir/Ritonavir,Aluvia,200/50mg,Tablet,120,1000,36160.0,36.16,0.3,ABBVIE Ludwigshafen Germany,True,205.0,3962.5,77.96
7569,83469,104-CI-T30,FPQ-5925,SO-37740,DN-2064,Côte d'Ivoire,PMO - US,From RDC,N/A - From RDC,Air,2010-06-23,2010-05-30,2010-11-30,2010-12-09,2010-12-09,ARV,Adult,SCMS from RDC,"Lamivudine 150mg, tablets, 60 Tabs",Lamivudine,Generic,150mg,Tablet,60,8100,18873.0,2.33,0.04,Hetero Unit III Hyderabad IN,True,3093.0,11235.05,40.69
7570,83470,200-DO-T30,FPQ-6616,SO-38030,DN-2066,Dominican Republic,PMO - US,From RDC,N/A - From RDC,Air,2010-10-25,2010-05-30,2010-11-30,2010-12-14,2010-12-14,ARV,Adult,SCMS from RDC,"Abacavir 300mg, tablets, 60 Tabs",Abacavir,Generic,300mg,Tablet,60,3073,48829.97,15.89,0.26,Mylan (formerly Matrix) Nashik,True,594.0,4996.2,80.57
7571,83471,200-DO-T30,FPQ-6616,SO-38030,DN-2066,Dominican Republic,PMO - US,From RDC,N/A - From RDC,Air,2010-10-25,2010-05-30,2010-11-30,2010-12-14,2010-12-14,ARV,Adult,SCMS from RDC,"Lopinavir/Ritonavir 200/50mg, tablets, 120 Tabs",Lopinavir/Ritonavir,Generic,200/50mg,Tablet,120,1100,39600.0,36.0,0.3,"Aurobindo Unit III, India",False,127.0,3026.24,65.34
7572,83472,110-ZM-T30,FPQ-6221,SO-37340,DN-2072,Zambia,PMO - US,From RDC,N/A - From RDC,Truck,2010-08-20,2010-05-15,2010-11-15,2010-12-10,2010-12-10,ARV,Adult,SCMS from RDC,"Emtricitabine/Tenofovir Disoproxil Fumarate 200/300mg, tablets, 30 Tabs",Emtricitabine/Tenofovir Disoproxil Fumarate,Generic,200/300mg,Tablet - FDC,30,220002,2585023.5,11.75,0.39,Mylan (formerly Matrix) Nashik,True,20364.0,31373.1,5573.31
7573,83473,106-HT-T30,FPQ-6484,SO-37760,DN-2073,Haiti,PMO - US,From RDC,N/A - From RDC,Air,2010-10-13,2010-06-20,2010-12-20,2011-01-05,2011-01-05,ARV,Adult,SCMS from RDC,"Lamivudine 150mg, tablets, 60 Tabs",Lamivudine,Generic,150mg,Tablet,60,9009,20990.97,2.33,0.04,Hetero Unit III Hyderabad IN,False,668.5,2946.7200000000003,45.26
7574,83474,106-HT-T30,FPQ-6484,SO-37760,DN-2073,Haiti,PMO - US,From RDC,N/A - From RDC,Air,2010-10-13,2010-06-20,2010-12-20,2011-01-05,2011-01-05,ARV,Adult,SCMS from RDC,"Stavudine 15mg, capsules, 60 Caps",Stavudine,Generic,15mg,Capsule,60,168,252.0,1.5,0.02,"Aurobindo Unit III, India",False,23.0,2946.7200000000003,0.54
7575,83476,117-ET-T30,FPQ-6428,SO-38100,DN-2075,Ethiopia,PMO - US,From RDC,N/A - From RDC,Air,2010-09-24,2010-06-15,2010-12-15,2010-12-09,2010-12-09,ARV,Adult,SCMS from RDC,"Tenofovir Disoproxil Fumarate 300mg, tablets, 30 Tabs",Tenofovir Disoproxil Fumarate,Generic,300mg,Tablet,30,1440,10512.0,7.3,0.24,Mylan (formerly Matrix) Nashik,True,88.0,1842.95,22.66
7576,83477,114-UG-T30,FPQ-6427,SO-37530,DN-2079,Uganda,PMO - US,From RDC,N/A - From RDC,Truck,2010-09-29,2010-06-30,2010-12-31,2010-12-23,2010-12-23,ARV,Adult,SCMS from RDC,"Lamivudine/Nevirapine/Zidovudine 150/200/300mg, tablets, 60 Tabs",Lamivudine/Nevirapine/Zidovudine,Generic,150/300/200mg,Tablet - FDC,60,125000,1402500.0,11.22,0.19,"Aurobindo Unit III, India",True,16790.0,103428.0,3023.79
7577,83478,202-GT-T30,FPQ-6943,SO-38260,DN-2089,Guatemala,PMO - US,From RDC,N/A - From RDC,Air,2010-12-29,2010-07-31,2011-01-31,2011-01-24,2011-01-24,ARV,Adult,SCMS from RDC,"Lamivudine/Zidovudine 150/300mg, tablets, 60 Tabs",Lamivudine/Zidovudine,Generic,150/300mg,Tablet - FDC,60,4301,36773.55,8.55,0.14,"Aurobindo Unit III, India",True,1435.0,16252.95,60.68
7578,83479,111-MZ-T30,FPQ-6981,SO-38350,DN-2094,Mozambique,PMO - US,From RDC,N/A - From RDC,Air,2011-01-06,2010-08-28,2011-02-28,2011-02-25,2011-02-25,ARV,Pediatric,SCMS from RDC,"Zidovudine 10mg/ml, oral solution, Bottle, 240 ml",Zidovudine,Generic,10mg/ml,Oral solution,240,1177,2377.54,2.02,0.01,"Aurobindo Unit III, India",True,512.0,3415.72,3.92
7579,83480,111-MZ-T30,FPQ-6981,SO-38360,DN-2096,Mozambique,PMO - US,From RDC,N/A - From RDC,Truck,2011-01-06,2010-09-30,2011-03-31,2011-03-09,2011-03-09,ARV,Pediatric,SCMS from RDC,"Zidovudine 10mg/ml, oral solution w/syringe, Bottle, 240 ml",Zidovudine,Generic,10mg/ml,Oral solution,240,4000,8400.0,2.1,0.01,"Aurobindo Unit III, India",True,1137.0,4711.97,13.86
7580,83481,110-ZM-T30,FPQ-5702,SO-38000,DN-2099,Zambia,PMO - US,From RDC,N/A - From RDC,Truck,2010-05-20,2010-07-28,2011-01-28,2011-02-11,2011-02-11,ARV,Adult,SCMS from RDC,"Efavirenz 600mg, tablets, 30 Tabs",Efavirenz,Generic,600mg,Tablet,30,28271,127784.92,4.52,0.15,"Aurobindo Unit III, India",True,2507.0,9553.01,275.5
7581,83482,104-CI-T30,FPQ-6495,SO-37710,DN-2098,Côte d'Ivoire,PMO - US,From RDC,N/A - From RDC,Truck,2010-10-04,2010-07-31,2011-01-31,2011-02-22,2011-02-22,ARV,Adult,SCMS from RDC,"Lamivudine 150mg, tablets, 60 Tabs",Lamivudine,Generic,150mg,Tablet,60,17320,40355.6,2.33,0.04,"Aurobindo Unit III, India",True,1721.0,8758.37,87.01
7582,83483,104-CI-T30,FPQ-6144,SO-38380,DN-2106,Côte d'Ivoire,PMO - US,From RDC,N/A - From RDC,Air,2010-08-03,2010-07-31,2011-01-31,2011-02-22,2011-02-22,ARV,Adult,SCMS from RDC,"Lamivudine/Zidovudine 150/300mg, tablets, 60 Tabs",Lamivudine/Zidovudine,Generic,150/300mg,Tablet - FDC,60,18507,158234.85,8.55,0.14,"Aurobindo Unit III, India",False,668.5,4063.81,341.15
7583,83484,110-ZM-T30,FPQ-6222,SO-37360,DN-2112,Zambia,PMO - US,From RDC,N/A - From RDC,Truck,2010-08-20,2010-08-26,2011-02-26,2011-02-15,2011-02-15,ARV,Adult,SCMS from RDC,"Zidovudine 300mg, tablets, 60 Tabs",Zidovudine,Generic,300mg,Tablet,60,10776,77694.96,7.21,0.12,"Aurobindo Unit III, India",True,586.0,8045.76,167.51
7584,83485,106-HT-T30,FPQ-6484,SO-38120,DN-2113,Haiti,PMO - US,From RDC,N/A - From RDC,Air,2010-10-13,2010-08-28,2011-02-28,2011-02-14,2011-02-14,ARV,Adult,SCMS from RDC,"Zidovudine 300mg, tablets, 60 Tabs",Zidovudine,Generic,300mg,Tablet,60,960,6921.6,7.21,0.12,"Aurobindo Unit III, India",False,111.0,2946.7200000000003,14.92
7585,83486,106-HT-T30,FPQ-6801,SO-38620,DN-2114,Haiti,PMO - US,From RDC,N/A - From RDC,Air,2010-12-14,2010-08-28,2011-02-28,2011-02-14,2011-02-14,ARV,Pediatric,SCMS from RDC,"Abacavir 20mg/ml, oral solution w/syringe, Bottle, 240 ml",Abacavir,Generic,20mg/ml,Oral solution,240,544,7452.8,13.7,0.06,"Aurobindo Unit III, India",True,395.0,6555.75,12.3
7586,83487,104-CI-T30,FPQ-6891,SO-38710,DN-2120,Côte d'Ivoire,PMO - US,From RDC,N/A - From RDC,Air,2010-12-21,2010-08-28,2011-02-28,2011-02-28,2011-02-28,ARV,Adult,SCMS from RDC,"Stavudine 30mg, capsules, 60 Caps",Stavudine,Generic,30mg,Capsule,60,2070,2898.0,1.4,0.02,"Aurobindo Unit III, India",True,176.0,1653.99,4.78
7587,83488,105-GY-T30,FPQ-7128,SO-38840,DN-2129,Guyana,PMO - US,From RDC,N/A - From RDC,Air,2011-02-04,2010-09-30,2011-03-31,2011-03-25,2011-03-25,ARV,Adult,SCMS from RDC,"Stavudine 15mg, capsules, 60 Caps",Stavudine,Generic,15mg,Capsule,60,73,109.5,1.5,0.02,"Aurobindo Unit III, India",True,143.0,2097.18,0.18
7588,83489,105-GY-T30,FPQ-7128,SO-38840,DN-2129,Guyana,PMO - US,From RDC,N/A - From RDC,Air,2011-02-04,2010-09-30,2011-03-31,2011-03-25,2011-03-25,ARV,Pediatric,SCMS from RDC,"Abacavir 20mg/ml, oral solution w/syringe, Bottle, 240 ml",Abacavir,Generic,20mg/ml,Oral solution,240,99,1356.3,13.7,0.06,"Aurobindo Unit III, India",False,668.5,1924.4650000000001,2.24
7589,83490,104-CI-T30,FPQ-6495,SO-37700,DN-2137,Côte d'Ivoire,PMO - US,From RDC,N/A - From RDC,Air,2010-10-04,2010-09-30,2011-03-31,2011-03-29,2011-03-29,ARV,Pediatric,SCMS from RDC,"Didanosine 200mg, chewable/dispersible tablets, 60 Tabs",Didanosine,Generic,200mg,Chewable/dispersible tablet,60,2296,34440.0,15.0,0.25,"Aurobindo Unit III, India",True,17126.0,17941.46,74.25
7590,83491,104-CI-T30,FPQ-6144,SO-38480,DN-2138,Côte d'Ivoire,PMO - US,From RDC,N/A - From RDC,Air,2010-08-03,2010-09-15,2011-03-15,2011-03-29,2011-03-29,ARV,Pediatric,SCMS from RDC,"Efavirenz 200mg, capsule, 90 Caps",Efavirenz,Generic,200mg,Capsule,90,2440,23692.4,9.71,0.11,"Aurobindo Unit III, India",True,2325.0,17941.47,51.08
7591,83492,110-ZM-T30,FPQ-6222,SO-38910,DN-2142,Zambia,PMO - US,From RDC,N/A - From RDC,Truck,2010-08-20,2010-09-30,2011-03-31,2011-04-05,2011-04-05,ARV,Adult,SCMS from RDC,"Lamivudine 150mg, tablets, 60 Tabs",Lamivudine,Generic,150mg,Tablet,60,21678,50509.74,2.33,0.04,"Aurobindo Unit III, India",True,1084.0,4471.07,108.9
7592,83493,114-UG-T30,FPQ-6427,SO-38760,DN-2144,Uganda,PMO - US,From RDC,N/A - From RDC,Truck,2010-09-29,2010-09-30,2011-03-31,2011-04-01,2011-04-01,ARV,Adult,SCMS from RDC,"Lamivudine/Zidovudine 150/300mg, tablets, 60 Tabs",Lamivudine/Zidovudine,Generic,150/300mg,Tablet - FDC,60,30107,248683.82,8.26,0.14,"Aurobindo Unit III, India",True,2875.0,23675.63,536.16
7593,83494,110-ZM-T30,FPQ-6319,SO-37420,DN-2146,Zambia,PMO - US,From RDC,N/A - From RDC,Truck,2010-09-01,2010-10-14,2011-04-14,2011-04-05,2011-04-05,ARV,Adult,SCMS from RDC,"Efavirenz/Emtricitabine/Tenofovir Disoproxil Fumarate 600/200/300mg, tablets, 30 Tabs",Efavirenz/Emtricitabine/Tenofovir Disoproxil Fumarate,Generic,600/200/300mg,Tablet - FDC,30,120200,2394384.0,19.92,0.66,Mylan (formerly Matrix) Nashik,True,13222.0,4471.08,5162.29
7594,83495,109-TZ-T30,FPQ-7347,SO-39000,DN-2152,Tanzania,PMO - US,From RDC,N/A - From RDC,Air,2011-03-07,2010-10-07,2011-04-07,2011-03-28,2011-03-28,ARV,Adult,SCMS from RDC,"Efavirenz 600mg, tablets, 30 Tabs",Efavirenz,Generic,600mg,Tablet,30,49000,206780.0,4.22,0.14,Mylan (formerly Matrix) Nashik,True,4030.0,15707.3,341.19
7595,83496,151-NG-T30,FPQ-7217,SO-39150,DN-2164,Nigeria,PMO - US,From RDC,N/A - From RDC,Air Charter,2011-02-21,2010-12-15,2011-06-15,2011-05-11,2011-05-11,ARV,Adult,SCMS from RDC,"Zidovudine 300mg, tablets, 60 Tabs",Zidovudine,Generic,300mg,Tablet,60,15000,108150.0,7.21,0.12,"Aurobindo Unit III, India",True,823.0,12601.06,178.45
7596,83497,200-ZW-T30,FPQ-6483,SO-39280,DN-2179,Zimbabwe,PMO - US,From RDC,N/A - From RDC,Truck,2010-10-13,2010-10-04,2011-04-04,2011-05-20,2011-05-20,ARV,Pediatric,SCMS from RDC,"Efavirenz 50mg, capsule, 30 Caps",Efavirenz,Generic,50mg,Capsule,30,3348,7499.52,2.24,0.07,"Aurobindo Unit III, India",False,668.5,6721.705,16.17
7597,83498,200-ZW-T30,FPQ-6483,SO-39280,DN-2179,Zimbabwe,PMO - US,From RDC,N/A - From RDC,Truck,2010-10-13,2010-10-04,2011-04-04,2011-05-20,2011-05-20,ARV,Pediatric,SCMS from RDC,"Lamivudine/Stavudine 60/12mg, dispersible tablets, 60 Tabs",Lamivudine/Stavudine,Generic,60/12mg,Chewable/dispersible tablet - FDC,60,4952,16341.6,3.3,0.06,"Cipla, Goa, India",False,668.5,6721.705,35.23
7598,83499,114-UG-T30,FPQ-7165,SO-38790,DN-2189,Uganda,PMO - US,From RDC,N/A - From RDC,Air,2011-02-14,2010-09-11,2011-03-11,2011-05-03,2011-05-03,ARV,Adult,SCMS from RDC,"Efavirenz/Emtricitabine/Tenofovir Disoproxil Fumarate 600/200/300mg, tablets, 30 Tabs",Efavirenz/Emtricitabine/Tenofovir Disoproxil Fumarate,Generic,600/200/300mg,Tablet - FDC,30,720,14342.4,19.92,0.66,Mylan (formerly Matrix) Nashik,True,79.0,2305.65,23.66
7599,83500,151-NG-T30,FPQ-6800,SO-39230,DN-2173,Nigeria,PMO - US,From RDC,N/A - From RDC,Air Charter,2010-12-07,2010-12-21,2011-06-21,2011-05-10,2011-05-10,ARV,Adult,SCMS from RDC,"Lamivudine/Tenofovir Disoproxil Fumarate 300/300mg, tablets, 30 Tabs",Lamivudine/Tenofovir Disoproxil Fumarate,Generic,300/300mg,Tablet - FDC,30,50000,441000.0,8.82,0.29,Mylan (formerly Matrix) Nashik,True,4502.0,12601.07,727.65
7600,83501,110-ZM-T30,FPQ-6482,SO-39420,DN-2198,Zambia,PMO - US,From RDC,N/A - From RDC,Truck,2010-10-15,2010-10-30,2011-04-30,2011-05-20,2011-05-20,ARV,Adult,SCMS from RDC,"Nevirapine 200mg, tablets, 60 Tabs",Nevirapine,Generic,200mg,Tablet,60,18000,45180.0,2.51,0.04,"Strides, Bangalore, India.",True,1032.0,3402.23,97.41
7601,83502,200-ZW-T30,FPQ-6483,SO-37880,DN-2203,Zimbabwe,PMO - US,From RDC,N/A - From RDC,Truck,2010-10-13,2010-11-30,2011-05-31,2011-06-13,2011-06-13,ARV,Pediatric,SCMS from RDC,"Efavirenz 200mg, capsule, 90 Caps",Efavirenz,Generic,200mg,Capsule,90,1152,11185.92,9.71,0.11,"Aurobindo Unit III, India",False,81.5,6721.705,24.12
7602,83503,151-NG-T30,FPQ-7217,SO-39570,DN-2211,Nigeria,PMO - US,From RDC,N/A - From RDC,Air Charter,2011-02-21,2010-12-15,2011-06-15,2011-07-05,2011-07-05,ARV,Adult,SCMS from RDC,"Lamivudine/Tenofovir Disoproxil Fumarate 300/300mg, tablets, 30 Tabs",Lamivudine/Tenofovir Disoproxil Fumarate,Generic,300/300mg,Tablet - FDC,30,70651,623141.82,8.82,0.29,Mylan (formerly Matrix) Nashik,True,6749.0,13398.06,1028.18
7603,83504,151-NG-T30,FPQ-7217,SO-39580,DN-2213,Nigeria,PMO - US,From RDC,N/A - From RDC,Air Charter,2011-02-21,2010-12-15,2011-06-15,2011-07-06,2011-07-06,ARV,Adult,SCMS from RDC,"Lamivudine/Zidovudine 150/300mg, tablets, 60 Tabs",Lamivudine/Zidovudine,Generic,150/300mg,Tablet - FDC,60,30091,248551.66,8.26,0.14,"Aurobindo Unit III, India",False,668.5,12601.07,410.11
7604,83505,151-NG-T30,FPQ-7217,SO-39630,DN-2219,Nigeria,PMO - US,From RDC,N/A - From RDC,Air Charter,2011-02-21,2010-12-15,2011-06-15,2011-07-05,2011-07-05,ARV,Adult,SCMS from RDC,"Emtricitabine/Tenofovir Disoproxil Fumarate 200/300mg, tablets, 30 Tabs",Emtricitabine/Tenofovir Disoproxil Fumarate,Generic,200/300mg,Tablet - FDC,30,57749,630619.08,10.92,0.36,"Aurobindo Unit III, India",True,5554.0,13398.06,1040.52
7605,83506,151-NG-T30,FPQ-7217,SO-39840,DN-2244,Nigeria,PMO - US,From RDC,N/A - From RDC,Air Charter,2011-02-21,2010-12-15,2011-06-15,2011-07-06,2011-07-06,ARV,Adult,SCMS from RDC,"Lamivudine/Nevirapine/Zidovudine 150/200/300mg, tablets, 60 Tabs",Lamivudine/Nevirapine/Zidovudine,Generic,150/300/200mg,Tablet - FDC,60,206853,2320890.66,11.22,0.19,"Aurobindo Unit III, India",True,29353.0,13398.06,3829.47
7606,83507,100-BJ-T30,FPQ-7658,SO-39810,DN-2250,Benin,PMO - US,From RDC,N/A - From RDC,Air,2011-05-15,2010-12-13,2011-06-13,2011-06-30,2011-06-30,ARV,Adult,SCMS from RDC,"Lopinavir/Ritonavir 200/50mg [Aluvia], tablets, 120 Tabs",Lopinavir/Ritonavir,Aluvia,200/50mg,Tablet,120,611,20615.14,33.74,0.28,ABBVIE Ludwigshafen Germany,True,129.0,6477.67,34.01
7607,83508,110-ZM-T30,FPQ-6677,SO-38060,DN-2254,Zambia,PMO - US,From RDC,N/A - From RDC,Truck,2010-11-08,2011-01-15,2011-07-15,2011-07-11,2011-07-11,ARV,Adult,SCMS from RDC,"Lamivudine 150mg, tablets, 60 Tabs",Lamivudine,Generic,150mg,Tablet,60,18579,43289.07,2.33,0.04,Hetero Unit III Hyderabad IN,True,2029.0,6801.72,71.43
7608,83509,100-GH-T30,FPQ-7799,SO-39940,DN-2259,Ghana,PMO - US,From RDC,N/A - From RDC,Air,2011-06-06,2011-01-04,2011-07-04,2011-07-15,2011-07-15,ARV,Adult,SCMS from RDC,"Tenofovir Disoproxil Fumarate 300mg, tablets, 30 Tabs",Tenofovir Disoproxil Fumarate,Generic,300mg,Tablet,30,2110,13546.2,6.42,0.21,Mylan (formerly Matrix) Nashik,False,668.5,10790.63,22.35
7609,83510,109-TZ-T30,FPQ-7675,SO-39760,DN-2265,Tanzania,PMO - US,From RDC,N/A - From RDC,Air,2011-05-18,2011-02-28,2011-08-31,2011-07-18,2011-07-18,ARV,Adult,SCMS from RDC,"Emtricitabine/Tenofovir Disoproxil Fumarate 200/300mg, tablets, 30 Tabs",Emtricitabine/Tenofovir Disoproxil Fumarate,Generic,200/300mg,Tablet - FDC,30,77636,818283.44,10.54,0.35,Mylan (formerly Matrix) Nashik,True,6986.0,26538.46,1350.17
7610,83511,111-MZ-T30,FPQ-7053,SO-40070,DN-2270,Mozambique,PMO - US,From RDC,N/A - From RDC,Truck,2011-01-24,2011-02-28,2011-08-31,2011-09-05,2011-09-05,ARV,Adult,SCMS from RDC,"Lamivudine/Zidovudine 150/300mg, tablets, 60 Tabs",Lamivudine/Zidovudine,Generic,150/300mg,Tablet - FDC,60,15048,128660.4,8.55,0.14,"Aurobindo Unit III, India",True,1391.0,3525.04,212.29
7611,83513,200-ZW-T30,FPQ-6483,SO-37870,DN-2279,Zimbabwe,PMO - US,From RDC,N/A - From RDC,Truck,2010-10-13,2011-02-15,2011-08-15,2011-08-11,2011-08-11,ARV,Pediatric,SCMS from RDC,"Lamivudine/Stavudine 30/6mg, dispersible tablets, 60 Tabs",Lamivudine/Stavudine,Generic,30/6mg,Chewable/dispersible tablet - FDC,60,3687,7005.3,1.9,0.03,"Cipla, Goa, India",True,212.0,2143.48,15.1
7612,83514,113-ZW-T30,FPQ-6470,SO-37842,DN-2285,Zimbabwe,PMO - US,From RDC,N/A - From RDC,Truck,2010-10-13,2011-02-15,2011-08-15,2011-08-11,2011-08-11,ARV,Adult,SCMS from RDC,"Lamivudine/Stavudine 150/30mg, tablets, 60 Tabs",Lamivudine/Stavudine,Generic,150/30mg,Tablet - FDC,60,4669,15314.32,3.28,0.05,"Cipla, Goa, India",True,357.0,2143.49,33.02
7613,83515,114-UG-T30,FPQ-7162,SO-39970,DN-2287,Uganda,PMO - US,From RDC,N/A - From RDC,Truck,2011-02-14,2010-12-30,2011-06-30,2011-07-14,2011-07-14,ARV,Adult,SCMS from RDC,"Lamivudine/Tenofovir Disoproxil Fumarate 300/300mg, tablets, 30 Tabs",Lamivudine/Tenofovir Disoproxil Fumarate,Generic,300/300mg,Tablet - FDC,30,30000,264600.0,8.82,0.29,Mylan (formerly Matrix) Nashik,True,2641.0,19673.48,436.59
7614,83517,104-CI-T30,FPQ-6495,SO-38750,DN-2295,Côte d'Ivoire,PMO - US,From RDC,N/A - From RDC,Air,2010-10-04,2011-01-22,2011-07-22,2011-07-22,2011-07-22,ARV,Pediatric,SCMS from RDC,"Nevirapine 10mg/ml, oral suspension w/syringe, Bottle, 240 ml",Nevirapine,Generic,10mg/ml,Oral suspension,240,3846,7499.7,1.95,0.01,"Aurobindo Unit III, India",True,668.5,4063.81,16.17
7615,83518,113-ZW-T30,FPQ-6470,SO-37844,DN-2301,Zimbabwe,PMO - US,From RDC,N/A - From RDC,Truck,2010-10-13,2011-03-05,2011-09-05,2011-09-05,2011-09-05,ARV,Adult,SCMS from RDC,"Nevirapine 200mg, tablets, 60 Tabs",Nevirapine,Generic,200mg,Tablet,60,9073,22773.23,2.51,0.04,Hetero Unit III Hyderabad IN,True,487.0,2091.17,49.1
7616,83519,110-ZM-T30,FPQ-7085,SO-38720,DN-2299,Zambia,PMO - US,From RDC,N/A - From RDC,Truck,2011-02-03,2011-03-01,2011-09-01,2011-08-15,2011-08-15,ARV,Adult,SCMS from RDC,"Efavirenz/Emtricitabine/Tenofovir Disoproxil Fumarate 600/200/300mg, tablets, 30 Tabs",Efavirenz/Emtricitabine/Tenofovir Disoproxil Fumarate,Generic,600/200/300mg,Tablet - FDC,30,60000,1195200.0,19.92,0.66,Mylan (formerly Matrix) Nashik,False,6875.0,6476.695,1972.08
7617,83520,104-CI-T30,FPQ-7659,SO-40121,DN-2304,Côte d'Ivoire,PMO - US,From RDC,N/A - From RDC,Air,2011-05-03,2011-03-27,2011-09-27,2011-09-12,2011-09-12,ARV,Adult,SCMS from RDC,"Abacavir 300mg, tablets, 60 Tabs",Abacavir,Generic,300mg,Tablet,60,4617,69439.68,15.04,0.25,"Aurobindo Unit III, India",False,668.5,4063.81,114.58
7618,83521,106-HT-T30,FPQ-6801,SO-38213,DN-2310,Haiti,PMO - US,From RDC,N/A - From RDC,Air,2010-12-14,2011-01-19,2011-07-19,2011-08-11,2011-08-11,ARV,Adult,SCMS from RDC,"Lamivudine 150mg, tablets, 60 Tabs",Lamivudine,Generic,150mg,Tablet,60,9200,21436.0,2.33,0.04,"Aurobindo Unit III, India",False,668.0,2946.7200000000003,35.37
7619,83522,114-UG-T30,FPQ-7267,SO-39060,DN-2312,Uganda,PMO - US,From RDC,N/A - From RDC,Truck,2011-03-04,2011-01-31,2011-07-31,2011-08-12,2011-08-12,ARV,Adult,SCMS from RDC,"Efavirenz/Emtricitabine/Tenofovir Disoproxil Fumarate 600/200/300mg, tablets, 30 Tabs",Efavirenz/Emtricitabine/Tenofovir Disoproxil Fumarate,Generic,600/200/300mg,Tablet - FDC,30,3330,66333.6,19.92,0.66,Mylan (formerly Matrix) Nashik,True,370.0,2886.12,109.45
7620,83523,900-GH-T30,FPQ-7866,SO-40000,DN-2320,Ghana,PMO - US,From RDC,N/A - From RDC,Air,2011-06-13,2011-05-14,2011-11-14,2011-11-14,2011-11-14,ARV,Adult,SCMS from RDC,"Lamivudine/Zidovudine 150/300mg, tablets, 60 Tabs",Lamivudine/Zidovudine,Generic,150/300mg,Tablet - FDC,60,32168,265707.68,8.26,0.14,Mylan (formerly Matrix) Nashik,True,5199.0,585.0,438.42
7621,83524,900-GH-T30,FPQ-7866,SO-40010,DN-2321,Ghana,PMO - US,From RDC,N/A - From RDC,Air,2011-06-13,2011-03-06,2011-09-06,2011-08-11,2011-08-11,ARV,Adult,SCMS from RDC,"Nevirapine 200mg, tablets, 60 Tabs",Nevirapine,Generic,200mg,Tablet,60,45084,113160.84,2.51,0.04,"Strides, Bangalore, India.",True,2698.0,12676.4,186.72
7622,83525,110-ZM-T30,FPQ-7085,SO-38741,DN-2322,Zambia,PMO - US,From RDC,N/A - From RDC,Truck,2011-02-03,2011-03-29,2011-09-29,2011-08-29,2011-08-29,ARV,Adult,SCMS from RDC,"Nevirapine 200mg, tablets, 60 Tabs",Nevirapine,Generic,200mg,Tablet,60,31892,80048.92,2.51,0.04,Hetero Unit III Hyderabad IN,False,668.5,6476.695,132.08
7623,83526,113-ZW-T30,FPQ-7052,SO-38511,DN-2324,Zimbabwe,PMO - US,From RDC,N/A - From RDC,Truck,2011-01-19,2011-03-30,2011-09-30,2011-09-19,2011-09-19,ARV,Adult,SCMS from RDC,"Nevirapine 200mg, tablets, 60 Tabs",Nevirapine,Generic,200mg,Tablet,60,9073,22228.85,2.45,0.04,"Aurobindo Unit VII, IN",True,1406.0,5479.15,36.68
7624,83527,114-UG-T30,FPQ-7652,SO-39500,DN-2326,Uganda,PMO - US,From RDC,N/A - From RDC,Truck,2011-04-29,2011-03-05,2011-09-05,2011-08-23,2011-08-23,ARV,Adult,SCMS from RDC,"Lamivudine/Nevirapine/Zidovudine 150/200/300mg, tablets, 60 Tabs",Lamivudine/Nevirapine/Zidovudine,Generic,150/300/200mg,Tablet - FDC,60,6139,68879.58,11.22,0.19,Mylan (formerly Matrix) Nashik,True,1518.0,6561.51,113.65
7625,83528,114-UG-T30,FPQ-8048,SO-40230,DN-2328,Uganda,PMO - US,From RDC,N/A - From RDC,Truck,2011-07-13,2011-03-22,2011-09-22,2011-08-24,2011-08-24,ARV,Adult,SCMS from RDC,"Lamivudine/Tenofovir Disoproxil Fumarate 300/300mg, tablets, 30 Tabs",Lamivudine/Tenofovir Disoproxil Fumarate,Generic,300/300mg,Tablet - FDC,30,7441,61239.43,8.23,0.27,Mylan (formerly Matrix) Nashik,True,656.0,4376.56,101.05
7626,83529,114-UG-T30,FPQ-7162,SO-38800,DN-2329,Uganda,PMO - US,From RDC,N/A - From RDC,Truck,2011-02-14,2011-02-05,2011-08-05,2011-08-24,2011-08-24,ARV,Adult,SCMS from RDC,"Lamivudine/Nevirapine/Zidovudine 150/200/300mg, tablets, 60 Tabs",Lamivudine/Nevirapine/Zidovudine,Generic,150/300/200mg,Tablet - FDC,60,105000,1178100.0,11.22,0.19,Mylan (formerly Matrix) Nashik,False,668.5,5458.45,1943.86
7627,83530,104-CI-T30,FPQ-7659,SO-40122,DN-2339,Côte d'Ivoire,PMO - US,From RDC,N/A - From RDC,Air,2011-05-03,2011-04-12,2011-10-12,2011-10-12,2011-10-12,ARV,Adult,SCMS from RDC,"Abacavir 300mg, tablets, 60 Tabs",Abacavir,Generic,300mg,Tablet,60,2313,34787.52,15.04,0.25,Mylan (formerly Matrix) Nashik,False,668.5,4063.81,57.4
7628,83531,109-TZ-T30,FPQ-6713,SO-38171,DN-2345,Tanzania,PMO - US,From RDC,N/A - From RDC,Truck,2010-12-02,2011-04-03,2011-10-03,2011-09-16,2011-09-16,ARV,Adult,SCMS from RDC,"Efavirenz/Emtricitabine/Tenofovir Disoproxil Fumarate 600/200/300mg, tablets, 30 Tabs",Efavirenz/Emtricitabine/Tenofovir Disoproxil Fumarate,Generic,600/200/300mg,Tablet - FDC,30,68235,1359241.2,19.92,0.66,Mylan (formerly Matrix) Nashik,True,83.0,3623.2,2242.75
7629,83532,151-NG-T30,FPQ-7812,SO-39993,DN-2352,Nigeria,PMO - US,From RDC,N/A - From RDC,Air Charter,2011-06-06,2011-05-03,2011-11-03,2011-09-28,2011-09-28,ARV,Adult,SCMS from RDC,"Stavudine 30mg, capsules, 60 Caps",Stavudine,Generic,30mg,Capsule,60,1000,1400.0,1.4,0.02,"Aurobindo Unit III, India",True,108.0,18495.9,2.31
7630,83533,100-ZW-T30,FPQ-7559,SO-39551,DN-2362,Zimbabwe,PMO - US,From RDC,N/A - From RDC,Truck,2011-04-29,2011-04-21,2011-10-21,2011-10-21,2011-10-21,ARV,Pediatric,SCMS from RDC,"Lamivudine/Zidovudine 30/60mg, tablets, 60 Tabs",Lamivudine/Zidovudine,Generic,30/60mg,Tablet - FDC,60,323,1049.75,3.25,0.05,"Aurobindo Unit III, India",True,209.0,502.49,1.73
7631,83534,113-ZW-T30,FPQ-7934,SO-40281,DN-2367,Zimbabwe,PMO - US,From RDC,N/A - From RDC,Truck,2011-06-28,2011-04-25,2011-10-25,2011-10-21,2011-10-21,ARV,Adult,SCMS from RDC,"Lamivudine/Tenofovir Disoproxil Fumarate 300/300mg, tablets, 30 Tabs",Lamivudine/Tenofovir Disoproxil Fumarate,Generic,300/300mg,Tablet - FDC,30,42444,366291.72,8.63,0.29,Mylan (formerly Matrix) Nashik,True,1423.0,6623.46,604.38
7632,83536,109-TZ-T30,FPQ-6713,SO-38170,DN-2363,Tanzania,PMO - US,From RDC,N/A - From RDC,Truck,2010-12-02,2011-04-03,2011-10-03,2011-09-23,2011-09-23,ARV,Adult,SCMS from RDC,"Efavirenz/Emtricitabine/Tenofovir Disoproxil Fumarate 600/200/300mg, tablets, 30 Tabs",Efavirenz/Emtricitabine/Tenofovir Disoproxil Fumarate,Generic,600/200/300mg,Tablet - FDC,30,40337,803513.04,19.92,0.66,Mylan (formerly Matrix) Nashik,True,4560.0,1047.17,1325.8
7633,83537,151-NG-T30,FPQ-7812,SO-39999,DN-2377,Nigeria,PMO - US,From RDC,N/A - From RDC,Air Charter,2011-06-06,2011-05-03,2011-11-03,2011-09-28,2011-09-28,ARV,Adult,SCMS from RDC,"Efavirenz 600mg, tablets, 30 Tabs",Efavirenz,Generic,600mg,Tablet,30,100000,422000.0,4.22,0.14,Hetero Unit III Hyderabad IN,True,5712.0,18495.9,696.3
7634,83538,111-MZ-T30,FPQ-7053,SO-38641,DN-2366,Mozambique,PMO - US,From RDC,N/A - From RDC,Truck,2011-01-24,2011-07-25,2012-01-25,2012-01-25,2012-01-25,ARV,Pediatric,SCMS from RDC,"Nevirapine 10mg/ml, oral suspension w/syringe, Bottle, 240 ml",Nevirapine,Generic,10mg/ml,Oral suspension,240,13994,27288.3,1.95,0.01,"Aurobindo Unit III, India",True,5269.0,4480.45,45.03
7635,83539,900-SZ-T30,FPQ-8417,SO-40690,DN-2388,Swaziland,PMO - US,From RDC,N/A - From RDC,Air,2011-09-14,2011-06-12,2011-12-12,2011-10-18,2011-10-18,ARV,Adult,SCMS from RDC,"Lamivudine/Tenofovir Disoproxil Fumarate 300/300mg, tablets, 30 Tabs",Lamivudine/Tenofovir Disoproxil Fumarate,Generic,300/300mg,Tablet - FDC,30,17300,135286.0,7.82,0.26,Mylan (formerly Matrix) Nashik,True,2036.0,15635.84,223.22
7636,83540,114-UG-T30,FPQ-7166,SO-38870,DN-2389,Uganda,PMO - US,From RDC,N/A - From RDC,Air,2011-02-11,2011-05-15,2011-11-15,2011-11-01,2011-11-01,ARV,Pediatric,SCMS from RDC,"Nevirapine 10mg/ml, oral suspension w/syringe, Bottle, 240 ml",Nevirapine,Generic,10mg/ml,Oral suspension,240,9794,19098.3,1.95,0.01,"Aurobindo Unit III, India",True,3654.0,19520.77,31.51
7637,83541,100-ZW-T30,FPQ-7559,SO-39550,DN-2390,Zimbabwe,PMO - US,From RDC,N/A - From RDC,Truck,2011-04-29,2011-04-30,2011-10-31,2011-10-21,2011-10-21,ARV,Pediatric,SCMS from RDC,"Lamivudine/Zidovudine 30/60mg, tablets, 60 Tabs",Lamivudine/Zidovudine,Generic,30/60mg,Tablet - FDC,60,12733,38071.67,2.99,0.05,Mylan (formerly Matrix) Nashik,True,496.0,5257.35,62.82
7638,83542,106-HT-T30,FPQ-7653,SO-39742,DN-2399,Haiti,PMO - US,From RDC,N/A - From RDC,Air,2011-05-11,2011-04-30,2011-10-31,2011-11-08,2011-11-08,ARV,Adult,SCMS from RDC,"Stavudine 30mg, capsules, 60 Caps",Stavudine,Generic,30mg,Capsule,60,4520,6328.0,1.4,0.02,"Aurobindo Unit III, India",True,418.0,4692.14,10.44
7639,83543,110-ZM-T30,FPQ-8383,SO-40730,DN-2398,Zambia,PMO - US,From RDC,N/A - From RDC,Truck,2011-09-11,2011-05-03,2011-11-03,2011-11-15,2011-11-15,ARV,Adult,SCMS from RDC,"Emtricitabine/Tenofovir Disoproxil Fumarate 200/300mg, tablets, 30 Tabs",Emtricitabine/Tenofovir Disoproxil Fumarate,Generic,200/300mg,Tablet - FDC,30,26060,233758.2,8.97,0.3,"Aurobindo Unit III, India",True,2409.0,9346.8,385.7
7640,83544,151-NG-T30,FPQ-7812,SO-40723,DN-2395,Nigeria,PMO - US,From RDC,N/A - From RDC,Air Charter,2011-06-06,2011-06-05,2011-12-05,2011-10-13,2011-10-13,ARV,Adult,SCMS from RDC,"Lamivudine/Nevirapine/Zidovudine 150/200/300mg, tablets, 60 Tabs",Lamivudine/Nevirapine/Zidovudine,Generic,150/300/200mg,Tablet - FDC,60,94848,1064194.56,11.22,0.19,Mylan (formerly Matrix) Nashik,False,668.5,12601.07,1755.92
7641,83545,151-NG-T30,FPQ-7812,SO-40724,DN-2401,Nigeria,PMO - US,From RDC,N/A - From RDC,Air Charter,2011-06-06,2011-06-05,2011-12-05,2011-10-13,2011-10-13,ARV,Adult,SCMS from RDC,"Lamivudine/Nevirapine/Zidovudine 150/200/300mg, tablets, 60 Tabs",Lamivudine/Nevirapine/Zidovudine,Generic,150/300/200mg,Tablet - FDC,60,45113,506167.86,11.22,0.19,Mylan (formerly Matrix) Nashik,True,6180.0,21326.73,835.18
7642,83546,109-TZ-T30,FPQ-8303,SO-40521,DN-2412,Tanzania,PMO - US,From RDC,N/A - From RDC,Truck,2011-08-22,2011-06-29,2011-12-29,2011-12-12,2011-12-12,ARV,Pediatric,SCMS from RDC,"Nevirapine 10mg/ml, oral suspension w/syringe, Bottle, 240 ml",Nevirapine,Generic,10mg/ml,Oral suspension,240,15000,29250.0,1.95,0.01,"Aurobindo Unit III, India",True,5641.0,45291.49,48.26
7643,83547,114-UG-T30,FPQ-8520,SO-40912,DN-2460,Uganda,PMO - US,From RDC,N/A - From RDC,Truck,2011-10-05,2011-08-10,2012-02-10,2012-01-19,2012-01-19,ARV,Adult,SCMS from RDC,"Lamivudine/Zidovudine 150/300mg, tablets, 60 Tabs",Lamivudine/Zidovudine,Generic,150/300mg,Tablet - FDC,60,5471,45190.46,8.26,0.14,"Aurobindo Unit III, India",True,521.0,4237.12,74.56
7644,83548,151-NG-T30,FPQ-8364,SO-40655,DN-2463,Nigeria,PMO - US,From RDC,N/A - From RDC,Air Charter,2011-08-29,2011-09-02,2012-03-02,2011-12-18,2011-12-18,ARV,Adult,SCMS from RDC,"Lamivudine/Zidovudine 150/300mg, tablets, 60 Tabs",Lamivudine/Zidovudine,Generic,150/300mg,Tablet - FDC,60,85919,709690.94,8.26,0.14,"Aurobindo Unit III, India",True,8754.0,15322.73,1170.99
7645,83549,107-RW-T30,FPQ-8716,SO-41060,DN-2467,Rwanda,PMO - US,From RDC,N/A - From RDC,Air,2011-10-31,2011-07-23,2012-01-23,2012-01-23,2012-01-23,ARV,Pediatric,SCMS from RDC,"Lamivudine 10mg/ml, oral solution w/syringe, Bottle, 240 ml",Lamivudine,Generic,10mg/ml,Oral solution,240,3000,5550.0,1.85,0.01,"Aurobindo Unit III, India",True,1076.0,4474.31,7.78
7646,83550,111-MZ-T30,FPQ-8157,SO-40322,DN-2471,Mozambique,PMO - US,From RDC,N/A - From RDC,Truck,2011-08-04,2011-09-08,2012-03-08,2012-03-08,2012-03-08,ARV,Adult,SCMS from RDC,"Lamivudine/Nevirapine/Zidovudine 150/200/300mg, tablets, 60 Tabs",Lamivudine/Nevirapine/Zidovudine,Generic,150/300/200mg,Tablet - FDC,60,150000,1683000.0,11.22,0.19,"Cipla, Goa, India",True,19143.0,16660.04,2776.95
7647,83551,111-MZ-T30,FPQ-8157,SO-40321,DN-2480,Mozambique,PMO - US,From RDC,N/A - From RDC,Truck,2011-08-04,2011-08-29,2012-02-29,2012-02-22,2012-02-22,ARV,Adult,SCMS from RDC,"Lamivudine/Nevirapine/Zidovudine 150/200/300mg, tablets, 60 Tabs",Lamivudine/Nevirapine/Zidovudine,Generic,150/300/200mg,Tablet - FDC,60,275,3085.5,11.22,0.19,Mylan (formerly Matrix) Nashik,True,36.0,3470.0,5.09
7648,83552,109-TZ-T30,FPQ-8297,SO-40601,DN-2483,Tanzania,PMO - US,From RDC,N/A - From RDC,Truck,2011-08-22,2011-08-29,2012-02-29,2012-02-05,2012-02-05,ARV,Adult,SCMS from RDC,"Efavirenz 600mg, tablets, 30 Tabs",Efavirenz,Generic,600mg,Tablet,30,65000,274300.0,4.22,0.14,"Aurobindo Unit III, India",False,5883.5,0.0,452.6
7649,83553,111-MZ-T30,FPQ-8157,SO-40370,DN-2488,Mozambique,PMO - US,From RDC,N/A - From RDC,Truck,2011-08-04,2011-08-29,2012-02-29,2012-03-08,2012-03-08,ARV,Adult,SCMS from RDC,"Lamivudine/Zidovudine 150/300mg, tablets, 60 Tabs",Lamivudine/Zidovudine,Generic,150/300mg,Tablet - FDC,60,28168,232667.68,8.26,0.14,"Aurobindo Unit VII, IN",True,318.0,6025.73,383.9
7650,83554,111-MZ-T30,FPQ-8157,SO-40370,DN-2488,Mozambique,PMO - US,From RDC,N/A - From RDC,Truck,2011-08-04,2011-08-29,2012-02-29,2012-03-08,2012-03-08,ARV,Adult,SCMS from RDC,"Nevirapine 200mg, tablets, 60 Tabs",Nevirapine,Generic,200mg,Tablet,60,2940,7203.0,2.45,0.04,"Aurobindo Unit VII, IN",False,668.5,5192.68,11.88
7651,83555,101-CD-T30,FPQ-8840,SO-41133,DN-2495,"Congo, DRC",PMO - US,From RDC,N/A - From RDC,Air,2011-11-21,2011-09-16,2012-03-16,2012-02-14,2012-02-14,ARV,Adult,SCMS from RDC,"Efavirenz 600mg, tablets, 30 Tabs",Efavirenz,Generic,600mg,Tablet,30,30,123.6,4.12,0.14,"Strides, Bangalore, India.",True,55.0,912.36,0.17
7652,83556,101-CD-T30,FPQ-8840,SO-41135,DN-2497,"Congo, DRC",PMO - US,From RDC,N/A - From RDC,Air,2011-11-21,2011-09-16,2012-03-16,2012-02-14,2012-02-14,ARV,Adult,SCMS from RDC,"Efavirenz 600mg, tablets, 30 Tabs",Efavirenz,Generic,600mg,Tablet,30,10,41.2,4.12,0.14,"Strides, Bangalore, India.",False,38.0,2346.5699999999997,0.06
7653,83557,105-GY-T30,FPQ-8620,SO-41000,DN-2503,Guyana,PMO - US,From RDC,N/A - From RDC,Air,2011-10-27,2011-09-30,2012-03-30,2012-02-04,2012-02-04,ARV,Pediatric,SCMS from RDC,"Efavirenz 200mg, capsule, 90 Caps",Efavirenz,Generic,200mg,Capsule,90,153,1357.11,8.87,0.1,"Aurobindo Unit III, India",False,34.0,1924.4650000000001,1.9
7654,83558,105-GY-T30,FPQ-8620,SO-41000,DN-2503,Guyana,PMO - US,From RDC,N/A - From RDC,Air,2011-10-27,2011-09-30,2012-03-30,2012-02-04,2012-02-04,ARV,Pediatric,SCMS from RDC,"Abacavir 20mg/ml, oral solution w/syringe, Bottle, 240 ml",Abacavir,Generic,20mg/ml,Oral solution,240,55,687.5,12.5,0.05,"Aurobindo Unit III, India",False,6.0,1924.4650000000001,0.96
7655,83559,101-CD-T30,FPQ-8840,SO-41140,DN-2504,"Congo, DRC",PMO - US,From RDC,N/A - From RDC,Air,2011-11-21,2011-09-16,2012-03-16,2012-04-03,2012-04-03,ARV,Pediatric,SCMS from RDC,"Nevirapine 10mg/ml, oral suspension w/syringe, Bottle, 240 ml",Nevirapine,Generic,10mg/ml,Oral suspension,240,186,362.7,1.95,0.01,"Aurobindo Unit III, India",True,81.0,1535.56,0.51
7656,83560,101-CD-T30,FPQ-8840,SO-41140,DN-2504,"Congo, DRC",PMO - US,From RDC,N/A - From RDC,Air,2011-11-21,2011-09-16,2012-03-16,2012-04-03,2012-04-03,ARV,Adult,SCMS from RDC,"Lamivudine/Tenofovir Disoproxil Fumarate 300/300mg, tablets, 30 Tabs",Lamivudine/Tenofovir Disoproxil Fumarate,Generic,300/300mg,Tablet - FDC,30,8,48.64,6.08,0.2,Mylan (formerly Matrix) Nashik,False,48.0,2346.5699999999997,0.07
7657,83963,104-CI-T30,FPQ-4378,SO-34460,DN-1527,Côte d'Ivoire,PMO - US,From RDC,N/A - From RDC,Air,2009-10-15,2009-05-30,2009-11-30,2009-12-02,2009-12-02,ARV,Adult,SCMS from RDC,"Abacavir 300mg, tablets, 60 Tabs",Abacavir,Generic,300mg,Tablet,60,2590,55477.8,21.42,0.36,Mylan (formerly Matrix) Nashik,True,257.0,1211.48,108.74
7658,83561,101-CD-T30,FPQ-8840,SO-41141,DN-2505,"Congo, DRC",PMO - US,From RDC,N/A - From RDC,Air,2011-11-21,2011-09-16,2012-03-16,2012-03-14,2012-03-14,ARV,Adult,SCMS from RDC,"Lamivudine/Tenofovir Disoproxil Fumarate 300/300mg, tablets, 30 Tabs",Lamivudine/Tenofovir Disoproxil Fumarate,Generic,300/300mg,Tablet - FDC,30,53,322.24,6.08,0.2,Mylan (formerly Matrix) Nashik,True,220.0,2110.2,0.45
7659,83562,101-CD-T30,FPQ-8840,SO-41143,DN-2507,"Congo, DRC",PMO - US,From RDC,N/A - From RDC,Air,2011-11-21,2011-09-16,2012-03-16,2012-04-11,2012-04-11,ARV,Pediatric,SCMS from RDC,"Nevirapine 10mg/ml, oral suspension w/syringe, Bottle, 240 ml",Nevirapine,Generic,10mg/ml,Oral suspension,240,699,1363.05,1.95,0.01,"Aurobindo Unit III, India",False,728.0,2346.5699999999997,1.91
7660,83563,101-CD-T30,FPQ-8840,SO-41147,DN-2511,"Congo, DRC",PMO - US,From RDC,N/A - From RDC,Air,2011-11-21,2011-09-16,2012-03-16,2012-03-14,2012-03-14,ARV,Pediatric,SCMS from RDC,"Nevirapine 10mg/ml, oral suspension w/syringe, Bottle, 240 ml",Nevirapine,Generic,10mg/ml,Oral suspension,240,1090,2125.5,1.95,0.01,"Aurobindo Unit III, India",True,512.0,3438.2,2.98
7661,83564,101-CD-T30,FPQ-8840,SO-41147,DN-2511,"Congo, DRC",PMO - US,From RDC,N/A - From RDC,Air,2011-11-21,2011-09-16,2012-03-16,2012-03-14,2012-03-14,ARV,Adult,SCMS from RDC,"Zidovudine 300mg, tablets, 60 Tabs",Zidovudine,Generic,300mg,Tablet,60,1700,11934.0,7.02,0.12,Hetero Unit III Hyderabad IN,False,268.0,2346.5699999999997,16.73
7662,83565,101-CD-T30,FPQ-8840,SO-41148,DN-2512,"Congo, DRC",PMO - US,From RDC,N/A - From RDC,Air,2011-11-21,2011-09-16,2012-03-16,2012-03-14,2012-03-14,ARV,Pediatric,SCMS from RDC,"Nevirapine 10mg/ml, oral suspension w/syringe, Bottle, 240 ml",Nevirapine,Generic,10mg/ml,Oral suspension,240,2463,4802.85,1.95,0.01,"Aurobindo Unit III, India",False,668.5,2346.5699999999997,6.73
7663,83566,113-ZW-T30,FPQ-7934,SO-40280,DN-2520,Zimbabwe,PMO - US,From RDC,N/A - From RDC,Truck,2011-06-28,2011-07-31,2012-01-31,2012-02-16,2012-02-16,ARV,Adult,SCMS from RDC,"Lamivudine/Tenofovir Disoproxil Fumarate 300/300mg, tablets, 30 Tabs",Lamivudine/Tenofovir Disoproxil Fumarate,Generic,300/300mg,Tablet - FDC,30,17556,106740.48,6.08,0.2,Mylan (formerly Matrix) Nashik,True,1373.0,4777.08,176.12
7664,83567,101-CD-T30,FPQ-8840,SO-41381,DN-2523,"Congo, DRC",PMO - US,From RDC,N/A - From RDC,Air,2011-11-21,2011-09-22,2012-03-22,2012-03-22,2012-03-22,ARV,Adult,SCMS from RDC,"Lamivudine 150mg, tablets, 60 Tabs",Lamivudine,Generic,150mg,Tablet,60,67,156.11,2.33,0.04,Hetero Unit III Hyderabad IN,True,4.0,491.42,0.22
7665,83568,104-CI-T30,FPQ-8295,SO-40760,DN-2533,Côte d'Ivoire,PMO - US,From RDC,N/A - From RDC,Truck,2011-08-25,2011-09-01,2012-03-01,2012-03-01,2012-03-01,ARV,Pediatric,SCMS from RDC,"Nevirapine 10mg/ml, oral suspension w/syringe, Bottle, 240 ml",Nevirapine,Generic,10mg/ml,Oral suspension,240,4448,8673.6,1.95,0.01,"Aurobindo Unit III, India",True,1663.0,1102.3,14.31
7666,83569,104-CI-T30,FPQ-8787,SO-41171,DN-2545,Côte d'Ivoire,PMO - US,From RDC,N/A - From RDC,Air,2011-11-11,2011-11-21,2012-05-21,2012-03-01,2012-03-01,ARV,Adult,SCMS from RDC,"Lamivudine 150mg, tablets, 60 Tabs",Lamivudine,Generic,150mg,Tablet,60,10350,24115.5,2.33,0.04,"Aurobindo Unit III, India",True,495.0,20548.8,33.81
7667,83570,104-CI-T30,FPQ-8295,SO-40751,DN-2554,Côte d'Ivoire,PMO - US,From RDC,N/A - From RDC,Truck,2011-08-25,2011-09-12,2012-03-12,2012-02-24,2012-02-24,ARV,Adult,SCMS from RDC,"Efavirenz/Emtricitabine/Tenofovir Disoproxil Fumarate 600/200/300mg, tablets, 30 Tabs",Efavirenz/Emtricitabine/Tenofovir Disoproxil Fumarate,Generic,600/200/300mg,Tablet - FDC,30,8922,149265.06,16.73,0.56,Mylan (formerly Matrix) Nashik,True,973.0,4466.99,246.29
7668,83571,104-CI-T30,FPQ-8787,SO-41151,DN-2557,Côte d'Ivoire,PMO - US,From RDC,N/A - From RDC,Air,2011-11-11,2011-10-16,2012-04-16,2012-02-24,2012-02-24,ARV,Adult,SCMS from RDC,"Efavirenz/Emtricitabine/Tenofovir Disoproxil Fumarate 600/200/300mg, tablets, 30 Tabs",Efavirenz/Emtricitabine/Tenofovir Disoproxil Fumarate,Generic,600/200/300mg,Tablet - FDC,30,7140,119452.2,16.73,0.56,Mylan (formerly Matrix) Nashik,True,779.0,4646.13,167.47
7669,83572,151-NG-T30,FPQ-8952,SO-41263,DN-2564,Nigeria,PMO - US,From RDC,N/A - From RDC,Air Charter,2011-12-08,2011-12-20,2012-06-20,2012-02-16,2012-02-16,ARV,Adult,SCMS from RDC,"Lamivudine/Zidovudine 150/300mg, tablets, 60 Tabs",Lamivudine/Zidovudine,Generic,150/300mg,Tablet - FDC,60,99995,825958.7,8.26,0.14,"Aurobindo Unit III, India",True,11636.0,25231.96,1157.99
7670,83573,151-NG-T30,FPQ-8952,SO-41263,DN-2564,Nigeria,PMO - US,From RDC,N/A - From RDC,Air Charter,2011-12-08,2011-12-20,2012-06-20,2012-02-16,2012-02-16,ARV,Adult,SCMS from RDC,"Lamivudine/Zidovudine 150/300mg, tablets, 60 Tabs",Lamivudine/Zidovudine,Generic,150/300mg,Tablet - FDC,60,15653,129293.78,8.26,0.14,"Cipla, Goa, India",False,668.5,12601.07,181.27
7671,83574,151-NG-T30,FPQ-8952,SO-41267,DN-2579,Nigeria,PMO - US,From RDC,N/A - From RDC,Air Charter,2011-12-08,2011-12-20,2012-06-20,2012-02-16,2012-02-16,ARV,Adult,SCMS from RDC,"Efavirenz 600mg, tablets, 30 Tabs",Efavirenz,Generic,600mg,Tablet,30,91166,375603.92,4.12,0.14,"Strides, Bangalore, India.",True,6073.0,25231.96,526.6
7672,83575,105-GY-T30,FPQ-8620,SO-41010,DN-2576,Guyana,PMO - US,From RDC,N/A - From RDC,Air,2011-10-27,2011-09-30,2012-03-30,2012-03-19,2012-03-19,ARV,Adult,SCMS from RDC,"Abacavir 300mg, tablets, 60 Tabs",Abacavir,Generic,300mg,Tablet,60,127,1858.01,14.63,0.24,Mylan (formerly Matrix) Nashik,True,25.0,211.0,2.6
7673,83576,111-MZ-T30,FPQ-8157,SO-40381,DN-2590,Mozambique,PMO - US,From RDC,N/A - From RDC,Truck,2011-08-04,2011-11-07,2012-05-07,2012-05-24,2012-05-24,ARV,Adult,SCMS from RDC,"Lamivudine/Nevirapine/Zidovudine 150/200/300mg, tablets, 60 Tabs",Lamivudine/Nevirapine/Zidovudine,Generic,150/300/200mg,Tablet - FDC,60,20000,224400.0,11.22,0.19,Mylan (formerly Matrix) Nashik,False,2292.5,5192.68,370.26
7674,83577,102-BI-T30,FPQ-9229,SO-41540,DN-2595,Burundi,PMO - US,From RDC,N/A - From RDC,Air,2012-01-25,2011-10-26,2012-04-26,2012-04-09,2012-04-09,ARV,Pediatric,SCMS from RDC,"Zidovudine 10mg/ml, oral solution w/syringe, Bottle, 240 ml",Zidovudine,Generic,10mg/ml,Oral solution,240,180,378.0,2.1,0.01,"Aurobindo Unit III, India",True,327.0,5320.13,0.53
7675,83578,113-ZW-T30,FPQ-7560,SO-39470,DN-2604,Zimbabwe,PMO - US,From RDC,N/A - From RDC,Truck,2011-04-26,2011-10-18,2012-04-18,2012-04-10,2012-04-10,ARV,Adult,SCMS from RDC,"Zidovudine 300mg, tablets, 60 Tabs",Zidovudine,Generic,300mg,Tablet,60,31263,219466.26,7.02,0.12,Hetero Unit III Hyderabad IN,True,1616.0,3489.53,362.12
7676,83579,110-ZM-T30,FPQ-8476,SO-40953,DN-2608,Zambia,PMO - US,From RDC,N/A - From RDC,Truck,2011-09-27,2011-11-15,2012-05-15,2012-04-16,2012-04-16,ARV,Adult,SCMS from RDC,"Lamivudine/Nevirapine/Stavudine 150/200/30mg, tablets, 60 Tabs",Lamivudine/Nevirapine/Stavudine,Generic,150/200/30mg,Tablet - FDC,60,50000,269000.0,5.38,0.09,"Strides, Bangalore, India.",True,10381.0,8510.81,443.85
7677,83580,114-UG-T30,FPQ-8522,SO-40931,DN-2607,Uganda,PMO - US,From RDC,N/A - From RDC,Truck,2011-10-05,2011-11-16,2012-05-16,2012-03-27,2012-03-27,ARV,Adult,SCMS from RDC,"Lamivudine/Nevirapine/Zidovudine 150/200/300mg, tablets, 60 Tabs",Lamivudine/Nevirapine/Zidovudine,Generic,150/300/200mg,Tablet - FDC,60,71568,787248.0,11.0,0.18,"Strides, Bangalore, India.",True,11441.0,55175.61,1298.96
7678,83581,111-MZ-T30,FPQ-8157,SO-40390,DN-2616,Mozambique,PMO - US,From RDC,N/A - From RDC,Truck,2011-08-04,2011-11-07,2012-05-07,2012-05-10,2012-05-10,ARV,Adult,SCMS from RDC,"Lamivudine/Nevirapine/Zidovudine 150/200/300mg, tablets, 60 Tabs",Lamivudine/Nevirapine/Zidovudine,Generic,150/300/200mg,Tablet - FDC,60,100000,1122000.0,11.22,0.19,"Cipla, Goa, India",False,9389.5,5192.68,1851.3
7679,83583,113-ZW-T30,FPQ-8464,SO-40860,DN-2621,Zimbabwe,PMO - US,From RDC,N/A - From RDC,Truck,2011-10-04,2011-10-17,2012-04-17,2012-05-07,2012-05-07,ARV,Adult,SCMS from RDC,"Nevirapine 200mg, tablets, 60 Tabs",Nevirapine,Generic,200mg,Tablet,60,52164,134583.12,2.58,0.04,"Aurobindo Unit VII, IN",True,12347.0,16978.83,222.06
7680,83584,110-ZM-T30,FPQ-8476,SO-40955,DN-2624,Zambia,PMO - US,From RDC,N/A - From RDC,Truck,2011-09-27,2011-11-15,2012-05-15,2012-04-30,2012-04-30,ARV,Adult,SCMS from RDC,"Lamivudine/Zidovudine 150/300mg, tablets, 60 Tabs",Lamivudine/Zidovudine,Generic,150/300mg,Tablet - FDC,60,152458,1219664.0,8.0,0.13,Mylan (formerly Matrix) Nashik,True,28103.0,36650.58,2012.45
7681,83585,107-RW-T30,FPQ-8372,SO-40970,DN-2627,Rwanda,PMO - US,From RDC,N/A - From RDC,Air,2011-10-19,2012-02-09,2012-08-09,2012-04-17,2012-04-17,ARV,Pediatric,SCMS from RDC,"Efavirenz 50mg, capsule, 30 Caps",Efavirenz,Generic,50mg,Capsule,30,1092,2446.08,2.24,0.07,"Aurobindo Unit III, India",True,7.0,805.58,4.04
7682,83586,109-TZ-T30,FPQ-8303,SO-40501,DN-2632,Tanzania,PMO - US,From RDC,N/A - From RDC,Truck,2011-08-22,2011-11-30,2012-05-31,2012-05-16,2012-05-16,ARV,Pediatric,SCMS from RDC,"Lamivudine/Nevirapine/Stavudine 30/50/6mg, dispersible tablets, 60 Tabs",Lamivudine/Nevirapine/Stavudine,Generic,30/50/6mg,Chewable/dispersible tablet - FDC,60,15855,39478.95,2.49,0.04,"Cipla, Goa, India",True,1380.0,4553.1,65.14
7683,83587,102-BI-T30,FPQ-9229,SO-41531,DN-2636,Burundi,PMO - US,From RDC,N/A - From RDC,Air,2012-01-25,2011-10-26,2012-04-26,2012-05-04,2012-05-04,ARV,Adult,SCMS from RDC,"Lamivudine/Zidovudine 150/300mg, tablets, 60 Tabs",Lamivudine/Zidovudine,Generic,150/300mg,Tablet - FDC,60,1728,13824.0,8.0,0.13,Hetero Unit III Hyderabad IN,True,668.5,3544.4849999999997,19.38
7684,83588,102-DO-T30,FPQ-9676,SO-41870,DN-2639,Dominican Republic,PMO - US,From RDC,N/A - From RDC,Air,2012-04-09,2011-11-21,2012-05-21,2012-05-16,2012-05-16,ARV,Adult,SCMS from RDC,"Abacavir 300mg, tablets, 60 Tabs",Abacavir,Generic,300mg,Tablet,60,1850,24327.5,13.15,0.22,Mylan (formerly Matrix) Nashik,True,630.0,7519.8,34.11
7685,83589,102-LY-T30,FPQ-9665,SO-41890,DN-2640,Libya,PMO - US,From RDC,N/A - From RDC,Air,2012-04-04,2011-12-06,2012-06-06,2012-05-08,2012-05-08,ARV,Adult,SCMS from RDC,"Abacavir 300mg, tablets, 60 Tabs",Abacavir,Generic,300mg,Tablet,60,4250,55887.5,13.15,0.22,Mylan (formerly Matrix) Nashik,True,437.0,3062.18,78.35
7686,83590,104-CI-T30,FPQ-8790,SO-41200,DN-2652,Côte d'Ivoire,PMO - US,From RDC,N/A - From RDC,Air,2011-11-11,2011-11-30,2012-05-30,2012-05-30,2012-05-30,ARV,Adult,SCMS from RDC,"Abacavir 300mg, tablets, 60 Tabs",Abacavir,Generic,300mg,Tablet,60,9995,131434.25,13.15,0.22,"Aurobindo Unit III, India",False,668.5,4063.81,184.27
7687,83591,111-MZ-T30,FPQ-9506,SO-41760,DN-2663,Mozambique,PMO - US,From RDC,N/A - From RDC,Truck,2012-03-16,2012-01-03,2012-07-03,2012-06-28,2012-06-28,ARV,Adult,SCMS from RDC,"Lamivudine/Nevirapine/Zidovudine 150/200/300mg, tablets, 60 Tabs",Lamivudine/Nevirapine/Zidovudine,Generic,150/300/200mg,Tablet - FDC,60,200000,2058000.0,10.29,0.17,Mylan (formerly Matrix) Nashik,False,28580.0,5192.68,2885.32
7688,83592,114-UG-T30,FPQ-9875,SO-42070,DN-2676,Uganda,PMO - US,From RDC,N/A - From RDC,Truck,2012-05-09,2012-01-04,2012-07-04,2012-06-08,2012-06-08,ARV,Adult,SCMS from RDC,"Nevirapine 200mg, tablets, 60 Tabs",Nevirapine,Generic,200mg,Tablet,60,8333,20332.52,2.44,0.04,"Strides, Bangalore, India.",True,479.0,4358.72,28.51
7689,83593,113-ZW-T30,FPQ-8464,SO-40901,DN-2695,Zimbabwe,PMO - US,From RDC,N/A - From RDC,Truck,2011-10-04,2012-06-11,2012-12-11,2012-06-27,2012-06-27,ARV,Adult,SCMS from RDC,"Lamivudine/Nevirapine/Zidovudine 150/200/300mg, tablets, 60 Tabs",Lamivudine/Nevirapine/Zidovudine,Generic,150/300/200mg,Tablet - FDC,60,11574,119096.46,10.29,0.17,Mylan (formerly Matrix) Nashik,False,793.0,6721.705,196.51
7690,83594,104-CI-T30,FPQ-9261,SO-41470,DN-2699,Côte d'Ivoire,PMO - US,From RDC,N/A - From RDC,Air Charter,2012-01-30,2012-01-02,2012-07-02,2012-06-15,2012-06-15,ARV,Adult,SCMS from RDC,"Abacavir/Lamivudine 600/300mg, scored tablets, 30 Tabs",Abacavir/Lamivudine,Generic,600/300mg,Tablet - FDC,30,2340,52650.0,22.5,0.75,Mylan (formerly Matrix) Nashik,True,263.0,2330.21,73.82
7691,83595,151-NG-T30,FPQ-8952,SO-41258,DN-2707,Nigeria,PMO - US,From RDC,N/A - From RDC,Air Charter,2011-12-08,2011-12-20,2012-06-20,2012-06-03,2012-06-03,ARV,Adult,SCMS from RDC,"Emtricitabine/Tenofovir Disoproxil Fumarate 200/300mg, tablets, 30 Tabs",Emtricitabine/Tenofovir Disoproxil Fumarate,Generic,200/300mg,Tablet - FDC,30,8257,66386.28,8.04,0.27,"Aurobindo Unit III, India",True,814.0,17090.0,93.07
7692,83596,104-CI-T30,FPQ-9063,SO-41350,DN-2713,Côte d'Ivoire,PMO - US,From RDC,N/A - From RDC,Truck,2011-12-21,2012-01-16,2012-07-16,2012-06-18,2012-06-18,ARV,Adult,SCMS from RDC,"Tenofovir Disoproxil Fumarate 300mg, tablets, 30 Tabs",Tenofovir Disoproxil Fumarate,Generic,300mg,Tablet,30,4000,22000.0,5.5,0.18,"Aurobindo Unit III, India",True,372.0,2333.91,30.84
7693,83597,104-CI-T30,FPQ-8790,SO-41182,DN-2716,Côte d'Ivoire,PMO - US,From RDC,N/A - From RDC,Air,2011-11-11,2012-01-16,2012-07-16,2012-07-03,2012-07-03,ARV,Adult,SCMS from RDC,"Abacavir/Lamivudine/Zidovudine 300/150/300mg, tablets, 60 Tabs",Abacavir/Lamivudine/Zidovudine,Generic,300/150/300mg,Tablet - FDC,60,1200,36000.0,30.0,0.5,Mylan (formerly Matrix) Nashik,True,464.0,2394.27,50.47
7694,83598,111-MZ-T30,FPQ-9506,SO-41780,DN-2717,Mozambique,PMO - US,From RDC,N/A - From RDC,Truck,2012-03-16,2012-02-07,2012-08-07,2012-07-24,2012-07-24,ARV,Adult,SCMS from RDC,"Lamivudine 150mg, tablets, 60 Tabs",Lamivudine,Generic,150mg,Tablet,60,2268,5284.44,2.33,0.04,"Strides, Bangalore, India.",True,741.0,5716.86,7.41
7695,83599,114-UG-T30,FPQ-9876,SO-42310,DN-2719,Uganda,PMO - US,From RDC,N/A - From RDC,Air,2012-05-15,2012-01-11,2012-07-11,2012-06-29,2012-06-29,ARV,Adult,SCMS from RDC,"Lopinavir/Ritonavir 200/50mg, tablets, 120 Tabs",Lopinavir/Ritonavir,Generic,200/50mg,Tablet,120,4001,118749.68,29.68,0.25,"Aurobindo Unit III, India",True,972.0,17102.56,166.49
7696,83600,151-NG-T30,FPQ-9432,SO-41682,DN-2729,Nigeria,PMO - US,From RDC,N/A - From RDC,Air Charter,2012-03-01,2012-02-02,2012-08-02,2012-07-09,2012-07-09,ARV,Adult,SCMS from RDC,"Efavirenz 600mg, tablets, 30 Tabs",Efavirenz,Generic,600mg,Tablet,30,840,3200.4,3.81,0.13,"Strides, Bangalore, India.",False,57.0,12601.07,4.49
7697,83601,110-ZM-T30,FPQ-9081,SO-41291,DN-2731,Zambia,PMO - US,From RDC,N/A - From RDC,Truck,2011-12-22,2012-01-30,2012-07-30,2012-07-30,2012-07-30,ARV,Adult,SCMS from RDC,"Efavirenz/Emtricitabine/Tenofovir Disoproxil Fumarate 600/200/300mg, tablets, 30 Tabs",Efavirenz/Emtricitabine/Tenofovir Disoproxil Fumarate,Generic,600/200/300mg,Tablet - FDC,30,190000,2857600.0,15.04,0.5,Mylan (formerly Matrix) Nashik,True,21534.0,13914.56,4006.36
7698,83622,106-HT-T30,FPQ-10378,SO-43020,DN-2854,Haiti,PMO - US,From RDC,N/A - From RDC,Air,2012-08-13,2012-03-28,2012-09-28,2012-09-11,2012-09-11,ARV,Pediatric,SCMS from RDC,"Zidovudine 10mg/ml, oral solution w/syringe, Bottle, 240 ml",Zidovudine,Generic,10mg/ml,Oral solution,240,4000,8400.0,2.1,0.01,"Aurobindo Unit III, India",True,1596.0,16840.67,11.78
7699,83602,107-RW-T30,FPQ-9888,SO-42101,DN-2736,Rwanda,PMO - US,From RDC,N/A - From RDC,Air,2012-05-11,2012-03-03,2012-09-03,2012-07-12,2012-07-12,ARV,Adult,SCMS from RDC,"Lamivudine/Tenofovir Disoproxil Fumarate 300/300mg, tablets, 30 Tabs",Lamivudine/Tenofovir Disoproxil Fumarate,Generic,300/300mg,Tablet - FDC,30,35000,193900.0,5.54,0.18,Mylan (formerly Matrix) Nashik,True,2657.0,14332.0,271.85
7700,83603,111-MZ-T30,FPQ-9506,SO-41750,DN-2739,Mozambique,PMO - US,From RDC,N/A - From RDC,Truck,2012-03-16,2012-04-02,2012-10-02,2012-08-22,2012-08-22,ARV,Adult,SCMS from RDC,"Zidovudine 300mg, tablets, 60 Tabs",Zidovudine,Generic,300mg,Tablet,60,24530,172200.6,7.02,0.12,Mylan (formerly Matrix) Nashik,True,1380.0,6483.81,241.43
7701,83604,104-CI-T30,FPQ-8790,SO-41191,DN-2754,Côte d'Ivoire,PMO - US,From RDC,N/A - From RDC,Air,2011-11-11,2012-01-31,2012-07-31,2012-07-31,2012-07-31,ARV,Adult,SCMS from RDC,"Lamivudine/Nevirapine/Zidovudine 150/200/300mg, tablets, 60 Tabs",Lamivudine/Nevirapine/Zidovudine,Generic,150/300/200mg,Tablet - FDC,60,20000,196200.0,9.81,0.16,"Strides, Bangalore, India.",False,2292.5,4063.81,275.07
7702,83605,107-RW-T30,FPQ-10118,SO-42690,DN-2759,Rwanda,PMO - US,From RDC,N/A - From RDC,Air,2012-06-18,2012-02-16,2012-08-16,2012-08-16,2012-08-16,ARV,Adult,SCMS from RDC,"Tenofovir Disoproxil Fumarate 300mg, tablets, 30 Tabs",Tenofovir Disoproxil Fumarate,Generic,300mg,Tablet,30,720,3470.4,4.82,0.16,Mylan (formerly Matrix) Nashik,True,49.0,1110.19,4.87
7703,83606,109-TZ-T30,FPQ-9271,SO-41580,DN-2761,Tanzania,PMO - US,From RDC,N/A - From RDC,Truck,2012-01-31,2012-02-29,2012-08-31,2012-08-22,2012-08-22,ARV,Adult,SCMS from RDC,"Lopinavir/Ritonavir 200/50mg, tablets, 120 Tabs",Lopinavir/Ritonavir,Generic,200/50mg,Tablet,120,25024,733453.44,29.31,0.24,Mylan (formerly Matrix) Nashik,True,30606.0,9601.38,1028.3
7704,83607,151-NG-T30,FPQ-9432,SO-42803,DN-2769,Nigeria,PMO - US,From RDC,N/A - From RDC,Air Charter,2012-03-01,2012-02-02,2012-08-02,2012-07-24,2012-07-24,ARV,Adult,SCMS from RDC,"Lamivudine/Tenofovir Disoproxil Fumarate 300/300mg, tablets, 30 Tabs",Lamivudine/Tenofovir Disoproxil Fumarate,Generic,300/300mg,Tablet - FDC,30,1161,6431.94,5.54,0.18,"Cipla, Kurkumbh, India",True,2566.0,16532.5,9.02
7705,83608,151-NG-T30,FPQ-9432,SO-42806,DN-2773,Nigeria,PMO - US,From RDC,N/A - From RDC,Air Charter,2012-03-01,2012-02-02,2012-08-02,2012-07-24,2012-07-24,ARV,Adult,SCMS from RDC,"Nevirapine 200mg, tablets, 60 Tabs",Nevirapine,Generic,200mg,Tablet,60,50000,125500.0,2.51,0.04,Mylan (formerly Matrix) Nashik,True,14810.0,16532.5,175.95
7706,83609,900-UG-T30,FPQ-10048,SO-42570,DN-2781,Uganda,PMO - US,From RDC,N/A - From RDC,Air,2012-06-06,2012-04-30,2012-10-30,2012-10-30,2012-10-30,ARV,Adult,SCMS from RDC,"Lamivudine/Tenofovir Disoproxil Fumarate 300/300mg, tablets, 30 Tabs",Lamivudine/Tenofovir Disoproxil Fumarate,Generic,300/300mg,Tablet - FDC,30,39600,219384.0,5.54,0.18,Mylan (formerly Matrix) Nashik,False,11583.5,2485.92,307.58
7707,83610,107-RW-T30,FPQ-10119,SO-42730,DN-2783,Rwanda,PMO - US,From RDC,N/A - From RDC,Air,2012-06-18,2012-03-28,2012-09-28,2012-08-17,2012-08-17,ARV,Adult,SCMS from RDC,"Lamivudine/Zidovudine 150/300mg, tablets, 60 Tabs",Lamivudine/Zidovudine,Generic,150/300mg,Tablet - FDC,60,29880,232466.4,7.78,0.13,"Aurobindo Unit III, India",True,2699.0,16152.0,325.92
7708,83611,151-NG-T30,FPQ-9432,SO-42806,DN-2773,Nigeria,PMO - US,From RDC,N/A - From RDC,Air Charter,2012-03-01,2012-02-02,2012-08-02,2012-07-24,2012-07-24,ARV,Adult,SCMS from RDC,"Nevirapine 200mg, tablets, 60 Tabs",Nevirapine,Generic,200mg,Tablet,60,79235,198879.85,2.51,0.04,"Aurobindo Unit III, India",False,668.5,12601.07,278.83
7709,83612,107-RW-T30,FPQ-10119,SO-42701,DN-2801,Rwanda,PMO - US,From RDC,N/A - From RDC,Air,2012-06-18,2012-04-03,2012-10-03,2012-08-17,2012-08-17,ARV,Adult,SCMS from RDC,"Lamivudine/Stavudine 150/30mg, tablets, 60 Tabs",Lamivudine/Stavudine,Generic,150/30mg,Tablet - FDC,60,7300,21535.0,2.95,0.05,"Strides, Bangalore, India.",True,375.0,2719.63,30.19
7710,83613,113-ZW-T30,FPQ-8464,SO-40902,DN-2803,Zimbabwe,PMO - US,From RDC,N/A - From RDC,Truck,2011-10-04,2012-06-11,2012-12-11,2012-09-04,2012-09-04,ARV,Adult,SCMS from RDC,"Nevirapine 200mg, tablets, 60 Tabs",Nevirapine,Generic,200mg,Tablet,60,58074,140539.08,2.42,0.04,Hetero Unit III Hyderabad IN,True,4687.0,8832.53,231.89
7711,83614,113-ZW-T30,FPQ-8464,SO-40900,DN-2804,Zimbabwe,PMO - US,From RDC,N/A - From RDC,Truck,2011-10-04,2012-06-11,2012-12-11,2012-09-04,2012-09-04,ARV,Adult,SCMS from RDC,"Lamivudine/Stavudine 150/30mg, tablets, 60 Tabs",Lamivudine/Stavudine,Generic,150/30mg,Tablet - FDC,60,7150,21092.5,2.95,0.05,"Strides, Bangalore, India.",False,2778.0,6721.705,34.8
7712,83615,107-RW-T30,FPQ-9888,SO-42170,DN-2807,Rwanda,PMO - US,From RDC,N/A - From RDC,Air,2012-05-11,2012-02-29,2012-08-31,2012-08-21,2012-08-21,ARV,Pediatric,SCMS from RDC,"Nevirapine 10mg/ml, oral suspension w/syringe, Bottle, 240 ml",Nevirapine,Generic,10mg/ml,Oral suspension,240,33792,65894.4,1.95,0.01,"Aurobindo Unit III, India",True,12605.0,72991.45,92.38
7713,83616,104-CI-T30,FPQ-9261,SO-41490,DN-2809,Côte d'Ivoire,PMO - US,From RDC,N/A - From RDC,Truck,2012-01-30,2012-03-17,2012-09-17,2012-08-27,2012-08-27,ARV,Adult,SCMS from RDC,"Lopinavir/Ritonavir 200/50mg, tablets, 120 Tabs",Lopinavir/Ritonavir,Generic,200/50mg,Tablet,120,25597,750248.07,29.31,0.24,Mylan (formerly Matrix) Nashik,True,9790.0,20786.04,1051.85
7714,83617,102-CD-T30,FPQ-9906,SO-42340,DN-2812,"Congo, DRC",PMO - US,From RDC,N/A - From RDC,Air,2012-05-15,2012-08-14,2013-02-14,2013-02-14,2013-02-14,ARV,Adult,SCMS from RDC,"Zidovudine 300mg, tablets, 60 Tabs",Zidovudine,Generic,300mg,Tablet,60,6369,43054.44,6.76,0.11,"Aurobindo Unit III, India",False,668.5,2346.5699999999997,60.36
7715,83618,102-CD-T30,FPQ-9906,SO-42340,DN-2812,"Congo, DRC",PMO - US,From RDC,N/A - From RDC,Air,2012-05-15,2012-08-14,2013-02-14,2013-02-14,2013-02-14,ARV,Adult,SCMS from RDC,"Lamivudine/Tenofovir Disoproxil Fumarate 300/300mg, tablets, 30 Tabs",Lamivudine/Tenofovir Disoproxil Fumarate,Generic,300/300mg,Tablet - FDC,30,369,1977.84,5.36,0.18,Mylan (formerly Matrix) Nashik,False,103.0,2346.5699999999997,2.77
7716,83619,102-CD-T30,FPQ-9906,SO-42340,DN-2812,"Congo, DRC",PMO - US,From RDC,N/A - From RDC,Air,2012-05-15,2012-08-14,2013-02-14,2013-02-14,2013-02-14,ARV,Pediatric,SCMS from RDC,"Nevirapine 10mg/ml, oral suspension w/syringe, Bottle, 240 ml",Nevirapine,Generic,10mg/ml,Oral suspension,240,6172,12035.4,1.95,0.01,"Aurobindo Unit III, India",False,668.5,2346.5699999999997,16.87
7717,83620,103-ZW-T30,FPQ-9907,SO-42240,DN-2826,Zimbabwe,PMO - US,From RDC,N/A - From RDC,Truck,2012-05-15,2012-02-29,2012-08-31,2012-09-11,2012-09-11,ARV,Pediatric,SCMS from RDC,"Abacavir 20mg/ml, oral solution w/syringe, Bottle, 240 ml",Abacavir,Generic,20mg/ml,Oral solution,240,100,1250.0,12.5,0.05,"Aurobindo Unit III, India",True,37.0,588.71,1.75
7718,83621,110-ZM-T30,FPQ-9472,SO-41700,DN-2847,Zambia,PMO - US,From RDC,N/A - From RDC,Truck,2012-03-08,2012-03-28,2012-09-28,2012-09-07,2012-09-07,ARV,Adult,SCMS from RDC,"Efavirenz/Emtricitabine/Tenofovir Disoproxil Fumarate 600/200/300mg, tablets, 30 Tabs",Efavirenz/Emtricitabine/Tenofovir Disoproxil Fumarate,Generic,600/200/300mg,Tablet - FDC,30,60000,902400.0,15.04,0.5,Mylan (formerly Matrix) Nashik,True,6801.0,7317.47,1265.16
7719,83623,900-SS-T30,FPQ-10514,SO-43050,DN-2857,South Sudan,PMO - US,From RDC,N/A - From RDC,Air,2012-08-17,2012-04-18,2012-10-18,2012-10-03,2012-10-03,ARV,Pediatric,SCMS from RDC,"Nevirapine 10mg/ml, oral suspension w/syringe, Bottle, 240 ml",Nevirapine,Generic,10mg/ml,Oral suspension,240,4320,8424.0,1.95,0.01,"Aurobindo Unit III, India",True,1624.0,15446.4,11.81
7720,83625,104-CI-T30,FPQ-9749,SO-42383,DN-2869,Côte d'Ivoire,PMO - US,From RDC,N/A - From RDC,Truck,2012-04-19,2012-05-30,2012-11-30,2012-10-05,2012-10-05,ARV,Adult,SCMS from RDC,"Tenofovir Disoproxil Fumarate 300mg, tablets, 30 Tabs",Tenofovir Disoproxil Fumarate,Generic,300mg,Tablet,30,2832,13650.24,4.82,0.16,Mylan (formerly Matrix) Nashik,True,159.0,1984.83,19.14
7721,83626,900-SS-T30,FPQ-10514,SO-43060,DN-2871,South Sudan,PMO - US,From RDC,N/A - From RDC,Air,2012-08-17,2012-05-30,2012-11-30,2012-11-30,2012-11-30,ARV,Adult,SCMS from RDC,"Lamivudine/Zidovudine 150/300mg, tablets, 60 Tabs",Lamivudine/Zidovudine,Generic,150/300mg,Tablet - FDC,60,300,2316.0,7.72,0.13,Mylan (formerly Matrix) Nashik,True,39.0,742.98,3.25
7722,83627,109-TZ-T30,FPQ-9774,SO-42660,DN-2874,Tanzania,PMO - US,From RDC,N/A - From RDC,Truck,2012-05-02,2012-04-18,2012-10-18,2012-10-31,2012-10-31,ARV,Adult,SCMS from RDC,"Efavirenz/Emtricitabine/Tenofovir Disoproxil Fumarate 600/200/300mg, tablets, 30 Tabs",Efavirenz/Emtricitabine/Tenofovir Disoproxil Fumarate,Generic,600/200/300mg,Tablet - FDC,30,152880,2198414.4,14.38,0.48,Mylan (formerly Matrix) Nashik,True,17227.0,7134.39,3082.18
7723,83628,114-UG-T30,FPQ-9875,SO-42061,DN-2875,Uganda,PMO - US,From RDC,N/A - From RDC,Air,2012-05-09,2012-04-17,2012-10-17,2012-10-11,2012-10-11,ARV,Adult,SCMS from RDC,"Efavirenz 600mg, tablets, 30 Tabs",Efavirenz,Generic,600mg,Tablet,30,33373,121477.72,3.64,0.12,"Aurobindo Unit III, India",True,2870.0,14974.6,170.31
7724,83629,102-ZW-T30,FPQ-9927,SO-42302,DN-2881,Zimbabwe,PMO - US,From RDC,N/A - From RDC,Truck,2012-05-15,2012-04-30,2012-10-31,2012-10-18,2012-10-18,ARV,Adult,SCMS from RDC,"Lamivudine/Zidovudine 150/300mg, tablets, 60 Tabs",Lamivudine/Zidovudine,Generic,150/300mg,Tablet - FDC,60,69990,540322.8,7.72,0.13,"Cipla, Goa, India",True,6408.0,0.0,757.53
7725,83630,109-TZ-T30,FPQ-9774,SO-42650,DN-2883,Tanzania,PMO - US,From RDC,N/A - From RDC,Truck,2012-05-02,2012-05-30,2012-11-30,2012-10-31,2012-10-31,ARV,Adult,SCMS from RDC,"Lopinavir/Ritonavir 200/50mg, tablets, 120 Tabs",Lopinavir/Ritonavir,Generic,200/50mg,Tablet,120,22920,611964.0,26.7,0.22,Mylan (formerly Matrix) Nashik,True,12181.0,7134.39,857.97
7726,83631,109-TZ-T30,FPQ-9303,SO-41551,DN-2889,Tanzania,PMO - US,From RDC,N/A - From RDC,Truck,2012-02-15,2012-05-30,2012-11-30,2012-11-06,2012-11-06,ARV,Pediatric,SCMS from RDC,"Lamivudine/Nevirapine/Stavudine 60/100/12mg, dispersible tablets, 60 Tabs",Lamivudine/Nevirapine/Stavudine,Generic,60/100/12mg,Chewable/dispersible tablet - FDC,60,844,3629.2,4.3,0.07,"Cipla, Goa, India",True,466.0,1696.0,5.09
7727,83632,151-NG-T30,FPQ-9968,SO-42682,DN-2901,Nigeria,PMO - US,From RDC,N/A - From RDC,Air,2012-05-23,2012-05-06,2012-11-06,2012-11-06,2012-11-06,ARV,Adult,SCMS from RDC,"Lamivudine/Tenofovir Disoproxil Fumarate 300/300mg, tablets, 30 Tabs",Lamivudine/Tenofovir Disoproxil Fumarate,Generic,300/300mg,Tablet - FDC,30,41514,222515.04,5.36,0.18,"Cipla, Kurkumbh, India",True,4052.0,15459.09,311.97
7728,83633,151-NG-T30,FPQ-9968,SO-42684,DN-2903,Nigeria,PMO - US,From RDC,N/A - From RDC,Air,2012-05-23,2012-05-06,2012-11-06,2012-11-06,2012-11-06,ARV,Adult,SCMS from RDC,"Efavirenz/Lamivudine/Tenofovir Disoproxil Fumarate 600/300/300mg, tablets, 30 Tabs",Efavirenz/Lamivudine/Tenofovir Disoproxil Fumarate,Generic,600/300/300mg,Tablet - FDC,30,31560,418801.2,13.27,0.44,Mylan (formerly Matrix) Nashik,True,3856.0,15459.09,587.16
7729,83634,151-NG-T30,FPQ-9968,SO-42689,DN-2908,Nigeria,PMO - US,From RDC,N/A - From RDC,Air,2012-05-23,2012-05-06,2012-11-06,2012-11-06,2012-11-06,ARV,Adult,SCMS from RDC,"Abacavir 300mg, tablets, 60 Tabs",Abacavir,Generic,300mg,Tablet,60,11837,153407.52,12.96,0.22,Mylan (formerly Matrix) Nashik,True,1319.0,15459.09,215.08
7730,83635,103-ZW-T30,FPQ-9907,SO-42270,DN-2914,Zimbabwe,PMO - US,From RDC,N/A - From RDC,Truck,2012-05-15,2012-05-19,2012-11-19,2012-11-19,2012-11-19,ARV,Pediatric,SCMS from RDC,"Lamivudine/Zidovudine 30/60mg, tablets, 60 Tabs",Lamivudine/Zidovudine,Generic,30/60mg,Tablet - FDC,60,19733,54463.08,2.76,0.05,"Aurobindo Unit III, India",False,668.5,6721.705,76.36
7731,83636,114-UG-T30,FPQ-10780,SO-43480,DN-2927,Uganda,PMO - US,From RDC,N/A - From RDC,Air,2012-10-10,2012-07-03,2013-01-03,2012-11-28,2012-11-28,ARV,Adult,SCMS from RDC,"Efavirenz 600mg, tablets, 30 Tabs",Efavirenz,Generic,600mg,Tablet,30,4938,17974.32,3.64,0.12,"Aurobindo Unit III, India",True,430.0,2154.0,25.2
7732,83637,111-MZ-T30,FPQ-10210,SO-42850,DN-2928,Mozambique,PMO - US,From RDC,N/A - From RDC,Truck,2012-06-28,2012-07-11,2013-01-11,2013-01-11,2013-01-11,ARV,Adult,SCMS from RDC,"Nevirapine 200mg, tablets, 60 Tabs",Nevirapine,Generic,200mg,Tablet,60,1890,4573.8,2.42,0.04,"Aurobindo Unit III, India",True,4145.0,7433.02,6.41
7733,83638,106-HT-T30,FPQ-10883,SO-43610,DN-2933,Haiti,PMO - US,From RDC,N/A - From RDC,Air,2012-10-30,2012-06-03,2012-12-03,2012-11-16,2012-11-16,ARV,Adult,SCMS from RDC,"Efavirenz 600mg, tablets, 30 Tabs",Efavirenz,Generic,600mg,Tablet,30,19656,71547.84,3.64,0.12,"Aurobindo Unit III, India",True,1679.0,18028.41,88.5
7734,83639,103-ZW-T30,FPQ-9907,SO-42220,DN-2942,Zimbabwe,PMO - US,From RDC,N/A - From RDC,Truck,2012-05-15,2012-06-14,2012-12-14,2012-12-11,2012-12-11,ARV,Pediatric,SCMS from RDC,"Lamivudine/Nevirapine/Zidovudine 30/50/60mg, dispersible tablets, 60 Tabs",Lamivudine/Nevirapine/Zidovudine,Generic,30/50/60mg,Chewable/dispersible tablet - FDC,60,135933,564121.95,4.15,0.07,Mylan (formerly Matrix) Nashik,False,668.5,6721.705,790.9
7735,83640,151-NG-T30,FPQ-9968,SO-43432,DN-2943,Nigeria,PMO - US,From RDC,N/A - From RDC,Air,2012-05-23,2012-06-04,2012-12-04,2012-12-04,2012-12-04,ARV,Adult,SCMS from RDC,"Lamivudine/Zidovudine 150/300mg, tablets, 60 Tabs",Lamivudine/Zidovudine,Generic,150/300mg,Tablet - FDC,60,187168,1444936.96,7.72,0.13,"Aurobindo Unit III, India",True,18234.0,51090.0,2025.8
7736,83641,104-CI-T30,FPQ-9749,SO-42390,DN-2935,Côte d'Ivoire,PMO - US,From RDC,N/A - From RDC,Truck,2012-04-19,2012-06-14,2012-12-14,2012-11-30,2012-11-30,ARV,Adult,SCMS from RDC,"Lamivudine/Zidovudine 150/300mg, tablets, 60 Tabs",Lamivudine/Zidovudine,Generic,150/300mg,Tablet - FDC,60,90000,694800.0,7.72,0.13,Mylan (formerly Matrix) Nashik,True,10611.0,38492.46,974.11
7737,83642,151-NG-T30,FPQ-9968,SO-42680,DN-2947,Nigeria,PMO - US,From RDC,N/A - From RDC,Air,2012-05-23,2012-06-04,2012-12-04,2012-12-04,2012-12-04,ARV,Adult,SCMS from RDC,"Lamivudine/Nevirapine/Zidovudine 150/200/300mg, tablets, 60 Tabs",Lamivudine/Nevirapine/Zidovudine,Generic,150/300/200mg,Tablet - FDC,60,204417,1966491.54,9.62,0.16,Hetero Unit III Hyderabad IN,True,50634.0,51090.0,2757.02
7738,83643,114-UG-T30,FPQ-10556,SO-43190,DN-2951,Uganda,PMO - US,From RDC,N/A - From RDC,Air,2012-08-30,2012-08-01,2013-02-01,2013-02-01,2013-02-01,ARV,Adult,SCMS from RDC,"Lamivudine/Zidovudine 150/300mg, tablets, 60 Tabs",Lamivudine/Zidovudine,Generic,150/300mg,Tablet - FDC,60,1470,11348.4,7.72,0.13,Hetero Unit III Hyderabad IN,False,4998.5,2485.92,15.91
7739,83644,104-CI-T30,FPQ-9749,SO-42370,DN-2970,Côte d'Ivoire,PMO - US,From RDC,N/A - From RDC,Truck,2012-04-19,2012-07-31,2013-01-31,2012-01-25,2013-01-25,ARV,Adult,SCMS from RDC,"Lamivudine/Nevirapine/Zidovudine 150/200/300mg, tablets, 60 Tabs",Lamivudine/Nevirapine/Zidovudine,Generic,150/300/200mg,Tablet - FDC,60,9577,92130.74,9.62,0.16,"Aurobindo Unit III, India",True,6889.0,24138.35,129.17
7740,83645,113-ZW-T30,FPQ-10632,SO-43221,DN-2975,Zimbabwe,PMO - US,From RDC,N/A - From RDC,Truck,2012-09-11,2012-06-21,2012-12-21,2012-12-13,2012-12-13,ARV,Adult,SCMS from RDC,"Efavirenz 600mg, tablets, 30 Tabs",Efavirenz,Generic,600mg,Tablet,30,252,897.12,3.56,0.12,"Emcure Plot No.P-2, I.T-B.T. Park, Phase II, MIDC, Hinjwadi, Pune, India",False,17.0,6721.705,1.26
7741,83646,103-AO-T30,FPQ-11071,SO-43980,DN-2980,Angola,PMO - US,From RDC,N/A - From RDC,Air,2012-12-07,2012-11-20,2013-05-20,2013-05-20,2013-05-20,ARV,Pediatric,SCMS from RDC,"Abacavir 20mg/ml, oral solution w/syringe, Bottle, 240 ml",Abacavir,Generic,20mg/ml,Oral solution,240,480,6000.0,12.5,0.05,"Aurobindo Unit III, India",True,173.0,2322.47,7.42
7742,83647,101-CD-T30,FPQ-11054,SO-43680,DN-2981,"Congo, DRC",PMO - US,From RDC,N/A - From RDC,Air,2012-11-16,2013-03-11,2013-09-11,2013-09-11,2013-09-11,ARV,Adult,SCMS from RDC,"Lopinavir/Ritonavir 200/50mg, tablets, 120 Tabs",Lopinavir/Ritonavir,Generic,200/50mg,Tablet,120,159,3936.84,24.76,0.21,"Aurobindo Unit III, India",False,668.5,2346.5699999999997,4.87
7743,83648,151-NG-T30,FPQ-10477,SO-43043,DN-2995,Nigeria,PMO - US,From RDC,N/A - From RDC,Air Charter,2012-08-09,2012-08-11,2013-02-11,2013-02-11,2013-02-11,ARV,Adult,SCMS from RDC,"Efavirenz/Emtricitabine/Tenofovir Disoproxil Fumarate 600/200/300mg, tablets, 30 Tabs",Efavirenz/Emtricitabine/Tenofovir Disoproxil Fumarate,Generic,600/200/300mg,Tablet - FDC,30,98791,1352448.79,13.69,0.46,Mylan (formerly Matrix) Nashik,True,12135.0,29780.5,1896.13
7744,83649,151-NG-T30,FPQ-10477,SO-43046,DN-2998,Nigeria,PMO - US,From RDC,N/A - From RDC,Air Charter,2012-08-09,2012-08-11,2013-02-11,2013-02-11,2013-02-11,ARV,Adult,SCMS from RDC,"Tenofovir Disoproxil Fumarate 300mg, tablets, 30 Tabs",Tenofovir Disoproxil Fumarate,Generic,300mg,Tablet,30,7395,29875.8,4.04,0.13,Mylan (formerly Matrix) Nashik,True,779.0,29780.5,41.89
7745,83650,114-UG-T30,FPQ-11143,SO-43921,DN-2999,Uganda,PMO - US,From RDC,N/A - From RDC,Air,2012-12-13,2012-08-22,2013-02-22,2013-02-28,2013-02-28,ARV,Adult,SCMS from RDC,"Lamivudine/Nevirapine/Zidovudine 150/200/300mg, tablets, 60 Tabs",Lamivudine/Nevirapine/Zidovudine,Generic,150/300/200mg,Tablet - FDC,60,39792,356934.24,8.97,0.15,"Aurobindo Unit III, India",True,4658.0,41595.5,441.53
7746,83651,114-UG-T30,FPQ-11143,SO-43961,DN-3001,Uganda,PMO - US,From RDC,N/A - From RDC,Air,2012-12-13,2012-08-22,2013-02-22,2013-02-20,2013-02-20,ARV,Adult,SCMS from RDC,"Efavirenz 600mg, tablets, 30 Tabs",Efavirenz,Generic,600mg,Tablet,30,24966,88878.96,3.56,0.12,"Strides, Bangalore, India.",True,5391.0,28382.05,109.94
7747,83652,113-ZW-T30,FPQ-11514,SO-44330,DN-3007,Zimbabwe,PMO - US,From RDC,N/A - From RDC,Truck,2013-01-23,2012-08-21,2013-02-21,2013-02-04,2013-02-04,ARV,Pediatric,SCMS from RDC,"Nevirapine 10mg/ml, oral suspension w/syringe, Bottle, 240 ml",Nevirapine,Generic,10mg/ml,Oral suspension,240,62500,121875.0,1.95,0.01,"Aurobindo Unit III, India",True,23176.0,17308.69,150.76
7748,83653,104-CI-T30,FPQ-9749,SO-42374,DN-3010,Côte d'Ivoire,PMO - US,From RDC,N/A - From RDC,Truck,2012-04-19,2012-08-28,2013-02-28,2013-02-26,2013-02-26,ARV,Adult,SCMS from RDC,"Efavirenz/Lamivudine/Tenofovir Disoproxil Fumarate 600/300/300mg, tablets, 30 Tabs",Efavirenz/Lamivudine/Tenofovir Disoproxil Fumarate,Generic,600/300/300mg,Tablet - FDC,30,14406,174456.66,12.11,0.4,Mylan (formerly Matrix) Nashik,True,1639.0,7690.06,244.59
7749,83654,111-MZ-T30,FPQ-11033,SO-43760,DN-3012,Mozambique,PMO - US,From RDC,N/A - From RDC,Truck,2012-11-12,2012-10-01,2013-04-01,2013-03-22,2013-03-22,ARV,Adult,SCMS from RDC,"Nevirapine 200mg, tablets, 60 Tabs",Nevirapine,Generic,200mg,Tablet,60,1820,4204.2,2.31,0.04,Hetero Unit III Hyderabad IN,False,445.0,5192.68,5.2
7750,83655,106-HT-T30,FPQ-11281,SO-44410,DN-3014,Haiti,PMO - US,From RDC,N/A - From RDC,Air,2013-01-16,2012-10-09,2013-04-09,2013-01-03,2013-01-03,ARV,Pediatric,SCMS from RDC,"Lamivudine/Stavudine 30/6mg, dispersible tablets, 60 Tabs",Lamivudine/Stavudine,Generic,30/6mg,Chewable/dispersible tablet - FDC,60,888,1687.2,1.9,0.03,"Cipla, Goa, India",True,119.0,1896.49,2.09
7751,83656,106-HT-T30,FPQ-11281,SO-44420,DN-3016,Haiti,PMO - US,From RDC,N/A - From RDC,Air,2013-01-16,2012-10-23,2013-04-23,2013-03-14,2013-03-14,ARV,Adult,SCMS from RDC,"Efavirenz/Lamivudine/Tenofovir Disoproxil Fumarate 600/300/300mg, tablets, 30 Tabs",Efavirenz/Lamivudine/Tenofovir Disoproxil Fumarate,Generic,600/300/300mg,Tablet - FDC,30,15890,192427.9,12.11,0.4,Mylan (formerly Matrix) Nashik,True,1807.0,30844.1,238.03
7752,83657,113-ZW-T30,FPQ-10632,SO-43210,DN-3030,Zimbabwe,PMO - US,From RDC,N/A - From RDC,Truck,2012-09-11,2012-09-14,2013-03-14,2013-03-14,2013-03-14,ARV,Adult,SCMS from RDC,"Efavirenz 600mg, tablets, 30 Tabs",Efavirenz,Generic,600mg,Tablet,30,48960,163036.8,3.33,0.11,"Strides, Bangalore, India.",False,668.5,6721.705,228.58
7753,83658,113-ZW-T30,FPQ-10895,SO-43580,DN-3033,Zimbabwe,PMO - US,From RDC,N/A - From RDC,Truck,2012-10-25,2012-09-30,2013-03-31,2013-03-14,2013-03-14,ARV,Adult,SCMS from RDC,"Efavirenz 600mg, tablets, 30 Tabs",Efavirenz,Generic,600mg,Tablet,30,4800,15984.0,3.33,0.11,"Hetero, Jadcherla, unit 5, IN",True,3082.0,9405.8,19.77
7754,83659,114-UG-T30,FPQ-11143,SO-43920,DN-3035,Uganda,PMO - US,From RDC,N/A - From RDC,Air,2012-12-13,2012-09-15,2013-03-15,2013-03-01,2013-03-01,ARV,Adult,SCMS from RDC,"Abacavir/Lamivudine 600/300mg, scored tablets, 30 Tabs",Abacavir/Lamivudine,Generic,600/300mg,Tablet - FDC,30,5009,69925.64,13.96,0.47,Mylan (formerly Matrix) Nashik,True,467.0,6637.16,86.5
7755,83660,106-HT-T30,FPQ-11526,SO-44440,DN-3044,Haiti,PMO - US,From RDC,N/A - From RDC,Air,2013-01-30,2012-10-30,2013-04-30,2013-03-21,2013-03-21,ARV,Pediatric,SCMS from RDC,"Lamivudine/Nevirapine/Stavudine 30/50/6mg, dispersible tablets, 60 Tabs",Lamivudine/Nevirapine/Stavudine,Generic,30/50/6mg,Chewable/dispersible tablet - FDC,60,619,1423.7,2.3,0.04,"Cipla, Goa, India",False,668.5,2946.7200000000003,1.76
7756,83661,106-HT-T30,FPQ-11281,SO-44400,DN-3015,Haiti,PMO - US,From RDC,N/A - From RDC,Air,2013-01-16,2012-10-09,2013-04-09,2013-03-14,2013-03-14,ARV,Adult,SCMS from RDC,"Lopinavir/Ritonavir 200/50mg, tablets, 120 Tabs",Lopinavir/Ritonavir,Generic,200/50mg,Tablet,120,6160,152521.6,24.76,0.21,Mylan (formerly Matrix) Nashik,False,356.0,2946.7200000000003,188.67
7757,83662,106-HT-T30,FPQ-11281,SO-44400,DN-3015,Haiti,PMO - US,From RDC,N/A - From RDC,Air,2013-01-16,2012-10-09,2013-04-09,2013-03-14,2013-03-14,ARV,Pediatric,SCMS from RDC,"Nevirapine 10mg/ml, oral suspension w/syringe, Bottle, 240 ml",Nevirapine,Generic,10mg/ml,Oral suspension,240,1716,3346.2,1.95,0.01,"Aurobindo Unit III, India",False,668.5,2946.7200000000003,4.14
7758,83663,114-UG-T30,FPQ-11143,SO-43960,DN-3042,Uganda,PMO - US,From RDC,N/A - From RDC,Air,2012-12-13,2012-09-09,2013-03-09,2013-03-07,2013-03-07,ARV,Adult,SCMS from RDC,"Efavirenz/Lamivudine/Tenofovir Disoproxil Fumarate 600/300/300mg, tablets, 30 Tabs",Efavirenz/Lamivudine/Tenofovir Disoproxil Fumarate,Generic,600/300/300mg,Tablet - FDC,30,5277,63904.47,12.11,0.4,Mylan (formerly Matrix) Nashik,True,1366.0,8507.01,79.05
7759,83664,103-ZW-T30,FPQ-11478,SO-44280,DN-3050,Zimbabwe,PMO - US,From RDC,N/A - From RDC,Truck,2013-01-16,2012-10-30,2013-04-30,2013-03-23,2013-03-23,ARV,Pediatric,SCMS from RDC,"Abacavir/Lamivudine 60/30mg, tablets, 60 Tabs",Abacavir/Lamivudine,Generic,60/30mg,Tablet - FDC,60,2599,11955.4,4.6,0.08,"Aurobindo Unit III, India",True,120.0,1800.0,14.79
7760,83665,105-GY-T30,FPQ-11547,SO-44540,DN-3058,Guyana,PMO - US,From RDC,N/A - From RDC,Air,2013-01-28,2012-10-03,2013-04-03,2013-03-15,2013-03-15,ARV,Pediatric,SCMS from RDC,"Lamivudine 10mg/ml, oral solution w/syringe, Bottle, 240 ml",Lamivudine,Generic,10mg/ml,Oral solution,240,238,440.3,1.85,0.01,"Aurobindo Unit III, India",True,76.0,2180.0,0.54
7761,83666,105-GY-T30,FPQ-11546,SO-44520,DN-3060,Guyana,PMO - US,From RDC,N/A - From RDC,Air,2013-01-28,2012-10-18,2013-04-18,2013-03-15,2013-03-15,ARV,Adult,SCMS from RDC,"Abacavir 300mg, tablets, 60 Tabs",Abacavir,Generic,300mg,Tablet,60,182,2358.72,12.96,0.22,Mylan (formerly Matrix) Nashik,False,40.0,1924.4650000000001,2.92
7762,83667,104-CI-T30,FPQ-9749,SO-42411,DN-3073,Côte d'Ivoire,PMO - US,From RDC,N/A - From RDC,Truck,2012-04-19,2012-11-30,2013-05-31,2013-04-29,2013-04-29,ARV,Pediatric,SCMS from RDC,"Lamivudine/Nevirapine/Zidovudine 30/50/60mg, dispersible tablets, 60 Tabs",Lamivudine/Nevirapine/Zidovudine,Generic,30/50/60mg,Chewable/dispersible tablet - FDC,60,5701,23659.15,4.15,0.07,Mylan (formerly Matrix) Nashik,True,335.0,2527.41,33.17
7763,83668,111-MZ-T30,FPQ-11033,SO-43771,DN-3078,Mozambique,PMO - US,From RDC,N/A - From RDC,Truck,2012-11-12,2013-01-01,2013-07-01,2013-04-16,2013-04-16,ARV,Adult,SCMS from RDC,"Lamivudine 150mg, tablets, 60 Tabs",Lamivudine,Generic,150mg,Tablet,60,2890,5751.1,1.99,0.03,Hetero Unit III Hyderabad IN,True,168.0,4120.69,7.11
7764,83670,106-HT-T30,FPQ-11281,SO-44421,DN-3091,Haiti,PMO - US,From RDC,N/A - From RDC,Air,2013-01-16,2012-10-23,2013-04-23,2013-04-02,2013-04-02,ARV,Adult,SCMS from RDC,"Efavirenz/Lamivudine/Tenofovir Disoproxil Fumarate 600/300/300mg, tablets, 30 Tabs",Efavirenz/Lamivudine/Tenofovir Disoproxil Fumarate,Generic,600/300/300mg,Tablet - FDC,30,22000,266420.0,12.11,0.4,Mylan (formerly Matrix) Nashik,True,2435.0,25984.75,329.56
7765,83671,102-BI-T30,FPQ-11661,SO-44640,DN-3096,Burundi,PMO - US,From RDC,N/A - From RDC,Air,2013-02-20,2012-11-02,2013-05-02,2013-05-10,2013-05-10,ARV,Pediatric,SCMS from RDC,"Zidovudine 10mg/ml, oral solution w/syringe, Bottle, 240 ml",Zidovudine,Generic,10mg/ml,Oral solution,240,574,1205.4,2.1,0.01,"Aurobindo Unit III, India",True,422.0,5384.96,1.49
7766,83672,109-TZ-T30,FPQ-11393,SO-44381,DN-3101,Tanzania,PMO - US,From RDC,N/A - From RDC,Truck,2012-12-30,2012-11-30,2013-05-31,2013-05-14,2013-05-14,ARV,Adult,SCMS from RDC,"Lopinavir/Ritonavir 200/50mg, tablets, 120 Tabs",Lopinavir/Ritonavir,Generic,200/50mg,Tablet,120,12837,317844.12,24.76,0.21,"Aurobindo Unit III, India",True,4613.0,3592.8,393.17
7767,83673,109-TZ-T30,FPQ-10545,SO-43130,DN-3103,Tanzania,PMO - US,From RDC,N/A - From RDC,Truck,2012-08-24,2012-11-30,2013-05-31,2013-04-22,2013-04-22,ARV,Adult,SCMS from RDC,"Emtricitabine/Tenofovir Disoproxil Fumarate 200/300mg, tablets, 30 Tabs",Emtricitabine/Tenofovir Disoproxil Fumarate,Generic,200/300mg,Tablet - FDC,30,24042,145934.94,6.07,0.2,Mylan (formerly Matrix) Nashik,True,2006.0,3300.95,204.6
7768,83674,114-UG-T30,FPQ-11143,SO-43951,DN-3119,Uganda,PMO - US,From RDC,N/A - From RDC,Truck,2012-12-13,2012-11-08,2013-05-08,2013-05-09,2013-05-09,ARV,Adult,SCMS from RDC,"Lamivudine/Nevirapine/Zidovudine 150/200/300mg, tablets, 60 Tabs",Lamivudine/Nevirapine/Zidovudine,Generic,150/300/200mg,Tablet - FDC,60,15795,135521.1,8.58,0.14,Hetero Unit III Hyderabad IN,True,2234.0,6582.95,167.64
7769,83675,114-UG-T30,FPQ-11143,SO-43962,DN-3123,Uganda,PMO - US,From RDC,N/A - From RDC,Air,2012-12-13,2012-10-30,2013-04-30,2013-05-09,2013-05-09,ARV,Adult,SCMS from RDC,"Efavirenz/Lamivudine/Tenofovir Disoproxil Fumarate 600/300/300mg, tablets, 30 Tabs",Efavirenz/Lamivudine/Tenofovir Disoproxil Fumarate,Generic,600/300/300mg,Tablet - FDC,30,52127,548376.04,10.52,0.35,Hetero Unit III Hyderabad IN,True,6874.0,16177.09,678.34
7770,83676,114-UG-T30,FPQ-11143,SO-43942,DN-3124,Uganda,PMO - US,From RDC,N/A - From RDC,Air,2012-12-13,2012-10-30,2013-04-30,2013-05-09,2013-05-09,ARV,Adult,SCMS from RDC,"Efavirenz/Lamivudine/Tenofovir Disoproxil Fumarate 600/300/300mg, tablets, 30 Tabs",Efavirenz/Lamivudine/Tenofovir Disoproxil Fumarate,Generic,600/300/300mg,Tablet - FDC,30,17310,182101.2,10.52,0.35,Hetero Unit III Hyderabad IN,True,2291.0,10542.15,225.26
7771,83677,114-UG-T30,FPQ-10946,SO-43650,DN-3121,Uganda,PMO - US,From RDC,N/A - From RDC,Air,2012-11-01,2013-02-09,2013-08-09,2013-08-09,2013-08-09,ARV,Adult,SCMS from RDC,"Lamivudine/Tenofovir Disoproxil Fumarate 300/300mg, tablets, 30 Tabs",Lamivudine/Tenofovir Disoproxil Fumarate,Generic,300/300mg,Tablet - FDC,30,30685,144219.5,4.7,0.16,Hetero Unit III Hyderabad IN,True,5426.0,6506.75,178.4
7772,83678,103-SS-T30,FPQ-11489,SO-44630,DN-3125,South Sudan,PMO - US,From RDC,N/A - From RDC,Air,2013-01-16,2012-10-30,2013-04-30,2013-04-24,2013-04-24,ARV,Adult,SCMS from RDC,"Lamivudine/Nevirapine/Zidovudine 150/200/300mg, tablets, 60 Tabs",Lamivudine/Nevirapine/Zidovudine,Generic,150/300/200mg,Tablet - FDC,60,3746,32140.68,8.58,0.14,Hetero Unit III Hyderabad IN,False,668.5,2575.925,39.76
7773,83679,103-SS-T30,FPQ-11489,SO-44630,DN-3125,South Sudan,PMO - US,From RDC,N/A - From RDC,Air,2013-01-16,2012-10-30,2013-04-30,2013-04-24,2013-04-24,ARV,Adult,SCMS from RDC,"Nevirapine 200mg, tablets, 60 Tabs",Nevirapine,Generic,200mg,Tablet,60,378,854.28,2.26,0.04,Hetero Unit III Hyderabad IN,False,613.0,2575.925,1.06
7774,83680,113-ZW-T30,FPQ-11002,SO-43710,DN-3131,Zimbabwe,PMO - US,From RDC,N/A - From RDC,Truck,2012-11-16,2012-11-06,2013-05-06,2013-04-29,2013-04-29,ARV,Adult,SCMS from RDC,"Nevirapine 200mg, tablets, 60 Tabs",Nevirapine,Generic,200mg,Tablet,60,91000,205660.0,2.26,0.04,Hetero Unit III Hyderabad IN,False,668.5,6721.705,254.4
7775,83681,113-ZW-T30,FPQ-11002,SO-43720,DN-3132,Zimbabwe,PMO - US,From RDC,N/A - From RDC,Truck,2012-11-16,2012-11-30,2013-05-30,2013-04-29,2013-04-29,ARV,Adult,SCMS from RDC,"Lamivudine/Tenofovir Disoproxil Fumarate 300/300mg, tablets, 30 Tabs",Lamivudine/Tenofovir Disoproxil Fumarate,Generic,300/300mg,Tablet - FDC,30,90986,427634.2,4.7,0.16,"Aurobindo Unit VII, IN",True,22001.0,21173.75,528.98
7776,83682,111-MZ-T30,FPQ-11033,SO-43791,DN-3112,Mozambique,PMO - US,From RDC,N/A - From RDC,Truck,2012-11-12,2013-01-14,2013-07-14,2013-07-26,2013-07-26,ARV,Pediatric,SCMS from RDC,"Zidovudine 10mg/ml, oral solution w/syringe, Bottle, 240 ml",Zidovudine,Generic,10mg/ml,Oral solution,240,18597,39053.7,2.1,0.01,"Aurobindo Unit III, India",True,7141.0,5496.08,48.31
7777,83683,151-NG-T30,FPQ-11771,SO-44751,DN-3144,Nigeria,PMO - US,From RDC,N/A - From RDC,Air Charter,2013-02-28,2013-02-21,2013-08-21,2013-05-03,2013-05-03,ARV,Adult,SCMS from RDC,"Abacavir/Lamivudine 600/300mg, scored tablets, 30 Tabs",Abacavir/Lamivudine,Generic,600/300mg,Tablet - FDC,30,3820,55657.4,14.57,0.49,"Aurobindo Unit III, India",True,3917.0,14547.55,68.85
7778,83684,107-RW-T30,FPQ-11807,SO-44761,DN-3160,Rwanda,PMO - US,From RDC,N/A - From RDC,Air,2013-03-06,2012-12-28,2013-06-28,2013-05-27,2013-05-27,ARV,Pediatric,SCMS from RDC,"Zidovudine 10mg/ml, oral solution w/syringe, Bottle, 240 ml",Zidovudine,Generic,10mg/ml,Oral solution,240,1500,3150.0,2.1,0.01,"Aurobindo Unit III, India",True,575.0,4095.24,3.9
7779,83685,151-NG-T30,FPQ-11022,SO-43849,DN-3171,Nigeria,PMO - US,From RDC,N/A - From RDC,Air Charter,2012-11-15,2012-11-21,2013-05-21,2013-05-10,2013-05-10,ARV,Adult,SCMS from RDC,"Lamivudine/Zidovudine 150/300mg, tablets, 60 Tabs",Lamivudine/Zidovudine,Generic,150/300mg,Tablet - FDC,60,35000,245000.0,7.0,0.12,"Aurobindo Unit III, India",True,12877.0,20666.07,303.06
7780,83686,151-NG-T30,FPQ-11022,SO-44262,DN-3172,Nigeria,PMO - US,From RDC,N/A - From RDC,Air Charter,2012-11-15,2012-11-28,2013-05-28,2013-05-10,2013-05-10,ARV,Adult,SCMS from RDC,"Efavirenz/Lamivudine/Tenofovir Disoproxil Fumarate 600/300/300mg, tablets, 30 Tabs",Efavirenz/Lamivudine/Tenofovir Disoproxil Fumarate,Generic,600/300/300mg,Tablet - FDC,30,120000,1262400.0,10.52,0.35,Hetero Unit III Hyderabad IN,True,17470.0,20666.07,1561.59
7781,83687,151-NG-T30,FPQ-11022,SO-43852,DN-3173,Nigeria,PMO - US,From RDC,N/A - From RDC,Air Charter,2012-11-15,2012-12-04,2013-06-04,2013-05-10,2013-05-10,ARV,Adult,SCMS from RDC,"Efavirenz 600mg, tablets, 30 Tabs",Efavirenz,Generic,600mg,Tablet,30,36390,121178.7,3.33,0.11,"Aurobindo Unit III, India",True,17455.0,20666.07,149.9
7782,83688,110-ZM-T30,FPQ-10728,SO-43460,DN-3186,Zambia,PMO - US,From RDC,N/A - From RDC,Truck,2012-10-05,2012-12-28,2013-06-28,2013-06-07,2013-06-07,ARV,Adult,SCMS from RDC,"Lamivudine/Zidovudine 150/300mg, tablets, 60 Tabs",Lamivudine/Zidovudine,Generic,150/300mg,Tablet - FDC,60,62168,435176.0,7.0,0.12,"Cipla, Goa, India",True,22497.0,11941.65,610.12
7783,83694,109-TZ-T30,FPQ-11393,SO-44383,DN-3194,Tanzania,PMO - US,From RDC,N/A - From RDC,Air,2012-12-30,2012-11-30,2013-05-31,2013-06-18,2013-06-18,ARV,Adult,SCMS from RDC,"Efavirenz/Emtricitabine/Tenofovir Disoproxil Fumarate 600/200/300mg, tablets, 30 Tabs",Efavirenz/Emtricitabine/Tenofovir Disoproxil Fumarate,Generic,600/200/300mg,Tablet - FDC,30,30598,396550.08,12.96,0.43,"Cipla, Goa, India",True,3637.0,22904.02,490.53
7784,83695,109-TZ-T30,FPQ-12015,SO-44982,DN-3207,Tanzania,PMO - US,From RDC,N/A - From RDC,Truck,2013-04-02,2013-02-23,2013-08-23,2013-06-18,2013-06-18,ARV,Adult,SCMS from RDC,"Abacavir 300mg, tablets, 60 Tabs",Abacavir,Generic,300mg,Tablet,60,10347,134097.12,12.96,0.22,Mylan (formerly Matrix) Nashik,True,1064.0,4203.0,165.88
7785,83699,114-UG-T30,FPQ-11133,SO-43870,DN-3221,Uganda,PMO - US,From RDC,N/A - From RDC,Truck,2012-12-13,2013-01-31,2013-07-31,2013-07-18,2013-07-18,ARV,Adult,SCMS from RDC,"Efavirenz/Lamivudine/Tenofovir Disoproxil Fumarate 600/300/300mg, tablets, 30 Tabs",Efavirenz/Lamivudine/Tenofovir Disoproxil Fumarate,Generic,600/300/300mg,Tablet - FDC,30,36273,381591.96,10.52,0.35,Hetero Unit III Hyderabad IN,True,4846.0,13743.46,472.03
7786,83700,114-UG-T30,FPQ-11133,SO-43910,DN-3237,Uganda,PMO - US,From RDC,N/A - From RDC,Truck,2012-12-13,2013-01-31,2013-07-31,2013-08-26,2013-08-26,ARV,Adult,SCMS from RDC,"Lamivudine/Nevirapine/Zidovudine 150/200/300mg, tablets, 60 Tabs",Lamivudine/Nevirapine/Zidovudine,Generic,150/300/200mg,Tablet - FDC,60,15117,124866.42,8.26,0.14,"Strides, Bangalore, India.",True,8057.0,10734.13,154.46
7787,83701,104-CI-T30,FPQ-11253,SO-44220,DN-3216,Côte d'Ivoire,PMO - US,From RDC,N/A - From RDC,Truck,2012-12-14,2013-01-31,2013-07-31,2013-08-06,2013-08-06,ARV,Adult,SCMS from RDC,"Lopinavir/Ritonavir 200/50mg, tablets, 120 Tabs",Lopinavir/Ritonavir,Generic,200/50mg,Tablet,120,20000,420000.0,21.0,0.18,"Aurobindo Unit III, India",True,5633.0,17548.42,519.54
7788,83702,151-NG-T30,FPQ-11864,SO-44922,DN-3242,Nigeria,PMO - US,From RDC,N/A - From RDC,Air Charter,2013-03-14,2013-03-04,2013-09-04,2013-07-23,2013-07-23,ARV,Adult,SCMS from RDC,"Lamivudine/Zidovudine 150/300mg, tablets, 60 Tabs",Lamivudine/Zidovudine,Generic,150/300mg,Tablet - FDC,60,4026,29269.02,7.27,0.12,"Aurobindo Unit III, India",True,410.0,0.0,36.21
7789,83704,114-UG-T30,FPQ-12253,SO-45470,DN-3256,Uganda,PMO - US,From RDC,N/A - From RDC,Air,2013-05-08,2013-02-06,2013-08-06,2013-08-20,2013-08-20,ARV,Adult,SCMS from RDC,"Efavirenz 600mg, tablets, 30 Tabs",Efavirenz,Generic,600mg,Tablet,30,96480,321278.4,3.33,0.11,"Aurobindo Unit III, India",False,668.5,2485.92,397.42
7790,83705,114-UG-T30,FPQ-12253,SO-45470,DN-3256,Uganda,PMO - US,From RDC,N/A - From RDC,Air,2013-05-08,2013-02-06,2013-08-06,2013-08-20,2013-08-20,ARV,Adult,SCMS from RDC,"Lamivudine/Zidovudine 150/300mg, tablets, 60 Tabs",Lamivudine/Zidovudine,Generic,150/300mg,Tablet - FDC,60,7619,53333.0,7.0,0.12,Hetero Unit III Hyderabad IN,False,668.5,2485.92,65.97
7791,83706,110-ZM-T30,FPQ-12066,SO-45061,DN-3258,Zambia,PMO - US,From RDC,N/A - From RDC,Truck,2013-04-19,2013-03-06,2013-09-06,2013-07-30,2013-07-30,ARV,Adult,SCMS from RDC,"Abacavir 300mg, tablets, 60 Tabs",Abacavir,Generic,300mg,Tablet,60,1102,14281.92,12.96,0.22,Mylan (formerly Matrix) Nashik,True,645.0,5213.01,17.67
7792,83707,114-UG-T30,FPQ-12473,SO-45880,DN-3263,Uganda,PMO - US,From RDC,N/A - From RDC,Air,2013-06-11,2013-03-27,2013-09-27,2013-09-27,2013-09-27,ARV,Adult,SCMS from RDC,"Lamivudine/Tenofovir Disoproxil Fumarate 300/300mg, tablets, 30 Tabs",Lamivudine/Tenofovir Disoproxil Fumarate,Generic,300/300mg,Tablet - FDC,30,65615,308390.5,4.7,0.16,"Aurobindo Unit VII, IN",False,668.5,2485.92,381.48
7793,83708,114-UG-T30,FPQ-12473,SO-45870,DN-3267,Uganda,PMO - US,From RDC,N/A - From RDC,Air,2013-06-11,2013-02-28,2013-08-29,2013-09-13,2013-09-13,ARV,Adult,SCMS from RDC,"Efavirenz 600mg, tablets, 30 Tabs",Efavirenz,Generic,600mg,Tablet,30,36007,119903.31,3.33,0.11,"Aurobindo Unit III, India",True,19158.0,106022.37,148.32
7794,83709,101-CD-T30,FPQ-12033,SO-45020,DN-3268,"Congo, DRC",PMO - US,From RDC,N/A - From RDC,Air,2013-04-08,2013-02-27,2013-08-27,2014-02-08,2014-03-11,ARV,Adult,SCMS from RDC,"Efavirenz 600mg, tablets, 30 Tabs",Efavirenz,Generic,600mg,Tablet,30,238,792.54,3.33,0.11,"Strides, Bangalore, India.",False,76.0,2346.5699999999997,0.98
7795,83710,101-CD-T30,FPQ-12033,SO-45020,DN-3268,"Congo, DRC",PMO - US,From RDC,N/A - From RDC,Air,2013-04-08,2013-02-27,2013-08-27,2014-02-08,2014-03-11,ARV,Adult,SCMS from RDC,"Lopinavir/Ritonavir 200/50mg, tablets, 120 Tabs",Lopinavir/Ritonavir,Generic,200/50mg,Tablet,120,378,8232.84,21.78,0.18,Mylan (formerly Matrix) Nashik,False,613.0,2346.5699999999997,10.18
7796,83711,101-CD-T30,FPQ-12088,SO-45030,DN-3269,"Congo, DRC",PMO - US,From RDC,N/A - From RDC,Air,2013-04-12,2013-02-28,2013-08-28,2014-02-08,2014-03-11,ARV,Adult,SCMS from RDC,"Lamivudine/Zidovudine 150/300mg, tablets, 60 Tabs",Lamivudine/Zidovudine,Generic,150/300mg,Tablet - FDC,60,864,6048.0,7.0,0.12,Hetero Unit III Hyderabad IN,True,758.0,20499.33,7.48
7797,83712,101-CD-T30,FPQ-12088,SO-45030,DN-3269,"Congo, DRC",PMO - US,From RDC,N/A - From RDC,Air,2013-04-12,2013-02-28,2013-08-28,2014-02-08,2014-03-11,ARV,Pediatric,SCMS from RDC,"Efavirenz 200mg, scored tablets, 90 Tabs",Efavirenz,Generic,200mg,Tablet,90,312,2277.6,7.3,0.08,"Strides, Bangalore, India.",False,80.0,2346.5699999999997,2.82
7798,83713,109-TZ-T30,FPQ-12587,SO-45991,DN-3304,Tanzania,PMO - US,From RDC,N/A - From RDC,Truck,2013-07-04,2013-05-20,2013-11-20,2013-09-09,2013-09-09,ARV,Adult,SCMS from RDC,"Abacavir 300mg, tablets, 60 Tabs",Abacavir,Generic,300mg,Tablet,60,2788,31950.48,11.46,0.19,"Aurobindo Unit III, India",True,285.0,1883.0,39.52
7799,83872,111-MZ-T30,FPQ-13575,SO-47705,DN-4081,Mozambique,PMO - US,From RDC,N/A - From RDC,Truck,2014-01-17,2014-08-27,2015-02-27,2015-03-03,2015-03-09,ARV,Adult,SCMS from RDC,"Abacavir 300mg, tablets, 60 Tabs",Abacavir,Generic,300mg,Tablet,60,2173,24685.28,11.36,0.19,Mylan (formerly Matrix) Nashik,True,4076.0,4834.6,25.38
7800,83714,114-UG-T30,FPQ-12253,SO-45490,DN-3305,Uganda,PMO - US,From RDC,N/A - From RDC,Air,2013-05-08,2013-05-29,2013-11-29,2013-10-16,2013-10-23,ARV,Pediatric,SCMS from RDC,"Lamivudine/Stavudine 30/6mg, dispersible tablets, 60 Tabs",Lamivudine/Stavudine,Generic,30/6mg,Chewable/dispersible tablet - FDC,60,638,1212.2,1.9,0.03,"Cipla, Goa, India",True,45.0,747.76,1.5
7801,83715,109-TZ-T30,FPQ-10551,SO-43141,DN-3308,Tanzania,PMO - US,From RDC,N/A - From RDC,Truck,2012-08-31,2013-04-15,2013-10-15,2013-09-18,2013-09-18,ARV,Pediatric,SCMS from RDC,"Nevirapine 10mg/ml, oral suspension w/syringe, Bottle, 240 ml",Nevirapine,Generic,10mg/ml,Oral suspension,240,2191,4272.45,1.95,0.01,"Aurobindo Unit III, India",True,823.0,3524.0,5.99
7802,83716,111-MZ-T30,FPQ-11884,SO-44865,DN-3318,Mozambique,PMO - US,From RDC,N/A - From RDC,Truck,2013-03-19,2013-04-30,2013-10-31,2013-10-31,2013-11-12,ARV,Adult,SCMS from RDC,"Efavirenz 600mg, tablets, 30 Tabs",Efavirenz,Generic,600mg,Tablet,30,9357,31158.81,3.33,0.11,"Strides, Bangalore, India.",True,12264.0,5902.4,38.54
7803,83717,105-GY-T30,FPQ-12047,SO-45040,DN-3332,Guyana,PMO - US,From RDC,N/A - From RDC,Air,2013-04-15,2013-03-30,2013-09-30,2013-10-04,2013-10-22,ARV,Pediatric,SCMS from RDC,"Efavirenz 200mg, scored tablets, 90 Tabs",Efavirenz,Generic,200mg,Tablet,90,98,911.4,9.3,0.1,"Strides, Bangalore, India.",True,7.0,4317.96,1.13
7804,83718,111-MZ-T30,FPQ-11884,SO-44870,DN-3339,Mozambique,PMO - US,From RDC,N/A - From RDC,Truck,2013-03-19,2013-04-30,2013-10-31,2013-11-13,2013-12-02,ARV,Adult,SCMS from RDC,"Lamivudine/Zidovudine 150/300mg, tablets, 60 Tabs",Lamivudine/Zidovudine,Generic,150/300mg,Tablet - FDC,60,3035,22064.45,7.27,0.12,"Cipla, Goa, India",True,1722.0,5950.17,27.29
7805,83719,110-ZM-T30,FPQ-10728,SO-43462,DN-3340,Zambia,PMO - US,From RDC,N/A - From RDC,Truck,2012-10-05,2013-05-05,2013-11-05,2013-11-05,2013-11-12,ARV,Adult,SCMS from RDC,"Lamivudine/Zidovudine 150/300mg, tablets, 60 Tabs",Lamivudine/Zidovudine,Generic,150/300mg,Tablet - FDC,60,67271,470897.0,7.0,0.12,"Cipla, Goa, India",True,6041.0,10651.44,660.2
7806,83720,103-DO-T30,FPQ-11920,SO-46130,DN-3349,Dominican Republic,PMO - US,From RDC,N/A - From RDC,Air,2013-03-18,2013-04-29,2013-10-29,2013-10-16,2013-10-29,ARV,Adult,SCMS from RDC,"Lamivudine/Tenofovir Disoproxil Fumarate 300/300mg, tablets, 30 Tabs",Lamivudine/Tenofovir Disoproxil Fumarate,Generic,300/300mg,Tablet - FDC,30,48,225.6,4.7,0.16,Mylan (formerly Matrix) Nashik,True,29.0,594.4,0.28
7807,83726,103-DO-T30,FPQ-11920,SO-46150,DN-3355,Dominican Republic,PMO - US,From RDC,N/A - From RDC,Air,2013-03-18,2013-04-29,2013-10-29,2013-10-10,2013-10-29,ARV,Adult,SCMS from RDC,"Efavirenz 600mg, tablets, 30 Tabs",Efavirenz,Generic,600mg,Tablet,30,4072,13559.76,3.33,0.11,"Strides, Bangalore, India.",True,7791.0,90360.12,16.77
7808,83727,151-NG-T30,FPQ-11864,SO-44926,DN-3365,Nigeria,PMO - US,From RDC,N/A - From RDC,Air Charter,2013-03-14,2013-04-30,2013-10-31,2013-10-14,2013-10-24,ARV,Pediatric,SCMS from RDC,"Abacavir/Lamivudine 60/30mg, tablets, 30 Tabs",Abacavir/Lamivudine,Generic,60/30mg,Tablet - FDC,30,6000,24000.0,4.0,0.13,Mylan (formerly Matrix) Nashik,True,290.0,20225.07,29.69
7809,83728,151-NG-T30,FPQ-11864,SO-44932,DN-3366,Nigeria,PMO - US,From RDC,N/A - From RDC,Air Charter,2013-03-14,2013-04-30,2013-10-31,2013-10-14,2013-10-24,ARV,Adult,SCMS from RDC,"Lamivudine/Nevirapine/Zidovudine 150/200/300mg, tablets, 60 Tabs",Lamivudine/Nevirapine/Zidovudine,Generic,150/300/200mg,Tablet - FDC,60,75000,643500.0,8.58,0.14,Hetero Unit III Hyderabad IN,False,9057.0,12601.07,796.01
7810,83730,151-NG-T30,FPQ-12248,SO-45661,DN-3368,Nigeria,PMO - US,From RDC,N/A - From RDC,Air Charter,2013-05-06,2013-05-18,2013-11-18,2013-10-14,2013-10-24,ARV,Adult,SCMS from RDC,"Efavirenz/Lamivudine/Tenofovir Disoproxil Fumarate 600/300/300mg, tablets, 30 Tabs",Efavirenz/Lamivudine/Tenofovir Disoproxil Fumarate,Generic,600/300/300mg,Tablet - FDC,30,70000,780500.0,11.15,0.37,Mylan (formerly Matrix) Nashik,True,21510.0,20225.07,965.48
7811,83731,151-NG-T30,FPQ-11864,SO-44934,DN-3370,Nigeria,PMO - US,From RDC,N/A - From RDC,Air Charter,2013-03-14,2013-04-30,2013-10-31,2013-10-14,2013-10-24,ARV,Adult,SCMS from RDC,"Lamivudine/Nevirapine/Zidovudine 150/200/300mg, tablets, 60 Tabs",Lamivudine/Nevirapine/Zidovudine,Generic,150/300/200mg,Tablet - FDC,60,12000,102960.0,8.58,0.14,"Cipla, Goa, India",True,1749.0,20225.07,127.36
7812,83732,104-CI-T30,FPQ-11253,SO-44210,DN-3371,Côte d'Ivoire,PMO - US,From RDC,N/A - From RDC,Truck,2012-12-14,2013-04-30,2013-10-31,2013-10-22,2013-11-19,ARV,Adult,SCMS from RDC,"Lopinavir/Ritonavir 200/50mg, tablets, 120 Tabs",Lopinavir/Ritonavir,Generic,200/50mg,Tablet,120,228,4788.0,21.0,0.18,"Aurobindo Unit III, India",False,40.5,6757.815,5.92
7813,83733,111-MZ-T30,FPQ-12416,SO-45892,DN-3376,Mozambique,PMO - US,From RDC,N/A - From RDC,Truck,2013-06-28,2013-05-29,2013-11-29,2013-11-28,2013-12-12,ARV,Adult,SCMS from RDC,"Efavirenz 600mg, tablets, 30 Tabs",Efavirenz,Generic,600mg,Tablet,30,32000,106560.0,3.33,0.11,"Strides, Bangalore, India.",False,7719.5,5192.68,131.81
7814,83735,114-UG-T30,FPQ-13094,SO-46830,DN-3402,Uganda,PMO - US,From RDC,N/A - From RDC,Truck,2013-10-11,2013-06-16,2013-12-16,2013-12-20,2014-01-17,ARV,Pediatric,SCMS from RDC,"Lamivudine/Nevirapine/Zidovudine 30/50/60mg, dispersible tablets, 60 Tabs",Lamivudine/Nevirapine/Zidovudine,Generic,30/50/60mg,Chewable/dispersible tablet - FDC,60,4637,18037.93,3.89,0.06,Mylan (formerly Matrix) Nashik,True,426.0,1761.5,18.54
7815,83736,113-ZW-T30,FPQ-11545,SO-44360,DN-3413,Zimbabwe,PMO - US,From RDC,N/A - From RDC,Truck,2013-01-24,2013-05-30,2013-11-30,2013-11-25,2013-12-09,ARV,Adult,SCMS from RDC,"Nevirapine 200mg, tablets, 60 Tabs",Nevirapine,Generic,200mg,Tablet,60,80000,184800.0,2.31,0.04,"Strides, Bangalore, India.",False,7629.0,6721.705,228.6
7816,83738,111-MZ-T30,FPQ-12416,SO-45893,DN-3428,Mozambique,PMO - US,From RDC,N/A - From RDC,Truck,2013-06-28,2013-05-29,2013-11-29,2014-01-30,2014-02-17,ARV,Adult,SCMS from RDC,"Lopinavir/Ritonavir 200/50mg [Aluvia], tablets, 120 Tabs",Lopinavir/Ritonavir,Aluvia,200/50mg,Tablet,120,12960,262051.2,20.22,0.17,ABBVIE Ludwigshafen Germany,False,668.5,5192.68,324.16
7817,83739,110-ZM-T30,FPQ-12066,SO-45080,DN-3432,Zambia,PMO - US,From RDC,N/A - From RDC,Truck,2013-04-19,2013-07-24,2014-01-24,2014-01-24,2014-01-31,ARV,Adult,SCMS from RDC,"Efavirenz/Emtricitabine/Tenofovir Disoproxil Fumarate 600/200/300mg, tablets, 30 Tabs",Efavirenz/Emtricitabine/Tenofovir Disoproxil Fumarate,Generic,600/200/300mg,Tablet - FDC,30,269030,3309069.0,12.3,0.41,"Aurobindo Unit VII, IN",True,30923.0,34019.61,4093.32
7818,83740,151-NG-T30,FPQ-12248,SO-47221,DN-3436,Nigeria,PMO - US,From RDC,N/A - From RDC,Air Charter,2013-05-06,2013-05-18,2013-11-18,2013-11-26,2013-12-05,ARV,Adult,SCMS from RDC,"Efavirenz/Lamivudine/Tenofovir Disoproxil Fumarate 600/300/300mg, tablets, 30 Tabs",Efavirenz/Lamivudine/Tenofovir Disoproxil Fumarate,Generic,600/300/300mg,Tablet - FDC,30,130437,1454372.55,11.15,0.37,Hetero Unit III Hyderabad IN,True,18633.0,26340.0,1799.06
7819,83742,104-CI-T30,FPQ-12800,SO-46331,DN-3446,Côte d'Ivoire,PMO - US,From RDC,N/A - From RDC,Air,2013-08-09,2013-07-03,2014-01-03,2014-01-03,2014-01-17,ARV,Adult,SCMS from RDC,"Tenofovir Disoproxil Fumarate 300mg, tablets, 30 Tabs",Tenofovir Disoproxil Fumarate,Generic,300mg,Tablet,30,3859,15590.36,4.04,0.13,Mylan (formerly Matrix) Nashik,True,242.0,3128.55,19.29
7820,83743,104-CI-T30,FPQ-11253,SO-44180,DN-3447,Côte d'Ivoire,PMO - US,From RDC,N/A - From RDC,Truck,2012-12-14,2013-06-17,2013-12-17,2013-12-17,2014-01-20,ARV,Pediatric,SCMS from RDC,"Lamivudine/Nevirapine/Zidovudine 30/50/60mg, dispersible tablets, 60 Tabs",Lamivudine/Nevirapine/Zidovudine,Generic,30/50/60mg,Chewable/dispersible tablet - FDC,60,4200,16338.0,3.89,0.06,"Strides, Bangalore, India.",True,180.0,1965.57,20.21
7821,83746,109-TZ-T30,FPQ-12587,SO-45995,DN-3458,Tanzania,PMO - US,From RDC,N/A - From RDC,Truck,2013-07-04,2013-06-30,2013-12-31,2014-02-25,2014-03-13,ARV,Pediatric,SCMS from RDC,"Efavirenz 200mg, scored tablets, 90 Tabs",Efavirenz,Generic,200mg,Tablet,90,5687,52889.1,9.3,0.1,"Strides, Bangalore, India.",False,668.5,3623.2,65.42
7822,83747,111-MZ-T30,FPQ-12416,SO-45895,DN-3459,Mozambique,PMO - US,From RDC,N/A - From RDC,Truck,2013-06-28,2013-07-06,2014-01-06,2014-01-06,2014-01-29,ARV,Adult,SCMS from RDC,"Lamivudine/Nevirapine/Zidovudine 150/200/300mg, tablets, 60 Tabs",Lamivudine/Nevirapine/Zidovudine,Generic,150/300/200mg,Tablet - FDC,60,59674,512002.92,8.58,0.14,"Strides, Bangalore, India.",True,6959.0,7150.25,633.35
7823,83748,111-MZ-T30,FPQ-12573,SO-46170,DN-3554,Mozambique,PMO - US,From RDC,N/A - From RDC,Truck,2013-06-28,2013-09-30,2014-03-31,2014-03-28,2014-04-04,ARV,Adult,SCMS from RDC,"Abacavir/Lamivudine 600/300mg, scored tablets, 30 Tabs",Abacavir/Lamivudine,Generic,600/300mg,Tablet - FDC,30,4837,65396.24,13.52,0.45,Mylan (formerly Matrix) Nashik,True,1102.0,8406.81,80.9
7824,83749,151-NG-T30,FPQ-11771,SO-47180,DN-3475,Nigeria,PMO - US,From RDC,N/A - From RDC,Air Charter,2013-02-28,2013-07-31,2014-01-31,2014-01-10,2014-01-15,ARV,Adult,SCMS from RDC,"Lopinavir/Ritonavir 200/50mg [Aluvia], tablets, 120 Tabs",Lopinavir/Ritonavir,Aluvia,200/50mg,Tablet,120,40435,817595.7,20.22,0.17,ABBVIE Ludwigshafen Germany,True,9966.0,49199.75,1011.37
7825,83750,151-NG-T30,FPQ-12248,SO-45662,DN-3476,Nigeria,PMO - US,From RDC,N/A - From RDC,Air Charter,2013-05-06,2013-07-17,2014-01-17,2014-01-10,2014-01-16,ARV,Adult,SCMS from RDC,"Lamivudine/Nevirapine/Zidovudine 150/200/300mg, tablets, 60 Tabs",Lamivudine/Nevirapine/Zidovudine,Generic,150/300/200mg,Tablet - FDC,60,142000,1218360.0,8.58,0.14,"Aurobindo Unit III, India",False,668.5,12601.07,1507.11
7826,83751,107-RW-T30,FPQ-12766,SO-46482,DN-3479,Rwanda,PMO - US,From RDC,N/A - From RDC,Truck,2013-08-02,2013-07-31,2014-01-31,2014-01-23,2014-01-31,ARV,Adult,SCMS from RDC,"Efavirenz/Lamivudine/Tenofovir Disoproxil Fumarate 600/300/300mg, tablets, 30 Tabs",Efavirenz/Lamivudine/Tenofovir Disoproxil Fumarate,Generic,600/300/300mg,Tablet - FDC,30,83000,925450.0,11.15,0.37,"Aurobindo Unit VII, IN",True,10998.0,75824.42,1144.78
7827,83752,111-MZ-T30,FPQ-12416,SO-45896,DN-3483,Mozambique,PMO - US,From RDC,N/A - From RDC,Truck,2013-06-28,2013-07-31,2014-01-31,2014-02-10,2014-03-17,ARV,Adult,SCMS from RDC,"Efavirenz/Lamivudine/Tenofovir Disoproxil Fumarate 600/300/300mg, tablets, 30 Tabs",Efavirenz/Lamivudine/Tenofovir Disoproxil Fumarate,Generic,600/300/300mg,Tablet - FDC,30,66054,736502.1,11.15,0.37,Hetero Unit III Hyderabad IN,False,668.5,5192.68,911.05
7828,83760,107-RW-T30,FPQ-12766,SO-46490,DN-3520,Rwanda,PMO - US,From RDC,N/A - From RDC,Truck,2013-08-02,2013-07-31,2014-01-31,2014-02-25,2014-03-12,ARV,Adult,SCMS from RDC,"Lamivudine/Zidovudine 150/300mg, tablets, 60 Tabs",Lamivudine/Zidovudine,Generic,150/300mg,Tablet - FDC,60,8600,57878.0,6.73,0.11,"Cipla, Goa, India",True,770.0,9828.73,71.6
7829,83761,109-TZ-T30,FPQ-12587,SO-45999,DN-3531,Tanzania,PMO - US,From RDC,N/A - From RDC,Truck,2013-07-04,2013-07-31,2014-01-31,2014-02-19,2014-02-24,ARV,Adult,SCMS from RDC,"Emtricitabine/Tenofovir Disoproxil Fumarate 200/300mg, tablets, 30 Tabs",Emtricitabine/Tenofovir Disoproxil Fumarate,Generic,200/300mg,Tablet - FDC,30,40000,234800.0,5.87,0.2,"Aurobindo Unit III, India",True,7393.0,7083.18,290.45
7830,83762,111-MZ-T30,FPQ-12416,SO-45897,DN-3535,Mozambique,PMO - US,From RDC,N/A - From RDC,Truck,2013-06-28,2013-07-31,2014-01-31,2014-02-19,2014-03-19,ARV,Adult,SCMS from RDC,"Lamivudine/Nevirapine/Zidovudine 150/200/300mg, tablets, 60 Tabs",Lamivudine/Nevirapine/Zidovudine,Generic,150/300/200mg,Tablet - FDC,60,145400,1247532.0,8.58,0.14,Mylan (formerly Matrix) Nashik,True,10673.0,15392.43,1543.2
7831,83763,104-CI-T30,FPQ-12144,SO-45631,DN-3547,Côte d'Ivoire,PMO - US,From RDC,N/A - From RDC,Truck,2013-04-22,2013-08-28,2014-02-28,2014-01-18,2014-03-04,ARV,Pediatric,SCMS from RDC,"Abacavir/Lamivudine 60/30mg, tablets, 60 Tabs",Abacavir/Lamivudine,Generic,60/30mg,Tablet - FDC,60,2085,8340.0,4.0,0.07,Mylan (formerly Matrix) Nashik,True,699.0,8127.62,10.32
7832,83764,104-CI-T30,FPQ-12800,SO-46391,DN-3548,Côte d'Ivoire,PMO - US,From RDC,N/A - From RDC,Air,2013-08-09,2013-08-28,2014-02-28,2014-02-18,2014-03-04,ARV,Pediatric,SCMS from RDC,"Lamivudine/Zidovudine 30/60mg, tablets, 60 Tabs",Lamivudine/Zidovudine,Generic,30/60mg,Tablet - FDC,60,15000,32250.0,2.15,0.04,Mylan (formerly Matrix) Nashik,True,1442.0,4063.81,39.89
7833,83765,104-CI-T30,FPQ-12800,SO-46330,DN-3557,Côte d'Ivoire,PMO - US,From RDC,N/A - From RDC,Air,2013-08-09,2013-08-28,2014-02-28,2014-03-01,2014-04-03,ARV,Adult,SCMS from RDC,"Tenofovir Disoproxil Fumarate 300mg, tablets, 30 Tabs",Tenofovir Disoproxil Fumarate,Generic,300mg,Tablet,30,4641,18749.64,4.04,0.13,Mylan (formerly Matrix) Nashik,True,285.0,1335.15,23.19
7834,83766,111-MZ-T30,FPQ-13123,SO-47081,DN-3558,Mozambique,PMO - US,From RDC,N/A - From RDC,Truck,2013-10-21,2013-10-15,2014-04-15,2014-03-28,2014-04-04,ARV,Adult,SCMS from RDC,"Lamivudine/Nevirapine/Zidovudine 150/200/300mg, tablets, 60 Tabs",Lamivudine/Nevirapine/Zidovudine,Generic,150/300/200mg,Tablet - FDC,60,41076,339287.76,8.26,0.14,"Strides, Bangalore, India.",True,5170.0,8406.81,348.79
7835,83767,111-MZ-T30,FPQ-13123,SO-47081,DN-3558,Mozambique,PMO - US,From RDC,N/A - From RDC,Truck,2013-10-21,2013-10-15,2014-04-15,2014-03-28,2014-04-04,ARV,Adult,SCMS from RDC,"Nevirapine 200mg, tablets, 60 Tabs",Nevirapine,Generic,200mg,Tablet,60,2100,4746.0,2.26,0.04,Hetero Unit III Hyderabad IN,False,187.0,5192.68,4.88
7836,83768,101-CD-T30,FPQ-13554,SO-47630,DN-3561,"Congo, DRC",PMO - US,From RDC,N/A - From RDC,Air,2014-01-15,2013-11-30,2014-05-30,2014-05-19,2014-06-26,ARV,Pediatric,SCMS from RDC,"Efavirenz 200mg, scored tablets, 90 Tabs",Efavirenz,Generic,200mg,Tablet,90,510,4743.0,9.3,0.1,"Strides, Bangalore, India.",False,668.5,2346.5699999999997,4.88
7837,83771,110-ZM-T30,FPQ-12066,SO-45082,DN-3570,Zambia,PMO - US,From RDC,N/A - From RDC,Truck,2013-04-19,2013-08-28,2014-02-28,2014-03-25,2014-04-04,ARV,Adult,SCMS from RDC,"Efavirenz/Emtricitabine/Tenofovir Disoproxil Fumarate 600/200/300mg, tablets, 30 Tabs",Efavirenz/Emtricitabine/Tenofovir Disoproxil Fumarate,Generic,600/200/300mg,Tablet - FDC,30,25511,303325.79,11.89,0.4,"Cipla, Goa, India",True,3041.0,3526.69,375.21
7838,83772,111-MZ-T30,FPQ-13123,SO-47083,DN-3580,Mozambique,PMO - US,From RDC,N/A - From RDC,Truck,2013-10-21,2013-10-15,2014-04-15,2014-04-14,2014-04-17,ARV,Adult,SCMS from RDC,"Efavirenz/Lamivudine/Tenofovir Disoproxil Fumarate 600/300/300mg, tablets, 30 Tabs",Efavirenz/Lamivudine/Tenofovir Disoproxil Fumarate,Generic,600/300/300mg,Tablet - FDC,30,137189,1529657.35,11.15,0.37,Mylan (formerly Matrix) Nashik,True,28696.0,22890.82,1572.49
7839,83773,109-TZ-T30,FPQ-12587,SO-46002,DN-3582,Tanzania,PMO - US,From RDC,N/A - From RDC,Truck,2013-07-04,2013-10-30,2014-04-30,2014-05-02,2014-05-07,ARV,Pediatric,SCMS from RDC,"Lamivudine/Nevirapine/Zidovudine 30/50/60mg, dispersible tablets, 60 Tabs",Lamivudine/Nevirapine/Zidovudine,Generic,30/50/60mg,Chewable/dispersible tablet - FDC,60,43460,162975.0,3.75,0.06,Mylan (formerly Matrix) Nashik,False,668.5,3623.2,201.6
7840,83774,105-GY-T30,FPQ-13071,SO-46800,DN-3585,Guyana,PMO - US,From RDC,N/A - From RDC,Air,2013-10-09,2013-09-30,2014-03-31,2014-04-03,2014-06-06,ARV,Adult,SCMS from RDC,"Lamivudine 150mg, tablets, 60 Tabs",Lamivudine,Generic,150mg,Tablet,60,188,374.12,1.99,0.03,"Aurobindo Unit III, India",False,25.0,1924.4650000000001,0.38
7841,83775,106-HT-T30,FPQ-13608,SO-47690,DN-3586,Haiti,PMO - US,From RDC,N/A - From RDC,Air,2014-01-22,2013-09-30,2014-03-30,2014-03-24,2014-05-06,ARV,Adult,SCMS from RDC,"Lopinavir/Ritonavir 200/50mg, tablets, 120 Tabs",Lopinavir/Ritonavir,Generic,200/50mg,Tablet,120,2000,40960.0,20.48,0.17,Mylan (formerly Matrix) Nashik,False,274.0,2946.7200000000003,42.11
7842,83776,106-HT-T30,FPQ-13648,SO-47800,DN-3587,Haiti,PMO - US,From RDC,N/A - From RDC,Air,2014-02-03,2013-11-05,2014-05-05,2014-03-24,2014-05-06,ARV,Pediatric,SCMS from RDC,"Lamivudine 10mg/ml, oral solution w/syringe, Bottle, 240 ml",Lamivudine,Generic,10mg/ml,Oral solution,240,4000,5720.0,1.43,0.01,"Aurobindo Unit III, India",True,2769.0,29216.84,5.88
7843,83777,114-UG-T30,FPQ-13108,SO-46882,DN-3602,Uganda,PMO - US,From RDC,N/A - From RDC,Truck,2013-10-16,2013-10-30,2014-04-30,2014-04-18,2014-05-07,ARV,Adult,SCMS from RDC,"Nevirapine 200mg, tablets, 60 Tabs",Nevirapine,Generic,200mg,Tablet,60,12965,29300.9,2.26,0.04,"Aurobindo Unit III, India",True,1243.0,0.0,30.12
7844,83779,109-TZ-T30,FPQ-13042,SO-46660,DN-3613,Tanzania,PMO - US,From RDC,N/A - From RDC,Truck,2013-10-01,2013-11-09,2014-05-09,2014-05-10,2014-06-20,ARV,Adult,SCMS from RDC,"Efavirenz/Emtricitabine/Tenofovir Disoproxil Fumarate 600/200/300mg, tablets, 30 Tabs",Efavirenz/Emtricitabine/Tenofovir Disoproxil Fumarate,Generic,600/200/300mg,Tablet - FDC,30,206508,2455380.12,11.89,0.4,Mylan (formerly Matrix) Nashik,True,22895.0,13649.14,3037.31
7845,83780,151-NG-T30,FPQ-12248,SO-45666,DN-3620,Nigeria,PMO - US,From RDC,N/A - From RDC,Air Charter,2013-05-06,2013-10-15,2014-04-15,2014-04-20,2014-05-02,ARV,Adult,SCMS from RDC,"Efavirenz/Lamivudine/Tenofovir Disoproxil Fumarate 600/300/300mg, tablets, 30 Tabs",Efavirenz/Lamivudine/Tenofovir Disoproxil Fumarate,Generic,600/300/300mg,Tablet - FDC,30,40409,439245.83,10.87,0.36,Hetero Unit III Hyderabad IN,True,5977.0,29674.92,543.35
7846,83781,105-GY-T30,FPQ-13567,SO-47730,DN-3626,Guyana,PMO - US,From RDC,N/A - From RDC,Air,2014-01-16,2013-12-30,2014-06-30,2014-04-14,2014-06-06,ARV,Adult,SCMS from RDC,"Zidovudine 300mg, tablets, 60 Tabs",Zidovudine,Generic,300mg,Tablet,60,1135,6333.3,5.58,0.09,"Aurobindo Unit III, India",True,282.0,5380.36,6.51
7847,83782,111-MZ-T30,FPQ-13123,SO-47084,DN-3627,Mozambique,PMO - US,From RDC,N/A - From RDC,Truck,2013-10-21,2013-12-03,2014-06-03,2014-06-03,2014-06-11,ARV,Adult,SCMS from RDC,"Abacavir 300mg, tablets, 60 Tabs",Abacavir,Generic,300mg,Tablet,60,3386,38024.78,11.23,0.19,Mylan (formerly Matrix) Nashik,True,15942.0,4768.06,39.09
7848,83783,111-MZ-T30,FPQ-13123,SO-47084,DN-3627,Mozambique,PMO - US,From RDC,N/A - From RDC,Truck,2013-10-21,2013-12-03,2014-06-03,2014-06-03,2014-06-11,ARV,Adult,SCMS from RDC,"Lopinavir/Ritonavir 200/50mg [Aluvia], tablets, 120 Tabs",Lopinavir/Ritonavir,Aluvia,200/50mg,Tablet,120,10040,189756.0,18.9,0.16,ABBVIE Ludwigshafen Germany,False,668.5,5192.68,195.07
7849,83784,104-CI-T30,FPQ-13142,SO-47151,DN-3633,Côte d'Ivoire,PMO - US,From RDC,N/A - From RDC,Truck,2013-10-22,2013-10-30,2014-04-30,2014-04-22,2014-06-11,ARV,Adult,SCMS from RDC,"Tenofovir Disoproxil Fumarate 300mg, tablets, 30 Tabs",Tenofovir Disoproxil Fumarate,Generic,300mg,Tablet,30,4300,16254.0,3.78,0.13,Hetero Unit III Hyderabad IN,False,220.0,6757.815,16.71
7850,83785,105-GY-T30,FPQ-13071,SO-46802,DN-3635,Guyana,PMO - US,From RDC,N/A - From RDC,Air,2013-10-09,2013-10-30,2014-04-30,2014-04-22,2014-06-11,ARV,Adult,SCMS from RDC,"Zidovudine 300mg, tablets, 60 Tabs",Zidovudine,Generic,300mg,Tablet,60,62,341.0,5.5,0.09,"Aurobindo Unit III, India",True,4.0,660.44,0.35
7851,83787,104-CI-T30,FPQ-12712,SO-46310,DN-3679,Côte d'Ivoire,PMO - US,From RDC,N/A - From RDC,Truck,2013-07-30,2013-11-15,2014-05-15,2014-05-12,2014-06-30,ARV,Pediatric,SCMS from RDC,"Lamivudine/Nevirapine/Zidovudine 30/50/60mg, dispersible tablets, 60 Tabs",Lamivudine/Nevirapine/Zidovudine,Generic,30/50/60mg,Chewable/dispersible tablet - FDC,60,18800,70500.0,3.75,0.06,"Strides, Bangalore, India.",True,802.0,4625.27,87.21
7852,83788,106-HT-T30,FPQ-13608,SO-47680,DN-3683,Haiti,PMO - US,From RDC,N/A - From RDC,Air,2014-01-22,2013-11-15,2014-05-15,2014-05-12,2014-06-24,ARV,Adult,SCMS from RDC,"Lamivudine/Zidovudine 150/300mg, tablets, 60 Tabs",Lamivudine/Zidovudine,Generic,150/300mg,Tablet - FDC,60,4000,26400.0,6.6,0.11,Mylan (formerly Matrix) Nashik,True,305.0,3282.33,27.14
7853,83789,106-HT-T30,FPQ-13608,SO-47681,DN-3684,Haiti,PMO - US,From RDC,N/A - From RDC,Air,2014-01-22,2013-11-17,2014-05-17,2014-05-29,2014-06-12,ARV,Adult,SCMS from RDC,"Lamivudine/Zidovudine 150/300mg, tablets, 60 Tabs",Lamivudine/Zidovudine,Generic,150/300mg,Tablet - FDC,60,20000,132000.0,6.6,0.11,Hetero Unit III Hyderabad IN,True,1777.0,15330.56,135.7
7854,83791,104-CI-T30,FPQ-13142,SO-47134,DN-3693,Côte d'Ivoire,PMO - US,From RDC,N/A - From RDC,Truck,2013-10-22,2013-11-30,2014-05-30,2014-05-16,2014-06-30,ARV,Pediatric,SCMS from RDC,"Lamivudine/Nevirapine/Zidovudine 30/50/60mg, dispersible tablets, 60 Tabs",Lamivudine/Nevirapine/Zidovudine,Generic,30/50/60mg,Chewable/dispersible tablet - FDC,60,20000,75000.0,3.75,0.06,Mylan (formerly Matrix) Nashik,True,1041.0,5156.93,77.1
7855,83792,104-CI-T30,FPQ-13142,SO-47153,DN-3694,Côte d'Ivoire,PMO - US,From RDC,N/A - From RDC,Truck,2013-10-22,2013-11-30,2014-05-30,2014-05-17,2014-06-30,ARV,Adult,SCMS from RDC,"Lopinavir/Ritonavir 200/50mg [Aluvia], tablets, 120 Tabs",Lopinavir/Ritonavir,Aluvia,200/50mg,Tablet,120,33171,626931.9,18.9,0.16,ABBVIE Ludwigshafen Germany,True,7355.0,28647.52,644.49
7856,83793,110-ZM-T30,FPQ-13221,SO-47203,DN-3701,Zambia,PMO - US,From RDC,N/A - From RDC,Truck,2013-10-31,2013-11-30,2014-05-30,2014-06-06,2014-06-19,ARV,Adult,SCMS from RDC,"Lamivudine/Tenofovir Disoproxil Fumarate 300/300mg, tablets, 30 Tabs",Lamivudine/Tenofovir Disoproxil Fumarate,Generic,300/300mg,Tablet - FDC,30,166295,771608.8,4.64,0.15,Hetero Unit III Hyderabad IN,True,17177.0,29971.59,793.21
7857,83795,102-BI-T30,FPQ-13627,SO-47670,DN-3712,Burundi,PMO - US,From RDC,N/A - From RDC,Air,2014-01-24,2013-11-30,2014-05-30,2014-06-25,2014-07-01,ARV,Adult,SCMS from RDC,"Efavirenz/Lamivudine/Tenofovir Disoproxil Fumarate 600/300/300mg, tablets, 30 Tabs",Efavirenz/Lamivudine/Tenofovir Disoproxil Fumarate,Generic,600/300/300mg,Tablet - FDC,30,2880,31046.4,10.78,0.36,Mylan (formerly Matrix) Nashik,True,546.0,4195.64,31.92
7858,83796,102-BI-T30,FPQ-13627,SO-47670,DN-3712,Burundi,PMO - US,From RDC,N/A - From RDC,Air,2014-01-24,2013-11-30,2014-05-30,2014-06-25,2014-07-01,ARV,Adult,SCMS from RDC,"Lamivudine/Nevirapine/Zidovudine 150/200/300mg, tablets, 60 Tabs",Lamivudine/Nevirapine/Zidovudine,Generic,150/300/200mg,Tablet - FDC,60,1152,9342.72,8.11,0.14,Hetero Unit III Hyderabad IN,False,81.5,3544.4849999999997,9.6
7859,83797,102-BI-T30,FPQ-13627,SO-47670,DN-3712,Burundi,PMO - US,From RDC,N/A - From RDC,Air,2014-01-24,2013-11-30,2014-05-30,2014-06-25,2014-07-01,ARV,Adult,SCMS from RDC,"Nevirapine 200mg, tablets, 60 Tabs",Nevirapine,Generic,200mg,Tablet,60,450,994.5,2.21,0.04,"Aurobindo Unit III, India",False,78.5,3544.4849999999997,1.02
7860,83804,102-BI-T30,FPQ-12602,SO-46023,DN-3739,Burundi,PMO - US,From RDC,N/A - From RDC,Air,2013-07-09,2013-12-16,2014-06-16,2014-06-04,2014-07-09,ARV,Adult,SCMS from RDC,"Lamivudine/Zidovudine 150/300mg, tablets, 60 Tabs",Lamivudine/Zidovudine,Generic,150/300mg,Tablet - FDC,60,790,5150.8,6.52,0.11,Hetero Unit III Hyderabad IN,True,186.0,29.21,6.37
7861,83806,107-RW-T30,FPQ-12190,SO-45402,DN-3748,Rwanda,PMO - US,From RDC,N/A - From RDC,Truck,2013-05-06,2013-12-30,2014-06-30,2014-06-12,2014-07-10,ARV,Pediatric,SCMS from RDC,"Lamivudine 10mg/ml, oral solution w/syringe, Bottle, 240 ml",Lamivudine,Generic,10mg/ml,Oral solution,240,507,937.95,1.85,0.01,"Aurobindo Unit III, India",True,185.0,2342.16,1.16
7862,83808,114-UG-T30,FPQ-12255,SO-45591,DN-3766,Uganda,PMO - US,From RDC,N/A - From RDC,Air,2013-05-08,2013-12-30,2014-06-30,2014-06-20,2014-07-09,ARV,Adult,SCMS from RDC,"Lopinavir/Ritonavir 200/50mg [Aluvia], tablets, 120 Tabs",Lopinavir/Ritonavir,Aluvia,200/50mg,Tablet,120,84,1587.6,18.9,0.16,ABBVIE Ludwigshafen Germany,True,9014.0,892.92,1.96
7863,83809,110-ZM-T30,FPQ-13222,SO-47210,DN-3756,Zambia,PMO - US,From RDC,N/A - From RDC,Truck,2013-10-31,2013-12-30,2014-06-30,2014-07-04,2014-08-04,ARV,Adult,SCMS from RDC,"Lamivudine/Stavudine 150/30mg, tablets, 60 Tabs",Lamivudine/Stavudine,Generic,150/30mg,Tablet - FDC,60,5232,13027.68,2.49,0.04,Hetero Unit III Hyderabad IN,True,414.0,770.14,13.39
7864,83810,114-UG-T30,FPQ-13108,SO-46874,DN-3760,Uganda,PMO - US,From RDC,N/A - From RDC,Truck,2013-10-16,2013-12-30,2014-06-30,2014-06-20,2014-07-09,ARV,Pediatric,SCMS from RDC,"Nevirapine 10mg/ml, oral suspension w/syringe, Bottle, 100 ml",Nevirapine,Generic,10mg/ml,Oral suspension,100,45000,58500.0,1.3,0.01,"Aurobindo Unit III, India",True,9014.0,52211.42,60.14
7865,83813,117-ET-T30,FPQ-14544,SO-49240,DN-3892,Ethiopia,PMO - US,From RDC,N/A - From RDC,Air,2014-06-30,2014-03-15,2014-09-15,2014-08-29,2014-11-04,ARV,Pediatric,SCMS from RDC,"Abacavir/Lamivudine 60/30mg, dispersible tablets, 60 Tabs",Abacavir/Lamivudine,Generic,60/30mg,Chewable/dispersible tablet - FDC,60,429,2415.27,5.63,0.09,"Cipla, Patalganga, India",True,39.0,792.12,2.48
7866,83815,104-CI-T30,FPQ-13142,SO-47156,DN-3900,Côte d'Ivoire,PMO - US,From RDC,N/A - From RDC,Truck,2013-10-22,2014-03-30,2014-09-30,2014-09-08,2014-09-19,ARV,Pediatric,SCMS from RDC,"Zidovudine 10mg/ml, oral solution w/syringe, Bottle, 240 ml",Zidovudine,Generic,10mg/ml,Oral solution,240,156,327.6,2.1,0.01,"Aurobindo Unit III, India",True,100.0,396.32,0.34
7867,83817,111-MZ-T30,FPQ-14226,SO-49390,DN-3886,Mozambique,PMO - US,From RDC,N/A - From RDC,Truck,2014-05-02,2014-03-30,2014-09-30,2014-10-30,2014-11-13,ARV,Adult,SCMS from RDC,"Lopinavir/Ritonavir 200/50mg [Aluvia], tablets, 120 Tabs",Lopinavir/Ritonavir,Aluvia,200/50mg,Tablet,120,49000,926100.0,18.9,0.16,ABBVIE Ludwigshafen Germany,True,11107.0,5982.43,952.03
7868,83818,107-RW-T30,FPQ-13812,SO-48161,DN-3787,Rwanda,PMO - US,From RDC,N/A - From RDC,Truck,2014-03-04,2014-02-19,2014-08-19,2014-08-13,2014-08-14,ARV,Pediatric,SCMS from RDC,"Efavirenz 200mg, scored tablets, 90 Tabs",Efavirenz,Generic,200mg,Tablet,90,2900,23954.0,8.26,0.09,"Strides, Bangalore, India.",True,5621.0,10640.81,24.62
7869,83819,151-NG-T30,FPQ-13293,SO-47272,DN-3794,Nigeria,PMO - US,From RDC,N/A - From RDC,Air Charter,2013-11-19,2013-12-30,2014-06-30,2014-06-20,2014-06-25,ARV,Adult,SCMS from RDC,"Lamivudine/Nevirapine/Zidovudine 150/200/300mg, tablets, 60 Tabs",Lamivudine/Nevirapine/Zidovudine,Generic,150/300/200mg,Tablet - FDC,60,63285,513241.35,8.11,0.14,Mylan (formerly Matrix) Nashik,False,668.5,12601.07,527.61
7870,83822,105-GY-T30,FPQ-14042,SO-48510,DN-3817,Guyana,PMO - US,From RDC,N/A - From RDC,Air,2014-04-09,2014-03-30,2014-09-30,2014-08-29,2014-09-08,ARV,Pediatric,SCMS from RDC,"Nevirapine 10mg/ml, oral suspension w/syringe, Bottle, 240 ml",Nevirapine,Generic,10mg/ml,Oral suspension,240,129,210.27,1.63,0.01,"Aurobindo Unit III, India",True,253.0,3519.7,0.22
7871,83823,113-ZW-T30,FPQ-13508,SO-47540,DN-3825,Zimbabwe,PMO - US,From RDC,N/A - From RDC,Truck,2013-12-24,2014-03-30,2014-09-30,2014-06-29,2014-08-04,ARV,Adult,SCMS from RDC,"Nevirapine 200mg, tablets, 60 Tabs",Nevirapine,Generic,200mg,Tablet,60,68113,148486.34,2.18,0.04,Hetero Unit III Hyderabad IN,False,668.5,6721.705,152.64
7872,83824,111-MZ-T30,FPQ-13124,SO-47060,DN-3830,Mozambique,PMO - US,From RDC,N/A - From RDC,Truck,2013-10-21,2014-02-28,2014-08-29,2014-08-15,2014-08-25,ARV,Adult,SCMS from RDC,"Abacavir 300mg, tablets, 60 Tabs",Abacavir,Generic,300mg,Tablet,60,10868,122047.64,11.23,0.19,Mylan (formerly Matrix) Nashik,True,1026.0,1138.29,125.46
7873,83825,101-CD-T30,FPQ-14252,SO-48860,DN-3836,"Congo, DRC",PMO - US,From RDC,N/A - From RDC,Air,2014-05-07,2014-03-24,2014-09-24,2014-10-28,2014-12-04,ARV,Pediatric,SCMS from RDC,"Nevirapine 10mg/ml, oral suspension w/syringe, Bottle, 100 ml",Nevirapine,Generic,10mg/ml,Oral suspension,100,1330,1729.0,1.3,0.01,"Aurobindo Unit III, India",True,416.0,5347.37,1.78
7874,83826,103-SS-T30,FPQ-14409,SO-49130,DN-3837,South Sudan,PMO - US,From RDC,N/A - From RDC,Air,2014-06-05,2014-02-19,2014-08-19,2014-10-17,2014-11-21,ARV,Pediatric,SCMS from RDC,"Nevirapine 10mg/ml, oral suspension w/syringe, Bottle, 240 ml",Nevirapine,Generic,10mg/ml,Oral suspension,240,2125,3463.75,1.63,0.01,"Aurobindo Unit III, India",True,759.0,9664.79,3.56
7875,83827,103-SS-T30,FPQ-14409,SO-49120,DN-3842,South Sudan,PMO - US,From RDC,N/A - From RDC,Air,2014-06-05,2014-03-01,2014-09-01,2014-09-01,2014-09-02,ARV,Pediatric,SCMS from RDC,"Efavirenz 200mg, scored tablets, 90 Tabs",Efavirenz,Generic,200mg,Tablet,90,1016,9448.8,9.3,0.1,"Strides, Bangalore, India.",False,491.0,2575.925,9.71
7876,83828,101-CD-T30,FPQ-14252,SO-48850,DN-3843,"Congo, DRC",PMO - US,From RDC,N/A - From RDC,Air,2014-05-07,2014-02-13,2014-08-13,2014-09-24,2014-11-06,ARV,Pediatric,SCMS from RDC,"Lamivudine/Nevirapine/Zidovudine 30/50/60mg, dispersible tablets, 60 Tabs",Lamivudine/Nevirapine/Zidovudine,Generic,30/50/60mg,Chewable/dispersible tablet - FDC,60,2825,10537.25,3.73,0.06,"Strides, Bangalore, India.",False,668.5,2346.5699999999997,10.83
7877,83829,105-GY-T30,FPQ-14042,SO-48520,DN-3844,Guyana,PMO - US,From RDC,N/A - From RDC,Air,2014-04-09,2014-03-30,2014-09-30,2014-07-30,2014-09-05,ARV,Adult,SCMS from RDC,"Lamivudine 150mg, tablets, 60 Tabs",Lamivudine,Generic,150mg,Tablet,60,320,556.8,1.74,0.03,"Aurobindo Unit III, India",False,122.0,1924.4650000000001,0.57
7878,83830,107-RW-T30,FPQ-13812,SO-48150,DN-3845,Rwanda,PMO - US,From RDC,N/A - From RDC,Truck,2014-03-04,2014-03-16,2014-09-16,2014-08-01,2014-08-22,ARV,Adult,SCMS from RDC,"Tenofovir Disoproxil Fumarate 300mg, tablets, 30 Tabs",Tenofovir Disoproxil Fumarate,Generic,300mg,Tablet,30,715,2888.6,4.04,0.13,Mylan (formerly Matrix) Nashik,True,44.0,1171.2,2.97
7879,83832,104-CI-T30,FPQ-10633,SO-43360,DN-3850,Côte d'Ivoire,PMO - US,From RDC,N/A - From RDC,Truck,2012-09-11,2014-02-28,2014-08-29,2014-08-18,2014-09-05,ARV,Adult,SCMS from RDC,"Efavirenz 600mg, tablets, 30 Tabs",Efavirenz,Generic,600mg,Tablet,30,29804,95670.84,3.21,0.11,"Strides, Bangalore, India.",True,1766.0,7481.81,134.13
7880,83833,102-BI-T30,FPQ-14112,SO-48580,DN-3852,Burundi,PMO - US,From RDC,N/A - From RDC,Air,2014-04-18,2014-03-30,2014-09-30,2014-09-05,2014-09-18,ARV,Adult,SCMS from RDC,"Lopinavir/Ritonavir 200/50mg, tablets, 120 Tabs",Lopinavir/Ritonavir,Generic,200/50mg,Tablet,120,280,5518.8,19.71,0.16,Mylan (formerly Matrix) Nashik,True,75.0,1855.34,5.67
7881,83842,110-ZM-T30,FPQ-13221,SO-48410,DN-3861,Zambia,PMO - US,From RDC,N/A - From RDC,Truck,2013-10-31,2014-01-31,2014-07-31,2014-09-23,2014-10-06,ARV,Adult,SCMS from RDC,"Lopinavir/Ritonavir 200/50mg, tablets, 120 Tabs",Lopinavir/Ritonavir,Generic,200/50mg,Tablet,120,312,6149.52,19.71,0.16,Mylan (formerly Matrix) Nashik,True,80.0,87.87,6.32
7882,83843,114-UG-T30,FPQ-14396,SO-48980,DN-3863,Uganda,PMO - US,From RDC,N/A - From RDC,Truck,2014-06-04,2014-03-11,2014-09-11,2014-08-09,2014-08-13,ARV,Adult,SCMS from RDC,"Lopinavir/Ritonavir 200/50mg [Aluvia], tablets, 120 Tabs",Lopinavir/Ritonavir,Aluvia,200/50mg,Tablet,120,12713,240275.7,18.9,0.16,ABBVIE Ludwigshafen Germany,True,2630.0,6926.9,247.0
7883,83844,114-UG-T30,FPQ-14396,SO-49000,DN-3908,Uganda,PMO - US,From RDC,N/A - From RDC,Truck,2014-06-04,2014-03-30,2014-09-30,2014-09-17,2014-09-18,ARV,Pediatric,SCMS from RDC,"Lamivudine/Nevirapine/Zidovudine 30/50/60mg, dispersible tablets, 60 Tabs",Lamivudine/Nevirapine/Zidovudine,Generic,30/50/60mg,Chewable/dispersible tablet - FDC,60,11553,43092.69,3.73,0.06,"Strides, Bangalore, India.",True,516.0,2042.9,44.3
7884,83845,101-CD-T30,FPQ-14576,SO-49300,DN-3927,"Congo, DRC",PMO - US,From RDC,N/A - From RDC,Air,2014-07-14,2014-04-30,2014-10-30,2014-10-27,2014-11-12,ARV,Adult,SCMS from RDC,"Abacavir 300mg, tablets, 60 Tabs",Abacavir,Generic,300mg,Tablet,60,715,8029.45,11.23,0.19,Mylan (formerly Matrix) Nashik,True,116.0,891.0,8.25
7885,83847,109-TZ-T30,FPQ-13042,SO-46700,DN-3967,Tanzania,PMO - US,From RDC,N/A - From RDC,Truck,2013-10-01,2014-05-28,2014-11-28,2014-11-20,2014-11-21,ARV,Pediatric,SCMS from RDC,"Lamivudine/Nevirapine/Zidovudine 30/50/60mg, dispersible tablets, 60 Tabs",Lamivudine/Nevirapine/Zidovudine,Generic,30/50/60mg,Chewable/dispersible tablet - FDC,60,18317,71253.13,3.89,0.06,Mylan (formerly Matrix) Nashik,True,581.0,6311.88,88.14
7886,83848,109-TZ-T30,FPQ-13566,SO-47661,DN-3968,Tanzania,PMO - US,From RDC,N/A - From RDC,Air,2014-01-15,2014-07-30,2015-01-30,2014-12-17,2014-12-18,ARV,Pediatric,SCMS from RDC,"Lamivudine/Nevirapine/Zidovudine 30/50/60mg, dispersible tablets, 60 Tabs",Lamivudine/Nevirapine/Zidovudine,Generic,30/50/60mg,Chewable/dispersible tablet - FDC,60,31153,116823.75,3.75,0.06,Mylan (formerly Matrix) Nashik,True,1739.0,10506.44,120.09
7887,83849,103-ZW-T30,FPQ-13990,SO-48470,DN-3970,Zimbabwe,PMO - US,From RDC,N/A - From RDC,Truck,2014-04-01,2014-04-30,2014-10-31,2014-10-30,2014-11-07,ARV,Pediatric,SCMS from RDC,"Abacavir/Lamivudine 60/30mg, tablets, 60 Tabs",Abacavir/Lamivudine,Generic,60/30mg,Tablet - FDC,60,27847,109995.65,3.95,0.07,Mylan (formerly Matrix) Nashik,True,1153.0,1489.8,113.08
7888,83850,103-ZW-T30,FPQ-13967,SO-49890,DN-3972,Zimbabwe,PMO - US,From RDC,N/A - From RDC,Truck,2014-04-02,2014-05-14,2014-11-14,2014-10-30,2014-11-07,ARV,Pediatric,SCMS from RDC,"Lamivudine/Nevirapine/Zidovudine 30/50/60mg, dispersible tablets, 60 Tabs",Lamivudine/Nevirapine/Zidovudine,Generic,30/50/60mg,Chewable/dispersible tablet - FDC,60,37963,136666.8,3.6,0.06,"Cipla, Goa, India",False,668.5,6721.705,140.49
7889,83853,104-CI-T30,FPQ-14370,SO-49101,DN-3981,Côte d'Ivoire,PMO - US,From RDC,N/A - From RDC,Truck,2014-05-23,2014-04-30,2014-10-31,2014-10-24,2014-11-06,ARV,Adult,SCMS from RDC,"Abacavir/Lamivudine 600/300mg, tablets, 30 Tabs",Abacavir/Lamivudine,Generic,600/300mg,Tablet - FDC,30,3244,43761.56,13.49,0.45,Mylan (formerly Matrix) Nashik,True,288.0,1922.75,44.99
7890,83855,101-CD-T30,FPQ-14576,SO-49290,DN-3975,"Congo, DRC",PMO - US,From RDC,N/A - From RDC,Air,2014-07-14,2014-07-30,2015-01-30,2015-02-18,2015-02-23,ARV,Adult,SCMS from RDC,"Efavirenz 600mg, tablets, 30 Tabs",Efavirenz,Generic,600mg,Tablet,30,2660,8352.4,3.14,0.1,"Micro labs, Verna, Goa, India",False,668.5,2346.5699999999997,8.59
7891,83859,103-ZW-T30,FPQ-14459,SO-49182,DN-4004,Zimbabwe,PMO - US,From RDC,N/A - From RDC,Truck,2014-06-13,2014-05-24,2014-11-24,2014-11-11,2014-11-18,ARV,Pediatric,SCMS from RDC,"Lamivudine/Zidovudine 30/60mg, dispersible tablets, 60 Tabs",Lamivudine/Zidovudine,Generic,30/60mg,Chewable/dispersible tablet - FDC,60,10893,21677.07,1.99,0.03,"Cipla, Goa, India",True,735.0,6331.93,22.28
7892,83860,107-RW-T30,FPQ-14111,SO-48790,DN-4012,Rwanda,PMO - US,From RDC,N/A - From RDC,Truck,2014-04-22,2014-08-16,2015-02-16,2015-01-14,2015-01-19,ARV,Adult,SCMS from RDC,"Nevirapine 200mg, tablets, 60 Tabs",Nevirapine,Generic,200mg,Tablet,60,49941,110369.61,2.21,0.04,Hetero Unit III Hyderabad IN,False,668.5,7173.3,113.46
7893,83861,111-MZ-T30,FPQ-14226,SO-48880,DN-4032,Mozambique,PMO - US,From RDC,N/A - From RDC,Truck,2014-05-02,2014-09-02,2015-03-02,2015-03-02,2015-03-09,ARV,Adult,SCMS from RDC,"Abacavir 300mg, tablets, 60 Tabs",Abacavir,Generic,300mg,Tablet,60,7700,86471.0,11.23,0.19,Mylan (formerly Matrix) Nashik,False,668.5,5192.68,88.89
7894,83862,111-MZ-T30,FPQ-14226,SO-48880,DN-4032,Mozambique,PMO - US,From RDC,N/A - From RDC,Truck,2014-05-02,2014-09-02,2015-03-02,2015-03-02,2015-03-09,ARV,Adult,SCMS from RDC,"Lopinavir/Ritonavir 200/50mg, tablets, 120 Tabs",Lopinavir/Ritonavir,Generic,200/50mg,Tablet,120,29998,581361.24,19.38,0.16,Mylan (formerly Matrix) Nashik,False,3274.0,5192.68,597.64
7895,83864,114-UG-T30,FPQ-15294,SO-50051,DN-4061,Uganda,PMO - US,From RDC,N/A - From RDC,Truck,2014-11-03,2014-12-15,2015-06-15,2015-01-16,2015-01-26,ARV,Adult,SCMS from RDC,"Efavirenz/Lamivudine/Tenofovir Disoproxil Fumarate 600/300/300mg, tablets, 30 Tabs",Efavirenz/Lamivudine/Tenofovir Disoproxil Fumarate,Generic,600/300/300mg,Tablet - FDC,30,350000,3416000.0,9.76,0.33,Mylan (formerly Matrix) Nashik,True,41041.0,40616.15,4020.63
7896,83866,104-CI-T30,FPQ-14370,SO-49052,DN-4064,Côte d'Ivoire,PMO - US,From RDC,N/A - From RDC,Truck,2014-05-23,2014-08-16,2015-02-16,2015-01-19,2015-01-27,ARV,Adult,SCMS from RDC,"Efavirenz 600mg, tablets, 30 Tabs",Efavirenz,Generic,600mg,Tablet,30,29996,93587.52,3.12,0.1,Hetero Unit III Hyderabad IN,False,668.5,6757.815,96.21
7897,83867,114-UG-T30,FPQ-14396,SO-48971,DN-4070,Uganda,PMO - US,From RDC,N/A - From RDC,Truck,2014-06-04,2014-08-16,2015-02-16,2015-01-24,2015-02-03,ARV,Adult,SCMS from RDC,"Efavirenz 600mg, tablets, 30 Tabs",Efavirenz,Generic,600mg,Tablet,30,37500,120375.0,3.21,0.11,"Cipla, Goa, India",True,3961.0,3562.44,123.75
7898,83868,114-UG-T30,FPQ-14396,SO-48972,DN-4071,Uganda,PMO - US,From RDC,N/A - From RDC,Truck,2014-06-04,2014-08-02,2015-02-02,2015-01-24,2015-01-27,ARV,Adult,SCMS from RDC,"Lamivudine/Tenofovir Disoproxil Fumarate 300/300mg, tablets, 30 Tabs",Lamivudine/Tenofovir Disoproxil Fumarate,Generic,300/300mg,Tablet - FDC,30,14420,66764.6,4.63,0.15,"Cipla, Kurkumbh, India",True,1467.0,1319.21,68.63
7899,83869,104-CI-T30,FPQ-13628,SO-47900,DN-4039,Côte d'Ivoire,PMO - US,From RDC,N/A - From RDC,Truck,2014-01-29,2014-07-30,2015-01-30,2015-02-11,2015-02-16,ARV,Pediatric,SCMS from RDC,"Lamivudine/Zidovudine 30/60mg, dispersible tablets, 60 Tabs",Lamivudine/Zidovudine,Generic,30/60mg,Chewable/dispersible tablet - FDC,60,14344,28544.56,1.99,0.03,"Mylan,  H-12 & H-13, India",True,1023.0,5942.68,29.34
7900,83876,109-TZ-T30,FPQ-14135,SO-48921,DN-4089,Tanzania,PMO - US,From RDC,N/A - From RDC,Truck,2014-04-24,2014-08-25,2015-02-25,2015-01-27,2015-02-03,ARV,Pediatric,SCMS from RDC,"Lamivudine/Zidovudine 30/60mg, dispersible tablets, 60 Tabs",Lamivudine/Zidovudine,Generic,30/60mg,Chewable/dispersible tablet - FDC,60,20000,40000.0,2.0,0.03,"Cipla, Goa, India",True,1386.0,7061.2,41.12
7901,83877,111-MZ-T30,FPQ-14843,SO-49710,DN-4096,Mozambique,PMO - US,From RDC,N/A - From RDC,Truck,2014-08-21,2014-08-28,2015-02-28,2015-03-13,2015-03-17,ARV,Adult,SCMS from RDC,"Efavirenz/Lamivudine/Tenofovir Disoproxil Fumarate 600/300/300mg, tablets, 30 Tabs",Efavirenz/Lamivudine/Tenofovir Disoproxil Fumarate,Generic,600/300/300mg,Tablet - FDC,30,380000,3708800.0,9.76,0.33,Cipla Ltd A-42 MIDC Mahar. IN,False,668.5,5192.68,3812.65
7902,83878,114-UG-T30,FPQ-14396,SO-48994,DN-4101,Uganda,PMO - US,From RDC,N/A - From RDC,Truck,2014-06-04,2014-08-27,2015-02-27,2015-02-25,2015-03-05,ARV,Pediatric,SCMS from RDC,"Abacavir/Lamivudine 60/30mg, tablets, 60 Tabs",Abacavir/Lamivudine,Generic,60/30mg,Tablet - FDC,60,11106,45423.54,4.09,0.07,Mylan (formerly Matrix) Nashik,False,668.5,5458.45,46.7
7903,83879,151-NG-T30,FPQ-14766,SO-49681,DN-4099,Nigeria,PMO - US,From RDC,N/A - From RDC,Air Charter,2014-08-13,2014-08-28,2015-02-28,2015-01-14,2015-01-20,ARV,Adult,SCMS from RDC,"Efavirenz/Lamivudine/Tenofovir Disoproxil Fumarate 600/300/300mg, tablets, 30 Tabs",Efavirenz/Lamivudine/Tenofovir Disoproxil Fumarate,Generic,600/300/300mg,Tablet - FDC,30,117112,1143013.12,9.76,0.33,Hetero Unit III Hyderabad IN,True,15735.0,37929.0,1175.02
7904,83880,114-UG-T30,FPQ-15294,SO-50090,DN-4102,Uganda,PMO - US,From RDC,N/A - From RDC,Truck,2014-11-03,2014-08-27,2015-02-27,2015-02-24,2015-02-24,ARV,Adult,SCMS from RDC,"Efavirenz/Lamivudine/Tenofovir Disoproxil Fumarate 600/300/300mg, tablets, 30 Tabs",Efavirenz/Lamivudine/Tenofovir Disoproxil Fumarate,Generic,600/300/300mg,Tablet - FDC,30,2361,24200.25,10.25,0.34,"Aurobindo Unit VII, IN",True,1255.0,4438.0,28.48
7905,83881,114-UG-T30,FPQ-15638,SO-50650,DN-4106,Uganda,PMO - US,From RDC,N/A - From RDC,Truck,2014-12-22,2014-08-17,2015-02-17,2015-01-31,2015-02-02,ARV,Adult,SCMS from RDC,"Nevirapine 200mg, tablets, 60 Tabs",Nevirapine,Generic,200mg,Tablet,60,10059,21928.62,2.18,0.04,Hetero Unit III Hyderabad IN,True,632.0,2643.5,25.81
7906,83882,110-ZM-T30,FPQ-14784,SO-49630,DN-4111,Zambia,PMO - US,From RDC,N/A - From RDC,Truck,2014-08-12,2014-09-30,2015-03-31,2015-02-19,2015-02-20,ARV,Adult,SCMS from RDC,"Efavirenz 600mg, tablets, 30 Tabs",Efavirenz,Generic,600mg,Tablet,30,41416,132945.36,3.21,0.11,"Strides, Bangalore, India.",True,7521.0,8265.26,136.67
7907,83883,111-MZ-T30,FPQ-14226,SO-48886,DN-4115,Mozambique,PMO - US,From RDC,N/A - From RDC,Truck,2014-05-02,2014-09-16,2015-03-16,2015-03-30,2015-03-30,ARV,Adult,SCMS from RDC,"Abacavir 300mg, tablets, 60 Tabs",Abacavir,Generic,300mg,Tablet,60,5280,59294.4,11.23,0.19,"Aurobindo Unit III, India",False,1570.0,5192.68,60.95
7908,83885,151-NG-T30,FPQ-14156,SO-48909,DN-4123,Nigeria,PMO - US,From RDC,N/A - From RDC,Air Charter,2014-04-25,2014-09-02,2015-03-02,2015-02-05,2015-02-10,ARV,Adult,SCMS from RDC,"Lamivudine/Zidovudine 150/300mg, tablets, 60 Tabs",Lamivudine/Zidovudine,Generic,150/300mg,Tablet - FDC,60,164867,1088122.2,6.6,0.11,Mylan (formerly Matrix) Nashik,True,14794.0,34099.18,1118.59
7909,83886,151-NG-T30,FPQ-14766,SO-49683,DN-4128,Nigeria,PMO - US,From RDC,N/A - From RDC,Air Charter,2014-08-13,2014-08-28,2015-02-28,2015-02-05,2015-02-16,ARV,Adult,SCMS from RDC,"Lamivudine/Nevirapine/Zidovudine 150/200/300mg, tablets, 60 Tabs",Lamivudine/Nevirapine/Zidovudine,Generic,150/300/200mg,Tablet - FDC,60,42500,328100.0,7.72,0.13,Hetero Unit III Hyderabad IN,True,6229.0,12045.84,337.29
7910,83888,113-ZW-T30,FPQ-14458,SO-49150,DN-4129,Zimbabwe,PMO - US,From RDC,N/A - From RDC,Truck,2014-06-13,2014-08-09,2015-02-09,2015-02-10,2015-02-20,ARV,Adult,SCMS from RDC,"Efavirenz/Lamivudine/Tenofovir Disoproxil Fumarate 600/300/300mg, tablets, 30 Tabs",Efavirenz/Lamivudine/Tenofovir Disoproxil Fumarate,Generic,600/300/300mg,Tablet - FDC,30,400000,3904000.0,9.76,0.33,Mylan (formerly Matrix) Nashik,True,45186.0,47401.47,4013.31
7911,83890,104-CI-T30,FPQ-14370,SO-49050,DN-4138,Côte d'Ivoire,PMO - US,From RDC,N/A - From RDC,Truck,2014-05-23,2014-08-27,2015-02-27,2015-03-11,2015-03-30,ARV,Adult,SCMS from RDC,"Lamivudine/Zidovudine 150/300mg, tablets, 60 Tabs",Lamivudine/Zidovudine,Generic,150/300mg,Tablet - FDC,60,100000,652000.0,6.52,0.11,Hetero Unit III Hyderabad IN,True,8855.0,33900.99,670.26
7912,83891,114-UG-T30,FPQ-14396,SO-49010,DN-4151,Uganda,PMO - US,From RDC,N/A - From RDC,Truck,2014-06-04,2014-09-16,2015-03-16,2015-03-12,2015-03-17,ARV,Pediatric,SCMS from RDC,"Lamivudine/Nevirapine/Zidovudine 30/50/60mg, dispersible tablets, 60 Tabs",Lamivudine/Nevirapine/Zidovudine,Generic,30/50/60mg,Chewable/dispersible tablet - FDC,60,6384,22982.4,3.6,0.06,Mylan (formerly Matrix) Nashik,True,382.0,1587.3,23.63
7913,83893,102-ZW-T30,FPQ-15196,SO-50000,DN-4156,Zimbabwe,PMO - US,From RDC,N/A - From RDC,Truck,2014-10-16,2014-10-30,2015-04-30,2015-03-17,2015-03-18,ARV,Adult,SCMS from RDC,"Efavirenz/Lamivudine/Tenofovir Disoproxil Fumarate 600/300/300mg, tablets, 30 Tabs",Efavirenz/Lamivudine/Tenofovir Disoproxil Fumarate,Generic,600/300/300mg,Tablet - FDC,30,81589,783254.4,9.6,0.32,"Aurobindo Unit VII, IN",True,21668.0,23559.93,921.89
7914,83894,102-BI-T30,FPQ-15406,SO-50270,DN-4144,Burundi,PMO - US,From RDC,N/A - From RDC,Air,2014-11-19,2014-08-27,2015-02-27,2015-02-28,2015-03-05,ARV,Adult,SCMS from RDC,"Lopinavir/Ritonavir 200/50mg [Aluvia], tablets, 120 Tabs",Lopinavir/Ritonavir,Aluvia,200/50mg,Tablet,120,320,6048.0,18.9,0.16,ABBVIE Ludwigshafen Germany,False,122.0,3544.4849999999997,7.12
7915,83897,107-RW-T30,FPQ-14811,SO-49940,DN-4162,Rwanda,PMO - US,From RDC,N/A - From RDC,Truck,2014-10-15,2014-09-30,2015-03-31,2015-03-24,2015-03-24,ARV,Pediatric,SCMS from RDC,"Abacavir/Lamivudine 60/30mg, dispersible tablets, 60 Tabs",Abacavir/Lamivudine,Generic,60/30mg,Chewable/dispersible tablet - FDC,60,24174,123045.66,5.09,0.08,"Cipla, Patalganga, India",False,668.5,7173.3,126.49
7916,83898,102-ZW-T30,FPQ-13991,SO-48491,DN-4164,Zimbabwe,PMO - US,From RDC,N/A - From RDC,Truck,2014-04-01,2014-10-30,2015-04-30,2015-03-17,2015-03-19,ARV,Adult,SCMS from RDC,"Abacavir/Lamivudine 600/300mg, tablets, 30 Tabs",Abacavir/Lamivudine,Generic,600/300mg,Tablet - FDC,30,1087,14294.05,13.15,0.44,Mylan (formerly Matrix) Nashik,True,102.0,129.75,14.69
7917,83899,107-RW-T30,FPQ-15632,SO-50741,DN-4180,Rwanda,PMO - US,From RDC,N/A - From RDC,Air,2014-12-23,2014-10-30,2015-04-30,2015-03-27,2015-04-07,ARV,Pediatric,SCMS from RDC,"Lamivudine/Zidovudine 30/60mg, dispersible tablets, 60 Tabs",Lamivudine/Zidovudine,Generic,30/60mg,Chewable/dispersible tablet - FDC,60,3813,7435.35,1.95,0.03,"Mylan,  H-12 & H-13, India",True,668.5,5865.805,8.75
7918,83900,111-MZ-T30,FPQ-15195,SO-50140,DN-4191,Mozambique,PMO - US,From RDC,N/A - From RDC,Truck,2014-10-17,2014-11-30,2015-05-31,2015-05-13,2015-05-15,ARV,Adult,SCMS from RDC,"Efavirenz/Lamivudine/Tenofovir Disoproxil Fumarate 600/300/300mg, tablets, 30 Tabs",Efavirenz/Lamivudine/Tenofovir Disoproxil Fumarate,Generic,600/300/300mg,Tablet - FDC,30,619999,5951990.4,9.6,0.32,Hetero Unit III Hyderabad IN,True,90446.0,68874.85,7005.49
7919,83901,111-MZ-T30,FPQ-15195,SO-50140,DN-4191,Mozambique,PMO - US,From RDC,N/A - From RDC,Truck,2014-10-17,2014-11-30,2015-05-31,2015-05-13,2015-05-15,ARV,Adult,SCMS from RDC,"Efavirenz/Lamivudine/Tenofovir Disoproxil Fumarate 600/300/300mg, tablets, 30 Tabs",Efavirenz/Lamivudine/Tenofovir Disoproxil Fumarate,Generic,600/300/300mg,Tablet - FDC,30,122449,1175510.4,9.6,0.32,Mylan (formerly Matrix) Nashik,False,668.5,5192.68,1383.58
7920,83903,114-UG-T30,FPQ-15294,SO-50050,DN-4218,Uganda,PMO - US,From RDC,N/A - From RDC,Truck,2014-11-03,2014-12-15,2015-06-15,2015-05-14,2015-05-15,ARV,Pediatric,SCMS from RDC,"Abacavir/Lamivudine 60/30mg, tablets, 60 Tabs",Abacavir/Lamivudine,Generic,60/30mg,Tablet - FDC,60,28524,112669.8,3.95,0.07,Mylan (formerly Matrix) Nashik,False,668.5,5458.45,132.61
7921,83904,114-UG-T30,FPQ-14396,SO-49012,DN-4217,Uganda,PMO - US,From RDC,N/A - From RDC,Truck,2014-06-04,2014-10-30,2015-04-30,2015-04-22,2015-04-24,ARV,Pediatric,SCMS from RDC,"Lamivudine/Nevirapine/Zidovudine 30/50/60mg, dispersible tablets, 60 Tabs",Lamivudine/Nevirapine/Zidovudine,Generic,30/50/60mg,Chewable/dispersible tablet - FDC,60,832,2995.2,3.6,0.06,"Strides, Bangalore, India.",True,668.5,5458.45,3.08
7922,83905,114-UG-T30,FPQ-15294,SO-50050,DN-4218,Uganda,PMO - US,From RDC,N/A - From RDC,Truck,2014-11-03,2014-12-15,2015-06-15,2015-05-14,2015-05-15,ARV,Adult,SCMS from RDC,"Lamivudine/Tenofovir Disoproxil Fumarate 300/300mg, tablets, 30 Tabs",Lamivudine/Tenofovir Disoproxil Fumarate,Generic,300/300mg,Tablet - FDC,30,120742,554205.78,4.59,0.15,"Cipla, Kurkumbh, India",False,668.5,5458.45,652.3
7923,83906,102-BI-T30,FPQ-15406,SO-50290,DN-4210,Burundi,PMO - US,From RDC,N/A - From RDC,Air,2014-11-19,2014-12-30,2015-06-30,2015-04-22,2015-04-23,ARV,Adult,SCMS from RDC,"Efavirenz/Lamivudine/Tenofovir Disoproxil Fumarate 600/300/300mg, tablets, 30 Tabs",Efavirenz/Lamivudine/Tenofovir Disoproxil Fumarate,Generic,600/300/300mg,Tablet - FDC,30,8190,78624.0,9.6,0.32,Mylan (formerly Matrix) Nashik,True,1208.0,7564.47,92.54
7924,83907,103-ZW-T30,FPQ-15197,SO-50010,DN-4243,Zimbabwe,PMO - US,From RDC,N/A - From RDC,Truck,2014-10-16,2014-10-30,2015-04-30,2015-04-30,2015-04-30,ARV,Pediatric,SCMS from RDC,"Lamivudine/Nevirapine/Zidovudine 30/50/60mg, dispersible tablets, 60 Tabs",Lamivudine/Nevirapine/Zidovudine,Generic,30/50/60mg,Chewable/dispersible tablet - FDC,60,15935,57366.0,3.6,0.06,Mylan (formerly Matrix) Nashik,True,13469.0,16679.87,67.52
7925,83908,111-MZ-T30,FPQ-15195,SO-50122,DN-4248,Mozambique,PMO - US,From RDC,N/A - From RDC,Truck,2014-10-17,2014-12-30,2015-06-30,2015-06-15,2015-06-15,ARV,Adult,SCMS from RDC,"Lamivudine/Tenofovir Disoproxil Fumarate 300/300mg, tablets, 30 Tabs",Lamivudine/Tenofovir Disoproxil Fumarate,Generic,300/300mg,Tablet - FDC,30,56994,263312.28,4.62,0.15,"Hetero, Jadcherla, unit 5, IN",True,5358.0,5894.11,309.92
7926,83909,114-UG-T30,FPQ-15639,SO-50671,DN-4249,Uganda,PMO - US,From RDC,N/A - From RDC,Truck,2014-12-22,2014-10-30,2015-04-30,2015-05-15,2015-05-17,ARV,Adult,SCMS from RDC,"Lamivudine/Zidovudine 150/300mg, tablets, 60 Tabs",Lamivudine/Zidovudine,Generic,150/300mg,Tablet - FDC,60,45671,297774.92,6.52,0.11,Hetero Unit III Hyderabad IN,True,4055.0,4112.56,350.48
7927,83910,151-NG-T30,FPQ-14989,SO-49933,DN-4229,Nigeria,PMO - US,From RDC,N/A - From RDC,Air Charter,2014-09-19,2014-12-30,2015-06-30,2015-04-15,2015-04-20,ARV,Adult,SCMS from RDC,"Lamivudine/Nevirapine/Zidovudine 150/200/300mg, tablets, 60 Tabs",Lamivudine/Nevirapine/Zidovudine,Generic,150/300/200mg,Tablet - FDC,60,131607,1016006.04,7.72,0.13,Mylan (formerly Matrix) Nashik,False,668.5,12601.07,1044.45
7928,83911,104-CI-T30,FPQ-15259,SO-50100,DN-4255,Côte d'Ivoire,PMO - US,From RDC,N/A - From RDC,Truck,2014-10-24,2014-12-19,2015-06-19,2015-06-08,2015-06-19,ARV,Adult,SCMS from RDC,"Efavirenz 600mg, tablets, 30 Tabs",Efavirenz,Generic,600mg,Tablet,30,14996,46787.52,3.12,0.1,"Cipla, Goa, India",True,33428.0,49314.37,55.07
7929,83912,101-CD-T30,FPQ-16158,SO-51260,DN-4283,"Congo, DRC",PMO - US,From RDC,N/A - From RDC,Air,2015-03-31,2015-01-08,2015-07-08,2015-08-07,2015-08-27,ARV,Adult,SCMS from RDC,"Lamivudine/Nevirapine/Zidovudine 150/200/300mg, tablets, 60 Tabs",Lamivudine/Nevirapine/Zidovudine,Generic,150/300/200mg,Tablet - FDC,60,70971,547896.12,7.72,0.13,"Hetero, Jadcherla, unit 5, IN",True,668.5,2346.5699999999997,644.87
7930,83913,101-CD-T30,FPQ-16158,SO-51270,DN-4285,"Congo, DRC",PMO - US,From RDC,N/A - From RDC,Air,2015-03-31,2015-01-08,2015-07-08,2015-07-30,2015-07-30,ARV,Adult,SCMS from RDC,"Abacavir/Lamivudine 600/300mg, tablets, 30 Tabs",Abacavir/Lamivudine,Generic,600/300mg,Tablet - FDC,30,820,10783.0,13.15,0.44,Mylan (formerly Matrix) Nashik,False,251.5,2346.5699999999997,12.69
7931,83914,103-SS-T30,FPQ-16212,SO-51450,DN-4287,South Sudan,PMO - US,From RDC,N/A - From RDC,Air,2015-04-15,2015-01-28,2015-07-28,2015-06-19,2015-06-23,ARV,Adult,SCMS from RDC,"Efavirenz/Lamivudine/Tenofovir Disoproxil Fumarate 600/300/300mg, tablets, 30 Tabs",Efavirenz/Lamivudine/Tenofovir Disoproxil Fumarate,Generic,600/300/300mg,Tablet - FDC,30,56400,541440.0,9.6,0.32,Mylan (formerly Matrix) Nashik,True,668.5,2575.925,637.27
7932,83915,A01-SN-T50,FPQ-15899,SO-51380,DN-4293,Senegal,PMO - US,From RDC,N/A - From RDC,Air,2015-02-19,2014-12-22,2015-06-22,2015-06-25,2015-06-25,ARV,Adult,SCMS from RDC,"Lopinavir/Ritonavir 200/50mg [Aluvia], tablets, 120 Tabs",Lopinavir/Ritonavir,Aluvia,200/50mg,Tablet,120,100,1864.0,18.64,0.16,ABBVIE Ludwigshafen Germany,True,21.0,632.63,2.19
7933,83916,102-BI-T30,FPQ-15406,SO-50291,DN-4306,Burundi,PMO - US,From RDC,N/A - From RDC,Air,2014-11-19,2015-01-31,2015-07-31,2015-07-10,2015-07-13,ARV,Adult,SCMS from RDC,"Lopinavir/Ritonavir 200/50mg, tablets, 120 Tabs",Lopinavir/Ritonavir,Generic,200/50mg,Tablet,120,240,4646.4,19.36,0.16,"Aurobindo Unit III, India",True,58.0,1289.48,5.47
7934,83917,107-RW-T30,FPQ-14811,SO-49942,DN-4297,Rwanda,PMO - US,From RDC,N/A - From RDC,Truck,2014-10-15,2014-12-30,2015-06-30,2015-06-29,2015-06-30,ARV,Pediatric,SCMS from RDC,"Abacavir/Lamivudine 60/30mg, dispersible tablets, 60 Tabs",Abacavir/Lamivudine,Generic,60/30mg,Chewable/dispersible tablet - FDC,60,11584,58962.56,5.09,0.08,"Cipla, Patalganga, India",True,1043.0,8819.61,60.61
7935,83919,151-NG-T30,FPQ-16313,SO-51440,DN-4282,Nigeria,PMO - US,From RDC,N/A - From RDC,Air,2015-05-04,2014-12-30,2015-06-30,2015-06-22,2015-06-29,ARV,Adult,SCMS from RDC,"Lamivudine/Tenofovir Disoproxil Fumarate 300/300mg, tablets, 30 Tabs",Lamivudine/Tenofovir Disoproxil Fumarate,Generic,300/300mg,Tablet - FDC,30,55851,256356.09,4.59,0.15,Hetero Unit III Hyderabad IN,True,6183.0,47281.56,301.73
7936,83920,103-ZW-T30,FPQ-15197,SO-50020,DN-4307,Zimbabwe,PMO - US,From RDC,N/A - From RDC,Truck,2014-10-16,2015-01-31,2015-07-31,2015-07-15,2015-07-20,ARV,Pediatric,SCMS from RDC,"Lamivudine/Zidovudine 30/60mg, dispersible tablets, 60 Tabs",Lamivudine/Zidovudine,Generic,30/60mg,Chewable/dispersible tablet - FDC,60,21000,41790.0,1.99,0.03,"Mylan,  H-12 & H-13, India",True,25880.0,46111.55,49.19
7937,83921,104-CI-T30,FPQ-15259,SO-50102,DN-4313,Côte d'Ivoire,PMO - US,From RDC,N/A - From RDC,Truck,2014-10-24,2015-01-31,2015-07-31,2015-08-06,2015-08-07,ARV,Adult,SCMS from RDC,"Lamivudine/Tenofovir Disoproxil Fumarate 300/300mg, tablets, 30 Tabs",Lamivudine/Tenofovir Disoproxil Fumarate,Generic,300/300mg,Tablet - FDC,30,6750,31185.0,4.62,0.15,"Hetero, Jadcherla, unit 5, IN",True,4426.0,14734.92,36.7
7938,83922,103-CM-T30,FPQ-16539,SO-51670,DN-4320,Cameroon,PMO - US,From RDC,N/A - From RDC,Air,2015-06-29,2015-02-10,2015-08-10,2015-08-19,2015-08-31,ARV,Adult,SCMS from RDC,"Lopinavir/Ritonavir 200/50mg, tablets, 120 Tabs",Lopinavir/Ritonavir,Generic,200/50mg,Tablet,120,12000,232320.0,19.36,0.16,"Aurobindo Unit III, India",True,2912.0,32165.56,273.44
7939,83925,110-ZM-T30,FPQ-14784,SO-49610,DN-4328,Zambia,PMO - US,From RDC,N/A - From RDC,Truck,2014-08-12,2015-02-17,2015-08-17,2015-08-25,2015-09-03,ARV,Adult,SCMS from RDC,"Abacavir 300mg, tablets, 60 Tabs",Abacavir,Generic,300mg,Tablet,60,19099,211807.91,11.09,0.18,"Aurobindo Unit III, India",True,9459.0,0.0,217.74
7940,83926,110-ZM-T30,FPQ-14575,SO-49283,DN-4331,Zambia,PMO - US,From RDC,N/A - From RDC,Truck,2014-07-11,2015-02-14,2015-08-14,2015-08-25,2015-09-03,ARV,Adult,SCMS from RDC,"Nevirapine 200mg, tablets, 60 Tabs",Nevirapine,Generic,200mg,Tablet,60,61154,133315.72,2.18,0.04,"Cipla, Goa, India",True,7957.0,0.0,137.05
7941,83929,103-ZW-T30,FPQ-16162,SO-51300,DN-4335,Zimbabwe,PMO - US,From RDC,N/A - From RDC,Truck,2015-04-07,2015-06-30,2015-12-31,2015-08-04,2015-08-11,ARV,Pediatric,SCMS from RDC,"Efavirenz 200mg, scored tablets, 90 Tabs",Efavirenz,Generic,200mg,Tablet,90,1482,13782.6,9.3,0.1,"Strides, Bangalore, India.",True,90.0,0.0,16.22
7942,83930,151-NG-T30,FPQ-16541,SO-51790,DN-4343,Nigeria,PMO - US,From RDC,N/A - From RDC,Air,2015-07-07,2015-03-30,2015-09-30,2015-08-28,2015-09-02,ARV,Adult,SCMS from RDC,"Abacavir/Lamivudine 600/300mg, tablets, 30 Tabs",Abacavir/Lamivudine,Generic,600/300mg,Tablet - FDC,30,5025,65877.75,13.11,0.44,Mylan (formerly Matrix) Nashik,True,668.5,10144.765,77.54
7943,83932,107-RW-T30,FPQ-16571,SO-51741,DN-4347,Rwanda,PMO - US,From RDC,N/A - From RDC,Air,2015-07-07,2015-03-08,2015-09-08,2015-08-26,2015-09-01,ARV,Pediatric,SCMS from RDC,"Lamivudine/Nevirapine/Zidovudine 30/50/60mg, dispersible tablets, 60 Tabs",Lamivudine/Nevirapine/Zidovudine,Generic,30/50/60mg,Chewable/dispersible tablet - FDC,60,3408,12098.4,3.55,0.06,"Strides, Bangalore, India.",True,668.5,5865.805,14.24
7944,83948,154-NG-T30,FPQ-3815,SO-32270,DN-1311,Nigeria,PMO - US,From RDC,N/A - From RDC,Air Charter,2009-05-26,2009-01-30,2009-07-30,2009-08-04,2009-08-04,ARV,Adult,SCMS from RDC,"Lamivudine/Zidovudine 150/300mg, tablets, 60 Tabs",Lamivudine/Zidovudine,Generic,150/300mg,Tablet - FDC,60,214,1874.64,8.76,0.15,"Aurobindo Unit III, India",False,19.0,12601.07,3.67
7945,83949,154-NG-T30,FPQ-3815,SO-32270,DN-1311,Nigeria,PMO - US,From RDC,N/A - From RDC,Air Charter,2009-05-26,2009-01-30,2009-07-30,2009-08-04,2009-08-04,ARV,Pediatric,SCMS from RDC,"Lamivudine 10mg/ml, oral solution, Bottle, 240 ml",Lamivudine,Generic,10mg/ml,Oral solution,240,75,142.5,1.9,0.01,"Aurobindo Unit III, India",False,19.0,12601.07,0.28
7946,83950,154-NG-T30,FPQ-3815,SO-32260,DN-1452,Nigeria,PMO - US,From RDC,N/A - From RDC,Air Charter,2009-05-26,2009-04-30,2009-10-30,2009-10-20,2009-10-20,ARV,Pediatric,SCMS from RDC,"Efavirenz 200mg, capsule, 90 Caps",Efavirenz,Generic,200mg,Capsule,90,24,290.88,12.12,0.13,"Aurobindo Unit III, India",False,14.5,12601.07,0.57
7947,83951,154-NG-T30,FPQ-3815,SO-32260,DN-1452,Nigeria,PMO - US,From RDC,N/A - From RDC,Air Charter,2009-05-26,2009-04-30,2009-10-30,2009-10-20,2009-10-20,ARV,Adult,SCMS from RDC,"Lamivudine/Nevirapine/Stavudine 150/200/30mg, tablets, 60 Tabs",Lamivudine/Nevirapine/Stavudine,Generic,150/200/30mg,Tablet - FDC,60,63,441.0,7.0,0.12,"Strides, Bangalore, India.",False,32.0,12601.07,0.86
7948,83952,112-NG-T30,FPQ-4040,SO-32980,DN-1456,Nigeria,PMO - US,From RDC,N/A - From RDC,Air Charter,2009-07-29,2009-04-15,2009-10-15,2009-10-20,2009-10-20,ARV,Adult,SCMS from RDC,"Lamivudine 150mg, tablets, 60 Tabs",Lamivudine,Generic,150mg,Tablet,60,5500,13420.0,2.44,0.04,Mylan (formerly Matrix) Nashik,True,836.0,9341.49,26.3
7949,83953,123-NG-T30,FPQ-4395,SO-32971,DN-1493,Nigeria,PMO - US,From RDC,N/A - From RDC,Air Charter,2009-07-27,2009-06-18,2009-12-18,2009-11-20,2009-11-20,ARV,Adult,SCMS from RDC,"Stavudine 30mg, capsules, 60 Caps",Stavudine,Generic,30mg,Capsule,60,4050,5913.0,1.46,0.02,"Aurobindo Unit III, India",False,195.0,12601.07,11.59
7950,83954,123-NG-T30,FPQ-4395,SO-32971,DN-1493,Nigeria,PMO - US,From RDC,N/A - From RDC,Air Charter,2009-07-27,2009-06-18,2009-12-18,2009-11-20,2009-11-20,ARV,Adult,SCMS from RDC,"Zidovudine 300mg, tablets, 60 Tabs",Zidovudine,Generic,300mg,Tablet,60,8383,63123.99,7.53,0.13,"Aurobindo Unit III, India",False,668.5,12601.07,123.72
7951,83955,111-MZ-T30,FPQ-4479,SO-30441,DN-1495,Mozambique,PMO - US,From RDC,N/A - From RDC,Truck,2009-02-26,2009-06-01,2009-12-01,2009-11-18,2009-11-18,ARV,Adult,SCMS from RDC,"Zidovudine 300mg, tablets, 60 Tabs",Zidovudine,Generic,300mg,Tablet,60,16566,127723.86,7.71,0.13,Hetero Unit III Hyderabad IN,True,921.0,4468.51,250.34
7952,83956,113-ZW-T30,FPQ-4472,SO-27190,DN-1500,Zimbabwe,PMO - US,From RDC,N/A - From RDC,Truck,2009-03-17,2009-05-15,2009-11-15,2009-11-09,2009-11-09,ARV,Adult,SCMS from RDC,"Efavirenz 600mg, tablets, 30 Tabs",Efavirenz,Generic,600mg,Tablet,30,4000,23120.0,5.78,0.19,"Aurobindo Unit III, India",False,810.0,6721.705,45.32
7953,83957,113-ZW-T30,FPQ-4472,SO-27190,DN-1500,Zimbabwe,PMO - US,From RDC,N/A - From RDC,Truck,2009-03-17,2009-05-15,2009-11-15,2009-11-09,2009-11-09,ARV,Adult,SCMS from RDC,"Lamivudine/Stavudine 150/30mg, tablets, 60 Tabs",Lamivudine/Stavudine,Generic,150/30mg,Tablet - FDC,60,4000,16000.0,4.0,0.07,"Cipla, Goa, India",False,810.0,6721.705,31.36
7954,83958,106-HT-T30,FPQ-4469,SO-34220,DN-1503,Haiti,PMO - US,From RDC,N/A - From RDC,Air,2009-09-23,2009-05-18,2009-11-18,2009-11-05,2009-11-05,ARV,Adult,SCMS from RDC,"Lamivudine 150mg, tablets, 60 Tabs",Lamivudine,Generic,150mg,Tablet,60,10167,24807.48,2.44,0.04,"Aurobindo Unit III, India",True,487.0,6113.34,53.48
7955,83959,110-ZM-T30,FPQ-4035,SO-34330,DN-1504,Zambia,PMO - US,From RDC,N/A - From RDC,Truck,2009-08-05,2009-05-15,2009-11-15,2009-11-13,2009-11-13,ARV,Adult,SCMS from RDC,"Efavirenz 600mg, tablets, 30 Tabs",Efavirenz,Generic,600mg,Tablet,30,61059,352921.02,5.78,0.19,"Emcure Plot No.P-2, I.T-B.T. Park, Phase II, MIDC, Hinjwadi, Pune, India",True,4305.0,9935.88,691.73
7956,83960,114-UG-T30,FPQ-4453,SO-34150,DN-1507,Uganda,PMO - US,From RDC,N/A - From RDC,Air,2009-09-02,2009-05-21,2009-11-21,2009-11-12,2009-11-12,ARV,Adult,SCMS from RDC,"Efavirenz 600mg, tablets, 30 Tabs",Efavirenz,Generic,600mg,Tablet,30,200,1156.0,5.78,0.19,"Aurobindo Unit III, India",True,22.0,709.02,2.27
7957,83961,104-CI-T30,FPQ-3964,SO-34500,DN-1523,Côte d'Ivoire,PMO - US,From RDC,N/A - From RDC,Air,2009-07-24,2009-06-01,2009-12-01,2009-12-02,2009-12-02,ARV,Pediatric,SCMS from RDC,"Zidovudine 100mg, capsules, 100 Caps",Zidovudine,Generic,100mg,Capsule,100,2352,11760.0,5.0,0.05,"Aurobindo Unit III, India",True,3189.0,1211.48,23.05
7958,83962,104-CI-T30,FPQ-3964,SO-33170,DN-1524,Côte d'Ivoire,PMO - US,From RDC,N/A - From RDC,Air,2009-07-24,2009-06-01,2009-12-01,2009-12-02,2009-12-02,ARV,Pediatric,SCMS from RDC,"Didanosine 200mg, chewable/dispersible tablets, 60 Tabs",Didanosine,Generic,200mg,Chewable/dispersible tablet,60,1833,28411.5,15.5,0.26,"Aurobindo Unit III, India",True,378.0,1211.48,55.69
7959,83964,106-HT-T30,FPQ-4469,SO-34240,DN-1530,Haiti,PMO - US,From RDC,N/A - From RDC,Air,2009-09-23,2009-05-30,2009-11-30,2009-11-30,2009-11-30,ARV,Adult,SCMS from RDC,"Stavudine 20mg, capsules, 60 Caps",Stavudine,Generic,20mg,Capsule,60,108,180.36,1.67,0.03,"Aurobindo Unit III, India",True,1857.0,11091.78,0.39
7960,83965,106-HT-T30,FPQ-4469,SO-34190,DN-1531,Haiti,PMO - US,From RDC,N/A - From RDC,Air,2009-09-23,2009-06-02,2009-12-02,2009-11-30,2009-11-30,ARV,Adult,SCMS from RDC,"Zidovudine 300mg, tablets, 60 Tabs",Zidovudine,Generic,300mg,Tablet,60,990,7454.7,7.53,0.13,"Aurobindo Unit III, India",True,109.0,10331.78,16.07
7961,83966,110-ZM-T30,FPQ-4029,SO-33190,DN-1521,Zambia,PMO - US,From RDC,N/A - From RDC,Air,2009-08-05,2009-05-30,2009-11-30,2009-11-11,2009-11-11,ARV,Adult,SCMS from RDC,"Lamivudine 150mg, tablets, 60 Tabs",Lamivudine,Generic,150mg,Tablet,60,16539,40355.16,2.44,0.04,"Aurobindo Unit III, India",True,796.0,4234.42,79.1
7962,83967,114-UG-T30,FPQ-4454,SO-34270,DN-1541,Uganda,PMO - US,From RDC,N/A - From RDC,Air,2009-09-25,2009-06-07,2009-12-07,2009-11-30,2009-11-30,ARV,Adult,SCMS from RDC,"Lamivudine/Zidovudine 150/300mg, tablets, 60 Tabs",Lamivudine/Zidovudine,Generic,150/300mg,Tablet - FDC,60,3350,29346.0,8.76,0.15,Mylan (formerly Matrix) Nashik,False,668.5,2485.92,57.52
7963,83968,151-NG-T30,FPQ-4105,SO-33140,DN-1562,Nigeria,PMO - US,From RDC,N/A - From RDC,Air Charter,2009-08-13,2009-06-18,2009-12-18,2009-12-18,2009-12-18,ARV,Adult,SCMS from RDC,"Lamivudine/Nevirapine/Zidovudine 150/200/300mg, tablets, 60 Tabs",Lamivudine/Nevirapine/Zidovudine,Generic,150/300/200mg,Tablet - FDC,60,28000,317800.0,11.35,0.19,"Aurobindo Unit III, India",True,3239.0,11637.64,622.89
7964,83969,110-ZM-T30,FPQ-4035,SO-34760,DN-1573,Zambia,PMO - US,From RDC,N/A - From RDC,Truck,2009-08-05,2009-07-15,2010-01-15,2009-12-03,2009-12-03,ARV,Adult,SCMS from RDC,"Nevirapine 200mg, tablets, 60 Tabs",Nevirapine,Generic,200mg,Tablet,60,29683,86080.7,2.9,0.05,"Cipla, Goa, India",True,3254.0,8104.79,168.72
7965,83970,114-UG-T30,FPQ-4497,SO-34810,DN-1595,Uganda,PMO - US,From RDC,N/A - From RDC,Air,2009-10-28,2009-08-03,2010-02-03,2009-12-23,2009-12-23,ARV,Adult,SCMS from RDC,"Stavudine 30mg, capsules, 60 Caps",Stavudine,Generic,30mg,Capsule,60,100,146.0,1.46,0.02,"Aurobindo Unit III, India",True,7.0,523.64,0.31
7966,83971,108-VN-T30,FPQ-4689,SO-35250,DN-1602,Vietnam,PMO - US,From RDC,N/A - From RDC,Air,2009-12-03,2009-08-11,2010-02-11,2009-12-18,2009-12-18,ARV,Adult,SCMS from RDC,"Lamivudine/Zidovudine 150/300mg, tablets, 60 Tabs",Lamivudine/Zidovudine,Generic,150/300mg,Tablet - FDC,60,6384,55923.84,8.76,0.15,"Aurobindo Unit III, India",True,579.0,3119.75,120.57
7967,83972,106-HT-T30,FPQ-4469,SO-35170,DN-1605,Haiti,PMO - US,From RDC,N/A - From RDC,Air,2009-09-23,2009-07-11,2010-01-11,2010-01-08,2010-01-08,ARV,Adult,SCMS from RDC,"Efavirenz 600mg, tablets, 30 Tabs",Efavirenz,Generic,600mg,Tablet,30,13577,78475.06,5.78,0.19,"Aurobindo Unit III, India",False,668.5,2946.7200000000003,169.19
7968,83973,117-ET-T30,FPQ-4828,SO-35470,DN-1616,Ethiopia,PMO - US,From RDC,N/A - From RDC,Air,2009-12-28,2009-08-28,2010-02-28,2010-01-15,2010-01-15,ARV,Adult,SCMS from RDC,"Lamivudine/Zidovudine 150/300mg, tablets, 60 Tabs",Lamivudine/Zidovudine,Generic,150/300mg,Tablet - FDC,60,16019,140326.44,8.76,0.15,"Aurobindo Unit III, India",True,1454.0,5187.5,302.54
7969,83974,104-CI-T30,FPQ-3964,SO-34521,DN-1620,Côte d'Ivoire,PMO - US,From RDC,N/A - From RDC,Air,2009-07-24,2009-08-08,2010-02-08,2010-01-23,2010-01-23,ARV,Adult,SCMS from RDC,"Efavirenz 600mg, tablets, 30 Tabs",Efavirenz,Generic,600mg,Tablet,30,8676,50147.28,5.78,0.19,"Aurobindo Unit III, India",True,4845.0,5254.1,98.29
7970,83975,114-UG-T30,FPQ-4497,SO-34850,DN-1636,Uganda,PMO - US,From RDC,N/A - From RDC,Truck,2009-10-28,2009-08-11,2010-02-11,2010-01-29,2010-01-29,ARV,Adult,SCMS from RDC,"Lamivudine/Zidovudine 150/300mg, tablets, 60 Tabs",Lamivudine/Zidovudine,Generic,150/300mg,Tablet - FDC,60,380,3328.8,8.76,0.15,Mylan (formerly Matrix) Nashik,True,67.0,1549.83,7.18
7971,83976,104-CI-T30,FPQ-4378,SO-35800,DN-1642,Côte d'Ivoire,PMO - US,From RDC,N/A - From RDC,Air,2009-10-15,2009-10-06,2010-04-06,2010-02-15,2010-02-15,ARV,Adult,SCMS from RDC,"Nevirapine 200mg, tablets, 60 Tabs",Nevirapine,Generic,200mg,Tablet,60,4319,11790.87,2.73,0.05,"Aurobindo Unit III, India",True,409.0,1083.3,23.11
7972,83977,110-ZM-T30,FPQ-4273,SO-33690,DN-1643,Zambia,PMO - US,From RDC,N/A - From RDC,Truck,2009-09-17,2009-09-15,2010-03-15,2010-03-05,2010-03-05,ARV,Adult,SCMS from RDC,"Lamivudine/Nevirapine/Stavudine 150/200/30mg, tablets, 60 Tabs",Lamivudine/Nevirapine/Stavudine,Generic,150/200/30mg,Tablet - FDC,60,20602,133294.94,6.47,0.11,"Cipla, Goa, India",False,668.5,6476.695,261.26
7973,83978,110-ZM-T30,FPQ-4273,SO-33690,DN-1643,Zambia,PMO - US,From RDC,N/A - From RDC,Truck,2009-09-17,2009-09-15,2010-03-15,2010-03-05,2010-03-05,ARV,Adult,SCMS from RDC,"Nevirapine 200mg, tablets, 60 Tabs",Nevirapine,Generic,200mg,Tablet,60,50000,136500.0,2.73,0.05,"Cipla, Goa, India",False,4502.0,6476.695,267.54
7974,83979,110-ZM-T30,FPQ-4273,SO-33690,DN-1643,Zambia,PMO - US,From RDC,N/A - From RDC,Truck,2009-09-17,2009-09-15,2010-03-15,2010-03-05,2010-03-05,ARV,Adult,SCMS from RDC,"Lamivudine/Nevirapine/Stavudine 150/200/30mg, tablets, 60 Tabs",Lamivudine/Nevirapine/Stavudine,Generic,150/200/30mg,Tablet - FDC,60,1541,9970.27,6.47,0.11,"Strides, Bangalore, India.",False,668.5,6476.695,19.54
7975,83980,113-ZW-T30,FPQ-4472,SO-27210,DN-1657,Zimbabwe,PMO - US,From RDC,N/A - From RDC,Truck,2009-03-17,2009-09-30,2010-03-31,2010-03-12,2010-03-12,ARV,Adult,SCMS from RDC,"Lamivudine/Stavudine 150/30mg, tablets, 60 Tabs",Lamivudine/Stavudine,Generic,150/30mg,Tablet - FDC,60,4000,13600.0,3.4,0.06,"Cipla, Goa, India",True,632.0,3302.14,26.66
7976,83981,104-CI-T30,FPQ-4378,SO-34410,DN-1662,Côte d'Ivoire,PMO - US,From RDC,N/A - From RDC,Air,2009-10-15,2009-09-09,2010-03-09,2010-03-01,2010-03-01,ARV,Pediatric,SCMS from RDC,"Efavirenz 200mg, capsule, 90 Caps",Efavirenz,Generic,200mg,Capsule,90,2066,20804.62,10.07,0.11,"Aurobindo Unit III, India",True,1560.0,3688.33,40.78
7977,83982,106-HT-T30,FPQ-4384,SO-35920,DN-1667,Haiti,PMO - US,From RDC,N/A - From RDC,Air,2009-10-23,2009-09-10,2010-03-10,2010-03-03,2010-03-03,ARV,Adult,SCMS from RDC,"Stavudine 15mg, capsules, 60 Caps",Stavudine,Generic,15mg,Capsule,60,84,126.0,1.5,0.02,"Aurobindo Unit III, India",False,6.0,2946.7200000000003,0.27
7978,83983,106-HT-T30,FPQ-4384,SO-34690,DN-1673,Haiti,PMO - US,From RDC,N/A - From RDC,Air,2009-10-23,2009-09-15,2010-03-15,2010-03-15,2010-03-15,ARV,Adult,SCMS from RDC,"Nevirapine 200mg, tablets, 60 Tabs",Nevirapine,Generic,200mg,Tablet,60,11500,31395.0,2.73,0.05,Hetero Unit III Hyderabad IN,True,1870.0,13122.39,67.69
7979,83984,106-HT-T30,FPQ-4384,SO-34690,DN-1673,Haiti,PMO - US,From RDC,N/A - From RDC,Air,2009-10-23,2009-09-15,2010-03-15,2010-03-15,2010-03-15,ARV,Pediatric,SCMS from RDC,"Lamivudine 10mg/ml, oral solution, Bottle, 240 ml",Lamivudine,Generic,10mg/ml,Oral solution,240,3136,5958.4,1.9,0.01,"Cipla, Goa, India",False,485.0,2946.7200000000003,12.85
7980,83985,114-UG-T30,FPQ-4496,SO-35630,DN-1675,Uganda,PMO - US,From RDC,N/A - From RDC,Air,2009-10-28,2009-09-22,2010-03-22,2010-03-17,2010-03-17,ARV,Adult,SCMS from RDC,"Efavirenz 600mg, tablets, 30 Tabs",Efavirenz,Generic,600mg,Tablet,30,5000,25650.0,5.13,0.17,"Aurobindo Unit III, India",True,456.0,5186.68,55.3
7981,83986,104-CI-T30,FPQ-4378,SO-34414,DN-1676,Côte d'Ivoire,PMO - US,From RDC,N/A - From RDC,Air,2009-10-15,2009-09-09,2010-03-09,2010-03-10,2010-03-10,ARV,Pediatric,SCMS from RDC,"Efavirenz 200mg, capsule, 90 Caps",Efavirenz,Generic,200mg,Capsule,90,769,7743.83,10.07,0.11,"Aurobindo Unit III, India",True,93.0,4519.96,15.18
7982,83987,151-NG-T30,FPQ-4537,SO-35050,DN-1715,Nigeria,PMO - US,From RDC,N/A - From RDC,Air Charter,2009-11-06,2009-10-19,2010-04-19,2010-03-31,2010-03-31,ARV,Adult,SCMS from RDC,"Lamivudine/Zidovudine 150/300mg, tablets, 60 Tabs",Lamivudine/Zidovudine,Generic,150/300mg,Tablet - FDC,60,5000,43800.0,8.76,0.15,"Aurobindo Unit III, India",True,452.0,0.0,94.43
7983,83988,151-NG-T30,FPQ-4537,SO-35060,DN-1720,Nigeria,PMO - US,From RDC,N/A - From RDC,Air Charter,2009-11-06,2009-10-19,2010-04-19,2010-03-31,2010-03-31,ARV,Adult,SCMS from RDC,"Lamivudine/Nevirapine/Zidovudine 150/200/300mg, tablets, 60 Tabs",Lamivudine/Nevirapine/Zidovudine,Generic,150/300/200mg,Tablet - FDC,60,100000,1122000.0,11.22,0.19,"Aurobindo Unit III, India",True,11725.0,0.0,2419.03
7984,83989,151-NG-T30,FPQ-4537,SO-35061,DN-1723,Nigeria,PMO - US,From RDC,N/A - From RDC,Air Charter,2009-11-06,2009-10-19,2010-04-19,2010-03-30,2010-03-30,ARV,Adult,SCMS from RDC,"Lamivudine/Nevirapine/Zidovudine 150/200/300mg, tablets, 60 Tabs",Lamivudine/Nevirapine/Zidovudine,Generic,150/300/200mg,Tablet - FDC,60,20518,230211.96,11.22,0.19,"Aurobindo Unit III, India",True,2407.0,0.0,496.34
7985,83990,151-NG-T30,FPQ-4537,SO-35080,DN-1728,Nigeria,PMO - US,From RDC,N/A - From RDC,Air Charter,2009-11-06,2009-10-19,2010-04-19,2010-05-18,2010-05-18,ARV,Adult,SCMS from RDC,"Lamivudine/Tenofovir Disoproxil Fumarate 300/300mg, tablets, 30 Tabs",Lamivudine/Tenofovir Disoproxil Fumarate,Generic,300/300mg,Tablet - FDC,30,40148,401480.0,10.0,0.33,Mylan (formerly Matrix) Nashik,True,3312.0,9736.1,865.59
7986,83991,151-NG-T30,FPQ-4537,SO-35096,DN-1746,Nigeria,PMO - US,From RDC,N/A - From RDC,Air Charter,2009-11-06,2009-10-19,2010-04-19,2010-03-31,2010-03-31,ARV,Adult,SCMS from RDC,"Zidovudine 300mg, tablets, 60 Tabs",Zidovudine,Generic,300mg,Tablet,60,905,6787.5,7.5,0.12,Mylan (formerly Matrix) Nashik,True,47.0,0.0,14.63
7987,83992,114-UG-T30,FPQ-4496,SO-35000,DN-1751,Uganda,PMO - US,From RDC,N/A - From RDC,Truck,2009-10-28,2009-10-12,2010-04-12,2010-03-25,2010-03-25,ARV,Adult,SCMS from RDC,"Lamivudine/Zidovudine 150/300mg, tablets, 60 Tabs",Lamivudine/Zidovudine,Generic,150/300mg,Tablet - FDC,60,4200,36792.0,8.76,0.15,Hetero Unit III Hyderabad IN,True,275.0,11991.12,79.32
7988,83993,114-UG-T30,FPQ-5275,SO-36250,DN-1769,Uganda,PMO - US,From RDC,N/A - From RDC,Air,2010-03-04,2009-12-04,2010-06-04,2010-04-12,2010-04-12,ARV,Adult,SCMS from RDC,"Zidovudine 300mg, tablets, 60 Tabs",Zidovudine,Generic,300mg,Tablet,60,90,675.0,7.5,0.12,"Aurobindo Unit III, India",True,4.0,521.52,1.46
7989,83995,107-RW-T30,FPQ-5393,SO-36390,DN-1773,Rwanda,PMO - US,From RDC,N/A - From RDC,Air,2010-03-23,2009-12-15,2010-06-15,2010-04-19,2010-04-19,ARV,Adult,SCMS from RDC,"Lamivudine/Nevirapine/Zidovudine 150/200/300mg, tablets, 60 Tabs",Lamivudine/Nevirapine/Zidovudine,Generic,150/300/200mg,Tablet - FDC,60,25000,280500.0,11.22,0.19,"Aurobindo Unit III, India",True,2930.0,42573.95,604.76
7990,83996,151-NG-T30,FPQ-4537,SO-34918,DN-1783,Nigeria,PMO - US,From RDC,N/A - From RDC,Air Charter,2009-11-06,2009-11-30,2010-05-31,2010-05-18,2010-05-18,ARV,Adult,SCMS from RDC,"Efavirenz 600mg, tablets, 30 Tabs",Efavirenz,Generic,600mg,Tablet,30,210,997.5,4.75,0.16,"Aurobindo Unit III, India",True,19.0,9736.1,2.15
7991,83997,151-NG-T30,FPQ-4537,SO-35090,DN-1784,Nigeria,PMO - US,From RDC,N/A - From RDC,Air Charter,2009-11-06,2009-11-30,2010-05-31,2010-05-18,2010-05-18,ARV,Adult,SCMS from RDC,"Zidovudine 300mg, tablets, 60 Tabs",Zidovudine,Generic,300mg,Tablet,60,9924,74430.0,7.5,0.12,"Aurobindo Unit III, India",True,544.0,9736.1,160.47
7992,83998,105-GY-T30,FPQ-5470,SO-36640,DN-1800,Guyana,PMO - US,From RDC,N/A - From RDC,Air,2010-04-07,2009-12-30,2010-06-30,2010-05-27,2010-05-27,ARV,Pediatric,SCMS from RDC,"Zidovudine 100mg, capsules, 100 Caps",Zidovudine,Generic,100mg,Capsule,100,564,2729.76,4.84,0.05,"Aurobindo Unit III, India",False,2078.0,1924.4650000000001,5.89
7993,83999,151-NG-T30,FPQ-4537,SO-35024,DN-1807,Nigeria,PMO - US,From RDC,N/A - From RDC,Air Charter,2009-11-06,2009-11-30,2010-05-31,2010-05-18,2010-05-18,ARV,Adult,SCMS from RDC,"Efavirenz/Emtricitabine/Tenofovir Disoproxil Fumarate 600/200/300mg, tablets, 30 Tabs",Efavirenz/Emtricitabine/Tenofovir Disoproxil Fumarate,Generic,600/200/300mg,Tablet - FDC,30,1590,31672.8,19.92,0.66,Mylan (formerly Matrix) Nashik,True,174.0,9736.1,68.29
7994,84000,151-NG-T30,FPQ-4537,SO-36002,DN-1814,Nigeria,PMO - US,From RDC,N/A - From RDC,Air Charter,2009-11-06,2009-11-30,2010-05-31,2010-05-18,2010-05-18,ARV,Adult,SCMS from RDC,"Nevirapine 200mg, tablets, 60 Tabs",Nevirapine,Generic,200mg,Tablet,60,46001,122362.66,2.66,0.04,"Strides, Bangalore, India.",True,2526.0,9736.1,263.81
7995,84001,110-ZM-T30,FPQ-4273,SO-33700,DN-1828,Zambia,PMO - US,From RDC,N/A - From RDC,Truck,2009-09-17,2009-11-17,2010-05-17,2010-05-11,2010-05-11,ARV,Adult,SCMS from RDC,"Lamivudine/Zidovudine 150/300mg, tablets, 60 Tabs",Lamivudine/Zidovudine,Generic,150/300mg,Tablet - FDC,60,27440,240374.4,8.76,0.15,"Aurobindo Unit III, India",True,2475.0,4964.27,471.13
7996,84002,113-ZW-T30,FPQ-4688,SO-35900,DN-1830,Zimbabwe,PMO - US,From RDC,N/A - From RDC,Air,2009-12-08,2009-11-28,2010-05-28,2010-05-31,2010-05-31,ARV,Adult,SCMS from RDC,"Lamivudine/Nevirapine/Stavudine 150/200/30mg, tablets, 60 Tabs",Lamivudine/Nevirapine/Stavudine,Generic,150/200/30mg,Tablet - FDC,60,298,1743.3,5.85,0.1,"Cipla, Goa, India",True,31.0,3833.17,3.76
7997,84003,111-MZ-T30,FPQ-4711,SO-35730,DN-1832,Mozambique,PMO - US,From RDC,N/A - From RDC,Truck,2009-12-23,2009-12-30,2010-06-30,2010-06-14,2010-06-14,ARV,Adult,SCMS from RDC,"Lamivudine/Nevirapine/Zidovudine 150/200/300mg, tablets, 60 Tabs",Lamivudine/Nevirapine/Zidovudine,Generic,150/300/200mg,Tablet - FDC,60,46000,516120.0,11.22,0.19,Mylan (formerly Matrix) Nashik,False,668.5,5192.68,1112.75
7998,84004,114-UG-T30,FPQ-5275,SO-36270,DN-1834,Uganda,PMO - US,From RDC,N/A - From RDC,Air,2010-03-04,2009-11-30,2010-05-31,2010-05-19,2010-05-19,ARV,Adult,SCMS from RDC,"Lamivudine/Nevirapine/Stavudine 150/200/30mg, tablets, 60 Tabs",Lamivudine/Nevirapine/Stavudine,Generic,150/200/30mg,Tablet - FDC,60,7800,47658.0,6.11,0.1,"Strides, Bangalore, India.",True,580.0,6637.05,102.75
7999,84005,113-ZW-T30,FPQ-4694,SO-35350,DN-1839,Zimbabwe,PMO - US,From RDC,N/A - From RDC,Truck,2009-12-08,2010-01-30,2010-07-30,2010-05-31,2010-05-31,ARV,Adult,SCMS from RDC,"Efavirenz 600mg, tablets, 30 Tabs",Efavirenz,Generic,600mg,Tablet,30,5900,28025.0,4.75,0.16,"Aurobindo Unit III, India",True,509.0,3833.17,60.42
8000,84006,114-UG-T30,FPQ-5239,SO-36151,DN-1841,Uganda,PMO - US,From RDC,N/A - From RDC,Air,2010-03-02,2009-12-09,2010-06-09,2010-05-25,2010-05-25,ARV,Adult,SCMS from RDC,"Lamivudine/Nevirapine/Zidovudine 150/200/300mg, tablets, 60 Tabs",Lamivudine/Nevirapine/Zidovudine,Generic,150/300/200mg,Tablet - FDC,60,4782,53654.04,11.22,0.19,Mylan (formerly Matrix) Nashik,True,617.0,8676.9,115.68
8001,84007,106-HT-T30,FPQ-4384,SO-34640,DN-1842,Haiti,PMO - US,From RDC,N/A - From RDC,Air,2009-10-23,2009-12-02,2010-06-02,2010-06-09,2010-06-09,ARV,Pediatric,SCMS from RDC,"Lamivudine 10mg/ml, oral solution, Bottle, 240 ml",Lamivudine,Generic,10mg/ml,Oral solution,240,3168,6336.0,2.0,0.01,"Cipla, Goa, India",True,1765.0,18473.1,13.66
8002,84008,114-UG-T30,FPQ-5239,SO-36140,DN-1853,Uganda,PMO - US,From RDC,N/A - From RDC,Air,2010-03-02,2009-12-09,2010-06-09,2010-06-15,2010-06-15,ARV,Adult,SCMS from RDC,"Emtricitabine/Tenofovir Disoproxil Fumarate 200/300mg, tablets, 30 Tabs",Emtricitabine/Tenofovir Disoproxil Fumarate,Generic,200/300mg,Tablet - FDC,30,2797,32864.75,11.75,0.39,Mylan (formerly Matrix) Nashik,True,210.0,5841.92,70.86
8003,84009,117-ET-T30,FPQ-5668,SO-36811,DN-1869,Ethiopia,PMO - US,From RDC,N/A - From RDC,Air,2010-05-07,2009-12-30,2010-06-30,2010-06-18,2010-06-18,ARV,Adult,SCMS from RDC,"Lamivudine 150mg, tablets, 60 Tabs",Lamivudine,Generic,150mg,Tablet,60,20000,46600.0,2.33,0.04,"Aurobindo Unit III, India",True,955.0,6154.8,100.47
8004,84010,107-RW-T30,FPQ-5394,SO-36580,DN-1870,Rwanda,PMO - US,From RDC,N/A - From RDC,Air,2010-03-25,2010-01-15,2010-07-15,2010-07-07,2010-07-07,ARV,Adult,SCMS from RDC,"Lamivudine/Nevirapine/Zidovudine 150/200/300mg, tablets, 60 Tabs",Lamivudine/Nevirapine/Zidovudine,Generic,150/300/200mg,Tablet - FDC,60,5869,65850.18,11.22,0.19,Mylan (formerly Matrix) Nashik,True,758.0,8929.51,141.97
8005,84011,114-UG-T30,FPQ-5239,SO-36180,DN-1874,Uganda,PMO - US,From RDC,N/A - From RDC,Air,2010-03-02,2010-01-28,2010-07-28,2010-07-22,2010-07-22,ARV,Adult,SCMS from RDC,"Efavirenz 600mg, tablets, 30 Tabs",Efavirenz,Generic,600mg,Tablet,30,950,4370.0,4.6,0.15,Mylan (formerly Matrix) Nashik,True,76.0,1017.15,9.42
8006,84012,110-ZM-T30,FPQ-5702,SO-36850,DN-1875,Zambia,PMO - US,From RDC,N/A - From RDC,Truck,2010-05-20,2010-05-04,2010-11-04,2010-06-29,2010-06-29,ARV,Adult,SCMS from RDC,"Efavirenz 600mg, tablets, 30 Tabs",Efavirenz,Generic,600mg,Tablet,30,100000,460000.0,4.6,0.15,Hetero Unit III Hyderabad IN,False,9389.5,6476.695,991.76
8007,84013,111-MZ-T30,FPQ-4473,SO-37050,DN-1891,Mozambique,PMO - US,From RDC,N/A - From RDC,Air,2009-02-26,2010-02-28,2010-08-31,2010-07-20,2010-07-20,ARV,Adult,SCMS from RDC,"Nevirapine 200mg, tablets, 60 Tabs",Nevirapine,Generic,200mg,Tablet,60,3000,7980.0,2.66,0.04,"Strides, Bangalore, India.",True,210.0,1894.2,15.64
8008,84014,151-NG-T30,FPQ-5023,SO-36462,DN-1895,Nigeria,PMO - US,From RDC,N/A - From RDC,Air,2010-02-10,2010-01-15,2010-07-15,2010-06-28,2010-06-28,ARV,Adult,SCMS from RDC,"Nevirapine 200mg, tablets, 60 Tabs",Nevirapine,Generic,200mg,Tablet,60,46678,127430.94,2.73,0.05,"Aurobindo Unit III, India",True,4490.0,0.0,274.74
8009,84015,151-NG-T30,FPQ-5023,SO-36441,DN-1899,Nigeria,PMO - US,From RDC,N/A - From RDC,Air,2010-02-10,2010-01-15,2010-07-15,2010-06-28,2010-06-28,ARV,Adult,SCMS from RDC,"Efavirenz 600mg, tablets, 30 Tabs",Efavirenz,Generic,600mg,Tablet,30,28500,131100.0,4.6,0.15,"Aurobindo Unit III, India",True,2442.0,0.0,282.65
8010,84016,151-NG-T30,FPQ-5023,SO-36445,DN-1903,Nigeria,PMO - US,From RDC,N/A - From RDC,Air,2010-02-10,2010-01-15,2010-07-15,2010-06-28,2010-06-28,ARV,Adult,SCMS from RDC,"Efavirenz 600mg, tablets, 30 Tabs",Efavirenz,Generic,600mg,Tablet,30,804,3698.4,4.6,0.15,"Aurobindo Unit III, India",True,68.0,0.0,7.97
8011,84017,151-NG-T30,FPQ-5023,SO-36503,DN-1916,Nigeria,PMO - US,From RDC,N/A - From RDC,Air,2010-02-10,2010-01-15,2010-07-15,2010-06-28,2010-06-28,ARV,Adult,SCMS from RDC,"Zidovudine 300mg, tablets, 60 Tabs",Zidovudine,Generic,300mg,Tablet,60,200,1500.0,7.5,0.12,"Aurobindo Unit III, India",True,11.0,0.0,3.23
8012,84018,151-NG-T30,FPQ-5023,SO-36522,DN-1923,Nigeria,PMO - US,From RDC,N/A - From RDC,Air,2010-02-10,2010-01-15,2010-07-15,2010-06-28,2010-06-28,ARV,Pediatric,SCMS from RDC,"Efavirenz 200mg, capsule, 90 Caps",Efavirenz,Generic,200mg,Capsule,90,500,4855.0,9.71,0.11,"Aurobindo Unit III, India",True,60.0,0.0,10.47
8013,84019,109-TZ-T30,FPQ-5173,SO-36030,DN-1927,Tanzania,PMO - US,From RDC,N/A - From RDC,Air,2010-02-23,2010-01-19,2010-07-19,2010-08-04,2010-08-04,ARV,Adult,SCMS from RDC,"Abacavir 300mg, tablets, 60 Tabs",Abacavir,Generic,300mg,Tablet,60,23358,400356.12,17.14,0.29,Mylan (formerly Matrix) Nashik,True,2344.0,9309.52,863.17
8014,84020,151-NG-T30,FPQ-5023,SO-36541,DN-1938,Nigeria,PMO - US,From RDC,N/A - From RDC,Air,2010-02-10,2010-01-15,2010-07-15,2010-06-28,2010-06-28,ARV,Adult,SCMS from RDC,"Lamivudine/Zidovudine 150/300mg, tablets, 60 Tabs",Lamivudine/Zidovudine,Generic,150/300mg,Tablet - FDC,60,23856,208978.56,8.76,0.15,Mylan (formerly Matrix) Nashik,True,1918.0,0.0,450.56
8015,84021,151-NG-T30,FPQ-5023,SO-36543,DN-1939,Nigeria,PMO - US,From RDC,N/A - From RDC,Air,2010-02-10,2010-01-15,2010-07-15,2010-06-28,2010-06-28,ARV,Adult,SCMS from RDC,"Lamivudine/Zidovudine 150/300mg, tablets, 60 Tabs",Lamivudine/Zidovudine,Generic,150/300mg,Tablet - FDC,60,4674,40944.24,8.76,0.15,Mylan (formerly Matrix) Nashik,True,376.0,0.0,88.28
8016,84022,109-TZ-T30,FPQ-5237,SO-36043,DN-1947,Tanzania,PMO - US,From RDC,N/A - From RDC,Air,2010-03-01,2010-01-21,2010-07-21,2010-07-21,2010-07-21,ARV,Adult,SCMS from RDC,"Nevirapine 200mg, tablets, 60 Tabs",Nevirapine,Generic,200mg,Tablet,60,38500,105105.0,2.73,0.05,"Strides, Bangalore, India.",True,2695.0,13457.25,226.61
8017,84023,113-ZW-T30,FPQ-4694,SO-35351,DN-1948,Zimbabwe,PMO - US,From RDC,N/A - From RDC,Air,2009-12-08,2010-01-30,2010-07-30,2010-07-22,2010-07-22,ARV,Adult,SCMS from RDC,"Lamivudine/Stavudine 150/30mg, tablets, 60 Tabs",Lamivudine/Stavudine,Generic,150/30mg,Tablet - FDC,60,5900,19352.0,3.28,0.05,"Cipla, Goa, India",False,1397.0,12894.85,41.72
8018,84024,113-ZW-T30,FPQ-4694,SO-35351,DN-1948,Zimbabwe,PMO - US,From RDC,N/A - From RDC,Air,2009-12-08,2010-01-30,2010-07-30,2010-07-22,2010-07-22,ARV,Adult,SCMS from RDC,"Zidovudine 300mg, tablets, 60 Tabs",Zidovudine,Generic,300mg,Tablet,60,5880,42394.8,7.21,0.12,"Aurobindo Unit III, India",False,679.0,12894.85,91.4
8019,84025,113-ZW-T30,FPQ-4694,SO-35351,DN-1948,Zimbabwe,PMO - US,From RDC,N/A - From RDC,Air,2009-12-08,2010-01-30,2010-07-30,2010-07-22,2010-07-22,ARV,Adult,SCMS from RDC,"Lamivudine/Zidovudine 150/300mg, tablets, 60 Tabs",Lamivudine/Zidovudine,Generic,150/300mg,Tablet - FDC,60,560,4905.6,8.76,0.15,"Aurobindo Unit III, India",False,75.0,12894.85,10.58
8020,84026,117-ET-T30,FPQ-5967,SO-37100,DN-1951,Ethiopia,PMO - US,From RDC,N/A - From RDC,Air,2010-06-28,2010-03-21,2010-09-21,2010-07-19,2010-07-19,ARV,Adult,SCMS from RDC,"Lamivudine/Nevirapine/Stavudine 150/200/30mg, tablets, 60 Tabs",Lamivudine/Nevirapine/Stavudine,Generic,150/200/30mg,Tablet - FDC,60,29315,167974.95,5.73,0.1,"Cipla, Goa, India",True,3931.0,13215.67,362.15
8021,84027,151-NG-T30,FPQ-5023,SO-36436,DN-1955,Nigeria,PMO - US,From RDC,N/A - From RDC,Air Charter,2010-02-10,2010-02-16,2010-08-16,2010-08-17,2010-08-17,ARV,Adult,SCMS from RDC,"Lamivudine/Nevirapine/Zidovudine 150/200/300mg, tablets, 60 Tabs",Lamivudine/Nevirapine/Zidovudine,Generic,150/300/200mg,Tablet - FDC,60,28868,323898.96,11.22,0.19,"Aurobindo Unit III, India",True,3570.0,6147.18,698.33
8022,84028,106-HT-T30,FPQ-5523,SO-36770,DN-1965,Haiti,PMO - US,From RDC,N/A - From RDC,Air,2010-04-19,2010-02-24,2010-08-24,2010-08-23,2010-08-23,ARV,Adult,SCMS from RDC,"Zidovudine 300mg, tablets, 60 Tabs",Zidovudine,Generic,300mg,Tablet,60,2280,16438.8,7.21,0.12,"Aurobindo Unit III, India",True,123.0,2136.1,35.44
8023,84029,151-NG-T30,FPQ-5688,SO-36911,DN-1968,Nigeria,PMO - US,From RDC,N/A - From RDC,Air Charter,2010-05-27,2010-02-28,2010-08-31,2010-08-17,2010-08-17,ARV,Adult,SCMS from RDC,"Emtricitabine/Tenofovir Disoproxil Fumarate 200/300mg, tablets, 30 Tabs",Emtricitabine/Tenofovir Disoproxil Fumarate,Generic,200/300mg,Tablet - FDC,30,30000,352500.0,11.75,0.39,Mylan (formerly Matrix) Nashik,True,2700.0,6147.18,759.99
8024,84030,151-NG-T30,FPQ-5688,SO-36931,DN-1975,Nigeria,PMO - US,From RDC,N/A - From RDC,Air Charter,2010-05-27,2010-02-28,2010-08-31,2010-08-17,2010-08-17,ARV,Adult,SCMS from RDC,"Lamivudine/Nevirapine/Zidovudine 150/200/300mg, tablets, 60 Tabs",Lamivudine/Nevirapine/Zidovudine,Generic,150/300/200mg,Tablet - FDC,60,54125,607282.5,11.22,0.19,"Aurobindo Unit III, India",True,7050.0,6147.18,1309.3
8025,84031,117-ET-T30,FPQ-6142,SO-37190,DN-1981,Ethiopia,PMO - US,From RDC,N/A - From RDC,Air,2010-07-26,2010-02-17,2010-08-17,2010-08-09,2010-08-09,ARV,Adult,SCMS from RDC,"Zidovudine 300mg, tablets, 60 Tabs",Zidovudine,Generic,300mg,Tablet,60,5000,36050.0,7.21,0.12,"Aurobindo Unit III, India",True,196.0,1229.52,77.72
8026,84032,104-CI-T30,FPQ-5623,SO-36890,DN-1984,Côte d'Ivoire,PMO - US,From RDC,N/A - From RDC,Air,2010-05-07,2010-02-28,2010-08-31,2010-08-23,2010-08-23,ARV,Pediatric,SCMS from RDC,"Efavirenz 50mg, capsule, 30 Caps",Efavirenz,Generic,50mg,Capsule,30,2436,5456.64,2.24,0.07,"Aurobindo Unit III, India",False,668.5,4063.81,11.76
8027,84033,100-DO-T30,FPQ-6079,SO-37200,DN-1985,Dominican Republic,PMO - US,From RDC,N/A - From RDC,Air,2010-07-16,2010-02-28,2010-08-30,2010-08-28,2010-08-28,ARV,Adult,SCMS from RDC,"Lamivudine/Nevirapine/Zidovudine 150/200/300mg, tablets, 60 Tabs",Lamivudine/Nevirapine/Zidovudine,Generic,150/300/200mg,Tablet - FDC,60,9000,100980.0,11.22,0.19,"Aurobindo Unit III, India",False,974.0,3026.24,217.71
8028,84034,151-NG-T30,FPQ-5023,SO-37080,DN-1990,Nigeria,PMO - US,From RDC,N/A - From RDC,Air Charter,2010-02-10,2010-02-12,2010-08-12,2010-08-17,2010-08-17,ARV,Adult,SCMS from RDC,"Nevirapine 200mg, tablets, 60 Tabs",Nevirapine,Generic,200mg,Tablet,60,13104,35773.92,2.73,0.05,"Aurobindo Unit III, India",True,1448.0,6147.18,77.13
8029,84035,151-NG-T30,FPQ-5023,SO-36467,DN-1992,Nigeria,PMO - US,From RDC,N/A - From RDC,Air Charter,2010-02-10,2010-02-12,2010-08-12,2010-08-17,2010-08-17,ARV,Adult,SCMS from RDC,"Nevirapine 200mg, tablets, 60 Tabs",Nevirapine,Generic,200mg,Tablet,60,34801,95006.73,2.73,0.05,"Aurobindo Unit III, India",True,3951.0,6147.18,204.83
8030,84038,109-TZ-T30,FPQ-6226,SO-37300,DN-2008,Tanzania,PMO - US,From RDC,N/A - From RDC,Air,2010-08-16,2010-03-30,2010-09-30,2010-09-10,2010-09-10,ARV,Adult,SCMS from RDC,"Efavirenz 600mg, tablets, 30 Tabs",Efavirenz,Generic,600mg,Tablet,30,15331,68222.95,4.45,0.15,"Strides, Bangalore, India.",True,4729.0,18390.42,147.09
8031,84039,104-CI-T30,FPQ-4659,SO-35562,DN-2004,Côte d'Ivoire,PMO - US,From RDC,N/A - From RDC,Air,2009-12-08,2010-03-30,2010-09-30,2010-09-06,2010-09-06,ARV,Pediatric,SCMS from RDC,"Didanosine 200mg, chewable/dispersible tablets, 60 Tabs",Didanosine,Generic,200mg,Chewable/dispersible tablet,60,632,9796.0,15.5,0.26,"Aurobindo Unit III, India",True,134.0,8815.65,21.12
8032,84040,104-CI-T30,FPQ-5623,SO-36881,DN-2012,Côte d'Ivoire,PMO - US,From RDC,N/A - From RDC,Truck,2010-05-07,2010-04-19,2010-10-19,2010-09-25,2010-09-25,ARV,Adult,SCMS from RDC,"Nevirapine 200mg, tablets, 60 Tabs",Nevirapine,Generic,200mg,Tablet,60,7925,21080.5,2.66,0.04,"Aurobindo Unit III, India",True,18041.0,8953.2,45.45
8033,84041,104-CI-T30,FPQ-5623,SO-36881,DN-2012,Côte d'Ivoire,PMO - US,From RDC,N/A - From RDC,Truck,2010-05-07,2010-04-19,2010-10-19,2010-09-25,2010-09-25,ARV,Adult,SCMS from RDC,"Nevirapine 200mg, tablets, 60 Tabs",Nevirapine,Generic,200mg,Tablet,60,12100,32186.0,2.66,0.04,Hetero Unit III Hyderabad IN,False,860.5,6757.815,69.39
8034,84042,106-HT-T30,FPQ-5523,SO-36741,DN-2015,Haiti,PMO - US,From RDC,N/A - From RDC,Air,2010-04-19,2010-03-30,2010-09-30,2010-10-07,2010-10-07,ARV,Adult,SCMS from RDC,"Nevirapine 200mg, tablets, 60 Tabs",Nevirapine,Generic,200mg,Tablet,60,27900,74214.0,2.66,0.04,Hetero Unit III Hyderabad IN,False,10443.0,2946.7200000000003,160.01
8035,84043,105-GY-T30,FPQ-6306,SO-37390,DN-2016,Guyana,PMO - US,From RDC,N/A - From RDC,Air,2010-08-27,2010-05-23,2010-11-23,2010-09-19,2010-09-19,ARV,Adult,SCMS from RDC,"Zidovudine 300mg, tablets, 60 Tabs",Zidovudine,Generic,300mg,Tablet,60,1002,7224.42,7.21,0.12,"Aurobindo Unit III, India",False,668.5,1924.4650000000001,15.58
8036,84044,105-GY-T30,FPQ-6307,SO-37400,DN-2017,Guyana,PMO - US,From RDC,N/A - From RDC,Air,2010-08-30,2010-05-23,2010-11-23,2010-09-19,2010-09-19,ARV,Pediatric,SCMS from RDC,"Efavirenz 200mg, capsule, 90 Caps",Efavirenz,Generic,200mg,Capsule,90,230,2233.3,9.71,0.11,"Aurobindo Unit III, India",False,132.0,1924.4650000000001,4.81
8037,84045,113-ZW-T30,FPQ-4694,SO-35380,DN-2019,Zimbabwe,PMO - US,From RDC,N/A - From RDC,Truck,2009-12-08,2010-03-30,2010-09-30,2010-10-04,2010-10-04,ARV,Adult,SCMS from RDC,"Lamivudine/Nevirapine/Stavudine 150/200/30mg, tablets, 60 Tabs",Lamivudine/Nevirapine/Stavudine,Generic,150/200/30mg,Tablet - FDC,60,112100,642333.0,5.73,0.1,"Cipla, Goa, India",False,668.5,6721.705,1384.87
8038,84046,105-GY-T30,FPQ-6439,SO-37490,DN-2022,Guyana,PMO - US,From RDC,N/A - From RDC,Air,2010-09-22,2010-04-20,2010-10-20,2010-09-28,2010-09-28,ARV,Adult,SCMS from RDC,"Lopinavir/Ritonavir 200/50mg, tablets, 120 Tabs",Lopinavir/Ritonavir,Generic,200/50mg,Tablet,120,140,5425.0,38.75,0.32,"Aurobindo Unit III, India",True,34.0,2027.42,11.7
8039,84047,102-UG-T30,FPQ-6403,SO-37460,DN-2026,Uganda,PMO - US,From RDC,N/A - From RDC,Air,2010-09-16,2010-04-20,2010-10-20,2010-10-25,2010-10-25,ARV,Adult,SCMS from RDC,"Efavirenz 600mg, tablets, 30 Tabs",Efavirenz,Generic,600mg,Tablet,30,27304,118499.36,4.34,0.14,Mylan (formerly Matrix) Nashik,True,13087.0,56372.66,255.48
8040,84048,102-UG-T30,FPQ-6403,SO-37460,DN-2026,Uganda,PMO - US,From RDC,N/A - From RDC,Air,2010-09-16,2010-04-20,2010-10-20,2010-10-25,2010-10-25,ARV,Adult,SCMS from RDC,"Lamivudine/Nevirapine/Zidovudine 150/200/300mg, tablets, 60 Tabs",Lamivudine/Nevirapine/Zidovudine,Generic,150/300/200mg,Tablet - FDC,60,31084,348762.48,11.22,0.19,Mylan (formerly Matrix) Nashik,False,668.5,2485.92,751.93
8041,84049,151-NG-T30,FPQ-5688,SO-37500,DN-2025,Nigeria,PMO - US,From RDC,N/A - From RDC,Air,2010-05-27,2010-04-22,2010-10-22,2010-11-10,2010-11-10,ARV,Adult,SCMS from RDC,"Lamivudine/Nevirapine/Stavudine 150/200/30mg, tablets, 60 Tabs",Lamivudine/Nevirapine/Stavudine,Generic,150/200/30mg,Tablet - FDC,60,2000,11460.0,5.73,0.1,"Cipla, Goa, India",False,274.0,10144.765,24.71
8042,84050,151-NG-T30,FPQ-5688,SO-37500,DN-2025,Nigeria,PMO - US,From RDC,N/A - From RDC,Air,2010-05-27,2010-04-22,2010-10-22,2010-11-10,2010-11-10,ARV,Adult,SCMS from RDC,"Lamivudine/Zidovudine 150/300mg, tablets, 60 Tabs",Lamivudine/Zidovudine,Generic,150/300mg,Tablet - FDC,60,72023,615796.65,8.55,0.14,"Aurobindo Unit III, India",False,668.5,10144.765,1327.66
8043,84051,117-ET-T30,FPQ-6428,SO-37940,DN-2049,Ethiopia,PMO - US,From RDC,N/A - From RDC,Air,2010-09-24,2010-05-19,2010-11-19,2010-11-17,2010-11-17,ARV,Adult,SCMS from RDC,"Zidovudine 300mg, tablets, 60 Tabs",Zidovudine,Generic,300mg,Tablet,60,1660,11968.6,7.21,0.12,"Aurobindo Unit III, India",True,90.0,866.71,25.8
8044,84052,110-ZM-T30,FPQ-6221,SO-37320,DN-2054,Zambia,PMO - US,From RDC,N/A - From RDC,Truck,2010-08-20,2010-06-30,2010-12-31,2010-11-25,2010-11-25,ARV,Adult,SCMS from RDC,"Lamivudine/Nevirapine/Stavudine 150/200/30mg, tablets, 60 Tabs",Lamivudine/Nevirapine/Stavudine,Generic,150/200/30mg,Tablet - FDC,60,36562,198531.66,5.43,0.09,"Cipla, Goa, India",False,668.5,6476.695,428.03
8045,84053,106-HT-T30,FPQ-5523,SO-36730,DN-2059,Haiti,PMO - US,From RDC,N/A - From RDC,Air,2010-04-19,2010-05-26,2010-11-26,2010-12-15,2010-12-15,ARV,Adult,SCMS from RDC,"Lamivudine/Zidovudine 150/300mg, tablets, 60 Tabs",Lamivudine/Zidovudine,Generic,150/300mg,Tablet - FDC,60,36139,308988.45,8.55,0.14,"Aurobindo Unit III, India",True,7100.0,68243.0,666.18
8046,84054,104-CI-T30,FPQ-5623,SO-36870,DN-2060,Côte d'Ivoire,PMO - US,From RDC,N/A - From RDC,Air,2010-05-07,2010-05-30,2010-11-30,2010-12-22,2010-12-22,ARV,Adult,SCMS from RDC,"Nevirapine 200mg, tablets, 60 Tabs",Nevirapine,Generic,200mg,Tablet,60,19767,52580.22,2.66,0.04,Hetero Unit III Hyderabad IN,False,668.5,4063.81,113.36
8047,84055,151-NG-T30,FPQ-6243,SO-37430,DN-2080,Nigeria,PMO - US,From RDC,N/A - From RDC,Air Charter,2010-08-25,2010-09-30,2011-03-30,2011-01-09,2011-01-09,ARV,Adult,SCMS from RDC,"Lamivudine/Tenofovir Disoproxil Fumarate 300/300mg, tablets, 30 Tabs",Lamivudine/Tenofovir Disoproxil Fumarate,Generic,300/300mg,Tablet - FDC,30,50000,441000.0,8.82,0.29,Mylan (formerly Matrix) Nashik,True,4502.0,27457.0,950.8
8048,84056,114-UG-T30,FPQ-6427,SO-38180,DN-2084,Uganda,PMO - US,From RDC,N/A - From RDC,Truck,2010-09-29,2010-08-07,2011-02-07,2011-01-14,2011-01-14,ARV,Adult,SCMS from RDC,"Lamivudine/Nevirapine/Zidovudine 150/200/300mg, tablets, 60 Tabs",Lamivudine/Nevirapine/Zidovudine,Generic,150/300/200mg,Tablet - FDC,60,69202,776446.44,11.22,0.19,"Aurobindo Unit III, India",True,9299.0,54009.25,1674.02
8049,84057,111-MZ-T30,FPQ-6426,SO-37600,DN-2086,Mozambique,PMO - US,From RDC,N/A - From RDC,Truck,2010-09-23,2010-09-10,2011-03-10,2011-03-02,2011-03-02,ARV,Adult,SCMS from RDC,"Lamivudine/Stavudine 150/30mg, tablets, 60 Tabs",Lamivudine/Stavudine,Generic,150/30mg,Tablet - FDC,60,23448,76909.44,3.28,0.05,"Cipla, Goa, India",True,1804.0,4815.8,165.82
8050,84058,151-NG-T30,FPQ-6243,SO-38330,DN-2092,Nigeria,PMO - US,From RDC,N/A - From RDC,Air Charter,2010-08-25,2010-08-21,2011-02-21,2011-02-16,2011-02-16,ARV,Adult,SCMS from RDC,"Lamivudine 150mg, tablets, 60 Tabs",Lamivudine,Generic,150mg,Tablet,60,6700,15611.0,2.33,0.04,"Aurobindo Unit III, India",True,426.0,43548.0,33.66
8051,84059,104-CI-T30,FPQ-6144,SO-38380,DN-2106,Côte d'Ivoire,PMO - US,From RDC,N/A - From RDC,Air,2010-08-03,2010-07-31,2011-01-31,2011-02-22,2011-02-22,ARV,Pediatric,SCMS from RDC,"Lamivudine 10mg/ml, oral solution w/syringe, Bottle, 240 ml",Lamivudine,Generic,10mg/ml,Oral solution,240,3660,6771.0,1.85,0.01,"Aurobindo Unit III, India",False,668.5,4063.81,14.6
8052,84060,117-ET-T30,FPQ-7001,SO-38460,DN-2111,Ethiopia,PMO - US,From RDC,N/A - From RDC,Air,2011-01-06,2010-08-09,2011-02-09,2011-02-07,2011-02-07,ARV,Adult,SCMS from RDC,"Tenofovir Disoproxil Fumarate 300mg, tablets, 30 Tabs",Tenofovir Disoproxil Fumarate,Generic,300mg,Tablet,30,6020,39551.4,6.57,0.22,"Aurobindo Unit III, India",True,542.0,3935.92,65.26
8053,84061,110-ZM-T30,FPQ-6222,SO-37350,DN-2117,Zambia,PMO - US,From RDC,N/A - From RDC,Truck,2010-08-20,2010-09-30,2011-03-31,2011-03-07,2011-03-07,ARV,Adult,SCMS from RDC,"Emtricitabine/Tenofovir Disoproxil Fumarate 200/300mg, tablets, 30 Tabs",Emtricitabine/Tenofovir Disoproxil Fumarate,Generic,200/300mg,Tablet - FDC,30,200000,2184000.0,10.92,0.36,Mylan (formerly Matrix) Nashik,True,43128.0,34543.36,4708.7
8054,84062,110-ZM-T30,FPQ-6221,SO-38110,DN-2118,Zambia,PMO - US,From RDC,N/A - From RDC,Truck,2010-08-20,2010-09-10,2011-03-10,2011-02-25,2011-02-25,ARV,Adult,SCMS from RDC,"Emtricitabine/Tenofovir Disoproxil Fumarate 200/300mg, tablets, 30 Tabs",Emtricitabine/Tenofovir Disoproxil Fumarate,Generic,200/300mg,Tablet - FDC,30,129998,1419578.16,10.92,0.36,Mylan (formerly Matrix) Nashik,True,11115.0,16482.05,3060.61
8055,84063,104-CI-T30,FPQ-6144,SO-38400,DN-2123,Côte d'Ivoire,PMO - US,From RDC,N/A - From RDC,Air,2010-08-03,2010-09-30,2011-03-31,2011-03-15,2011-03-15,ARV,Adult,SCMS from RDC,"Efavirenz 600mg, tablets, 30 Tabs",Efavirenz,Generic,600mg,Tablet,30,57456,255679.2,4.45,0.15,Mylan (formerly Matrix) Nashik,True,4720.0,18611.92,551.24
8056,84064,110-ZM-T30,FPQ-6221,SO-37950,DN-2125,Zambia,PMO - US,From RDC,N/A - From RDC,Truck,2010-08-20,2010-09-30,2011-03-31,2011-04-05,2011-04-05,ARV,Adult,SCMS from RDC,"Lamivudine/Nevirapine/Stavudine 150/200/30mg, tablets, 60 Tabs",Lamivudine/Nevirapine/Stavudine,Generic,150/200/30mg,Tablet - FDC,60,3355,19224.15,5.73,0.1,"Strides, Bangalore, India.",False,1006.0,6476.695,41.45
8057,84065,105-GY-T30,FPQ-7128,SO-38840,DN-2129,Guyana,PMO - US,From RDC,N/A - From RDC,Air,2011-02-04,2010-09-30,2011-03-31,2011-03-25,2011-03-25,ARV,Adult,SCMS from RDC,"Zidovudine 300mg, tablets, 60 Tabs",Zidovudine,Generic,300mg,Tablet,60,1827,13172.67,7.21,0.12,"Aurobindo Unit III, India",False,668.5,1924.4650000000001,21.73
8058,84066,104-CI-T30,FPQ-6495,SO-37700,DN-2137,Côte d'Ivoire,PMO - US,From RDC,N/A - From RDC,Air,2010-10-04,2010-09-30,2011-03-31,2011-03-29,2011-03-29,ARV,Adult,SCMS from RDC,"Lamivudine/Zidovudine 150/300mg, tablets, 60 Tabs",Lamivudine/Zidovudine,Generic,150/300mg,Tablet - FDC,60,40752,348429.6,8.55,0.14,Hetero Unit III Hyderabad IN,False,3506.0,4063.81,751.21
8059,84067,104-CI-T30,FPQ-5925,SO-38300,DN-2139,Côte d'Ivoire,PMO - US,From RDC,N/A - From RDC,Air,2010-06-23,2010-09-15,2011-03-15,2011-03-29,2011-03-29,ARV,Pediatric,SCMS from RDC,"Didanosine 200mg, chewable/dispersible tablets, 60 Tabs",Didanosine,Generic,200mg,Chewable/dispersible tablet,60,648,10044.0,15.5,0.26,"Aurobindo Unit III, India",True,138.0,17941.47,21.65
8060,84068,109-TZ-T30,FPQ-7347,SO-39010,DN-2151,Tanzania,PMO - US,From RDC,N/A - From RDC,Air,2011-03-07,2010-10-07,2011-04-07,2011-03-31,2011-03-31,ARV,Adult,SCMS from RDC,"Efavirenz 600mg, tablets, 30 Tabs",Efavirenz,Generic,600mg,Tablet,30,3493,14740.46,4.22,0.14,"Emcure Plot No.P-2, I.T-B.T. Park, Phase II, MIDC, Hinjwadi, Pune, India",True,2996.0,9639.1,24.32
8061,84069,104-CI-T30,FPQ-6891,SO-38540,DN-2153,Côte d'Ivoire,PMO - US,From RDC,N/A - From RDC,Air,2010-12-21,2010-10-20,2011-04-20,2011-06-10,2011-06-10,ARV,Adult,SCMS from RDC,"Abacavir/Lamivudine 600/300mg, scored tablets, 30 Tabs",Abacavir/Lamivudine,Generic,600/300mg,Tablet - FDC,30,1309,29452.5,22.5,0.75,Mylan (formerly Matrix) Nashik,False,668.5,4063.81,48.6
8062,84070,104-CI-T30,FPQ-6891,SO-38540,DN-2153,Côte d'Ivoire,PMO - US,From RDC,N/A - From RDC,Air,2010-12-21,2010-10-20,2011-04-20,2011-06-10,2011-06-10,ARV,Adult,SCMS from RDC,"Lamivudine/Zidovudine 150/300mg, tablets, 60 Tabs",Lamivudine/Zidovudine,Generic,150/300mg,Tablet - FDC,60,20376,174214.8,8.55,0.14,Hetero Unit III Hyderabad IN,False,668.5,4063.81,287.45
8063,84074,111-MZ-T30,FPQ-7053,SO-38670,DN-2160,Mozambique,PMO - US,From RDC,N/A - From RDC,Truck,2011-01-24,2010-11-30,2011-05-31,2011-04-06,2011-04-06,ARV,Adult,SCMS from RDC,"Lamivudine 150mg, tablets, 60 Tabs",Lamivudine,Generic,150mg,Tablet,60,4050,9436.5,2.33,0.04,"Aurobindo Unit III, India",True,195.0,3495.81,15.57
8064,84075,104-CI-T30,FPQ-6499,SO-37730,DN-2158,Côte d'Ivoire,PMO - US,From RDC,N/A - From RDC,Air,2010-10-04,2010-09-24,2011-03-24,2011-06-07,2011-06-07,ARV,Adult,SCMS from RDC,"Efavirenz/Emtricitabine/Tenofovir Disoproxil Fumarate 600/200/300mg, tablets, 30 Tabs",Efavirenz/Emtricitabine/Tenofovir Disoproxil Fumarate,Generic,600/200/300mg,Tablet - FDC,30,11280,224697.6,19.92,0.66,Mylan (formerly Matrix) Nashik,True,1264.0,3380.35,370.75
8065,84076,151-NG-T30,FPQ-7217,SO-39160,DN-2165,Nigeria,PMO - US,From RDC,N/A - From RDC,Air Charter,2011-02-21,2010-12-15,2011-06-15,2011-05-11,2011-05-11,ARV,Adult,SCMS from RDC,"Lamivudine/Nevirapine/Stavudine 150/200/30mg, tablets, 60 Tabs",Lamivudine/Nevirapine/Stavudine,Generic,150/200/30mg,Tablet - FDC,60,2000,11120.0,5.56,0.09,"Cipla, Goa, India",True,209.0,12601.07,18.35
8066,84077,151-NG-T30,FPQ-6800,SO-38610,DN-2166,Nigeria,PMO - US,From RDC,N/A - From RDC,Air Charter,2010-12-07,2010-09-30,2011-03-31,2011-05-11,2011-05-11,ARV,Adult,SCMS from RDC,"Emtricitabine/Tenofovir Disoproxil Fumarate 200/300mg, tablets, 30 Tabs",Emtricitabine/Tenofovir Disoproxil Fumarate,Generic,200/300mg,Tablet - FDC,30,60756,640368.24,10.54,0.35,Mylan (formerly Matrix) Nashik,True,5481.0,12601.07,1056.61
8067,84078,151-NG-T30,FPQ-6800,SO-39170,DN-2167,Nigeria,PMO - US,From RDC,N/A - From RDC,Air Charter,2010-12-07,2010-12-21,2011-06-21,2011-05-11,2011-05-11,ARV,Adult,SCMS from RDC,"Efavirenz 600mg, tablets, 30 Tabs",Efavirenz,Generic,600mg,Tablet,30,87744,370279.68,4.22,0.14,Mylan (formerly Matrix) Nashik,True,7194.0,12601.07,610.96
8068,84079,106-HT-T30,FPQ-6484,SO-38080,DN-2176,Haiti,PMO - US,From RDC,N/A - From RDC,Air,2010-10-13,2010-09-24,2011-03-24,2011-04-28,2011-04-28,ARV,Adult,SCMS from RDC,"Lamivudine 150mg, tablets, 60 Tabs",Lamivudine,Generic,150mg,Tablet,60,2111,4918.63,2.33,0.04,"Aurobindo Unit III, India",True,101.0,1697.33,10.6
8069,84080,200-ZW-T30,FPQ-6483,SO-39270,DN-2178,Zimbabwe,PMO - US,From RDC,N/A - From RDC,Truck,2010-10-13,2010-10-04,2011-04-04,2011-05-20,2011-05-20,ARV,Pediatric,SCMS from RDC,"Didanosine 125mg, delayed-release capsules, 30 Caps",Didanosine,Generic,125mg,Delayed-release capsules,30,105,892.5,8.5,0.28,"Aurobindo Unit III, India",True,10.0,3403.99,1.92
8070,84081,200-ZW-T30,FPQ-6483,SO-39270,DN-2178,Zimbabwe,PMO - US,From RDC,N/A - From RDC,Truck,2010-10-13,2010-10-04,2011-04-04,2011-05-20,2011-05-20,ARV,Pediatric,SCMS from RDC,"Didanosine 200mg, delayed-release capsules, 30 Caps",Didanosine,Generic,200mg,Delayed-release capsules,30,45,495.0,11.0,0.37,"Aurobindo Unit III, India",False,13.0,6721.705,1.07
8071,84082,110-ZM-T30,FPQ-6665,SO-38070,DN-2182,Zambia,PMO - US,From RDC,N/A - From RDC,Truck,2010-11-08,2010-10-14,2011-04-14,2011-05-20,2011-05-20,ARV,Adult,SCMS from RDC,"Lamivudine 150mg, tablets, 60 Tabs",Lamivudine,Generic,150mg,Tablet,60,54869,127844.77,2.33,0.04,"Aurobindo Unit III, India",True,2630.0,3402.23,210.94
8072,84083,110-ZM-T30,FPQ-6482,SO-38960,DN-2183,Zambia,PMO - US,From RDC,N/A - From RDC,Truck,2010-10-15,2010-10-30,2011-04-30,2011-05-20,2011-05-20,ARV,Adult,SCMS from RDC,"Lamivudine/Zidovudine 150/300mg, tablets, 60 Tabs",Lamivudine/Zidovudine,Generic,150/300mg,Tablet - FDC,60,120000,1026000.0,8.55,0.14,"Aurobindo Unit III, India",True,11057.0,12049.4,2212.06
8073,84084,110-ZM-T30,FPQ-6482,SO-38970,DN-2154,Zambia,PMO - US,From RDC,N/A - From RDC,Truck,2010-10-15,2010-10-11,2011-04-11,2011-05-20,2011-05-20,ARV,Adult,SCMS from RDC,"Nevirapine 200mg, tablets, 60 Tabs",Nevirapine,Generic,200mg,Tablet,60,7946,19944.46,2.51,0.04,Hetero Unit III Hyderabad IN,True,1168.0,3402.23,43.0
8074,84085,111-MZ-T30,FPQ-7053,SO-39340,DN-2193,Mozambique,PMO - US,From RDC,N/A - From RDC,Truck,2011-01-24,2010-11-30,2011-05-31,2011-06-23,2011-06-23,ARV,Adult,SCMS from RDC,"Stavudine 30mg, capsules, 60 Caps",Stavudine,Generic,30mg,Capsule,60,630,882.0,1.4,0.02,"Aurobindo Unit III, India",True,485.0,947.52,1.46
8075,84086,110-ZM-T30,FPQ-6222,SO-38600,DN-2196,Zambia,PMO - US,From RDC,N/A - From RDC,Truck,2010-08-20,2010-10-14,2011-04-14,2011-06-10,2011-06-10,ARV,Adult,SCMS from RDC,"Zidovudine 300mg, tablets, 60 Tabs",Zidovudine,Generic,300mg,Tablet,60,10394,72965.88,7.02,0.12,Hetero Unit III Hyderabad IN,True,14935.0,15919.88,157.31
8076,84087,117-ET-T30,FPQ-7001,SO-38420,DN-2199,Ethiopia,PMO - US,From RDC,N/A - From RDC,Air,2011-01-06,2010-11-30,2011-05-31,2011-05-30,2011-05-30,ARV,Adult,SCMS from RDC,"Tenofovir Disoproxil Fumarate 300mg, tablets, 30 Tabs",Tenofovir Disoproxil Fumarate,Generic,300mg,Tablet,30,10000,65700.0,6.57,0.22,Mylan (formerly Matrix) Nashik,True,716.0,2976.29,108.4
8077,84088,113-ZW-T30,FPQ-6470,SO-39510,DN-2205,Zimbabwe,PMO - US,From RDC,N/A - From RDC,Truck,2010-10-13,2010-11-30,2011-05-31,2011-06-15,2011-06-15,ARV,Adult,SCMS from RDC,"Lamivudine/Stavudine 150/30mg, tablets, 60 Tabs",Lamivudine/Stavudine,Generic,150/30mg,Tablet - FDC,60,4669,14940.8,3.2,0.05,"Cipla, Goa, India",False,357.0,6721.705,32.21
8078,84089,151-NG-T30,FPQ-6800,SO-39080,DN-2208,Nigeria,PMO - US,From RDC,N/A - From RDC,Air Charter,2010-12-07,2010-12-21,2011-06-21,2011-07-06,2011-07-06,ARV,Adult,SCMS from RDC,"Nevirapine 200mg, tablets, 60 Tabs",Nevirapine,Generic,200mg,Tablet,60,42371,109317.18,2.58,0.04,"Aurobindo Unit III, India",True,5262.0,13398.0,180.37
8079,84090,151-NG-T30,FPQ-7217,SO-39590,DN-2214,Nigeria,PMO - US,From RDC,N/A - From RDC,Air Charter,2011-02-21,2010-12-15,2011-06-15,2011-07-06,2011-07-06,ARV,Adult,SCMS from RDC,"Lamivudine 150mg, tablets, 60 Tabs",Lamivudine,Generic,150mg,Tablet,60,3173,7393.09,2.33,0.04,"Aurobindo Unit III, India",True,170.0,13398.06,12.2
8080,84091,151-NG-T30,FPQ-7217,SO-39620,DN-2218,Nigeria,PMO - US,From RDC,N/A - From RDC,Air Charter,2011-02-21,2010-12-15,2011-06-15,2011-07-05,2011-07-05,ARV,Adult,SCMS from RDC,"Nevirapine 200mg, tablets, 60 Tabs",Nevirapine,Generic,200mg,Tablet,60,15508,38925.08,2.51,0.04,"Strides, Bangalore, India.",True,1107.0,13398.06,64.23
8081,84092,107-RW-T30,FPQ-7692,SO-39560,DN-2227,Rwanda,PMO - US,From RDC,N/A - From RDC,Air Charter,2011-05-04,2011-02-14,2011-08-14,2011-05-25,2011-05-25,ARV,Pediatric,SCMS from RDC,"Lamivudine 10mg/ml, oral solution w/syringe, Bottle, 240 ml",Lamivudine,Generic,10mg/ml,Oral solution,240,1800,3330.0,1.85,0.01,"Aurobindo Unit III, India",True,718.0,4370.8,5.49
8082,84093,105-GY-T30,FPQ-7621,SO-39710,DN-2235,Guyana,PMO - US,From RDC,N/A - From RDC,Air,2011-05-04,2011-04-13,2011-10-13,2011-06-24,2011-06-24,ARV,Adult,SCMS from RDC,"Lamivudine 150mg, tablets, 60 Tabs",Lamivudine,Generic,150mg,Tablet,60,514,1197.62,2.33,0.04,"Aurobindo Unit III, India",True,25.0,1052.04,1.98
8083,84094,110-ZM-T30,FPQ-6482,SO-39410,DN-2239,Zambia,PMO - US,From RDC,N/A - From RDC,Truck,2010-10-15,2010-10-30,2011-04-30,2011-06-20,2011-06-20,ARV,Adult,SCMS from RDC,"Nevirapine 200mg, tablets, 60 Tabs",Nevirapine,Generic,200mg,Tablet,60,112000,281120.0,2.51,0.04,Hetero Unit III Hyderabad IN,True,6449.0,7962.26,606.09
8084,84095,100-BJ-T30,FPQ-7658,SO-39800,DN-2252,Benin,PMO - US,From RDC,N/A - From RDC,Air,2011-05-15,2010-12-13,2011-06-13,2011-07-05,2011-07-05,ARV,Adult,SCMS from RDC,"Lamivudine/Nevirapine/Stavudine 150/200/30mg, tablets, 60 Tabs",Lamivudine/Nevirapine/Stavudine,Generic,150/200/30mg,Tablet - FDC,60,14770,79462.6,5.38,0.09,"Cipla, Goa, India",True,2192.0,10829.6,131.11
8085,84096,100-BJ-T30,FPQ-7658,SO-39800,DN-2252,Benin,PMO - US,From RDC,N/A - From RDC,Air,2011-05-15,2010-12-13,2011-06-13,2011-07-05,2011-07-05,ARV,Adult,SCMS from RDC,"Lamivudine/Stavudine 150/30mg, tablets, 60 Tabs",Lamivudine/Stavudine,Generic,150/30mg,Tablet - FDC,60,8800,28160.0,3.2,0.05,"Cipla, Goa, India",False,1485.0,6477.67,46.46
8086,84097,100-GH-T30,FPQ-7799,SO-39960,DN-2258,Ghana,PMO - US,From RDC,N/A - From RDC,Air,2011-06-06,2011-01-04,2011-07-04,2011-07-20,2011-07-20,ARV,Adult,SCMS from RDC,"Nevirapine 200mg, tablets, 60 Tabs",Nevirapine,Generic,200mg,Tablet,60,38040,95480.4,2.51,0.04,"Strides, Bangalore, India.",True,2269.0,226.25,157.54
8087,84098,106-HT-T30,FPQ-6801,SO-39910,DN-2263,Haiti,PMO - US,From RDC,N/A - From RDC,Air,2010-12-14,2011-01-19,2011-07-19,2011-06-28,2011-06-28,ARV,Adult,SCMS from RDC,"Stavudine 15mg, capsules, 60 Caps",Stavudine,Generic,15mg,Capsule,60,168,221.76,1.32,0.02,"Aurobindo Unit III, India",False,23.0,2946.7200000000003,0.37
8088,84099,111-MZ-T30,FPQ-7053,SO-40060,DN-2268,Mozambique,PMO - US,From RDC,N/A - From RDC,Truck,2011-01-24,2011-02-28,2011-08-31,2011-09-01,2011-09-01,ARV,Adult,SCMS from RDC,"Lamivudine/Nevirapine/Zidovudine 150/200/300mg, tablets, 60 Tabs",Lamivudine/Nevirapine/Zidovudine,Generic,150/300/200mg,Tablet - FDC,60,135900,1524798.0,11.22,0.19,"Aurobindo Unit III, India",False,668.5,5192.68,2515.92
8089,84101,113-ZW-T30,FPQ-6470,SO-37841,DN-2282,Zimbabwe,PMO - US,From RDC,N/A - From RDC,Truck,2010-10-13,2011-02-15,2011-08-15,2011-08-11,2011-08-11,ARV,Adult,SCMS from RDC,"Lamivudine/Nevirapine/Stavudine 150/200/30mg, tablets, 60 Tabs",Lamivudine/Nevirapine/Stavudine,Generic,150/200/30mg,Tablet - FDC,60,36997,199043.86,5.38,0.09,"Cipla, Goa, India",False,668.5,6721.705,429.14
8090,84102,106-HT-T30,FPQ-6801,SO-38211,DN-2283,Haiti,PMO - US,From RDC,N/A - From RDC,Air,2010-12-14,2011-01-19,2011-07-19,2011-07-21,2011-07-21,ARV,Pediatric,SCMS from RDC,"Didanosine 200mg, chewable/dispersible tablets, 60 Tabs",Didanosine,Generic,200mg,Chewable/dispersible tablet,60,180,2700.0,15.0,0.25,"Aurobindo Unit III, India",True,38.0,1128.54,4.46
8091,84103,104-CI-T30,FPQ-6891,SO-38571,DN-2296,Côte d'Ivoire,PMO - US,From RDC,N/A - From RDC,Air,2010-12-21,2011-01-22,2011-07-22,2011-07-22,2011-07-22,ARV,Adult,SCMS from RDC,"Abacavir/Lamivudine 600/300mg, scored tablets, 30 Tabs",Abacavir/Lamivudine,Generic,600/300mg,Tablet - FDC,30,1571,35347.5,22.5,0.75,Mylan (formerly Matrix) Nashik,True,151.0,3545.1,58.32
8092,84104,106-HT-T30,FPQ-6801,SO-38213,DN-2310,Haiti,PMO - US,From RDC,N/A - From RDC,Air,2010-12-14,2011-01-19,2011-07-19,2011-08-11,2011-08-11,ARV,Adult,SCMS from RDC,"Lamivudine/Zidovudine 150/300mg, tablets, 60 Tabs",Lamivudine/Zidovudine,Generic,150/300mg,Tablet - FDC,60,30000,256500.0,8.55,0.14,"Aurobindo Unit III, India",False,3136.0,2946.7200000000003,423.22
8093,84105,110-ZM-T30,FPQ-7085,SO-38741,DN-2322,Zambia,PMO - US,From RDC,N/A - From RDC,Truck,2011-02-03,2011-03-29,2011-09-29,2011-08-29,2011-08-29,ARV,Adult,SCMS from RDC,"Nevirapine 200mg, tablets, 60 Tabs",Nevirapine,Generic,200mg,Tablet,60,89037,223482.87,2.51,0.04,"Aurobindo Unit VII, IN",False,668.5,6476.695,368.75
8094,84106,111-MZ-T30,FPQ-7053,SO-38635,DN-2325,Mozambique,PMO - US,From RDC,N/A - From RDC,Truck,2011-01-24,2011-04-13,2011-10-13,2011-10-13,2011-10-13,ARV,Adult,SCMS from RDC,"Efavirenz 600mg, tablets, 30 Tabs",Efavirenz,Generic,600mg,Tablet,30,19242,81201.24,4.22,0.14,Hetero Unit III Hyderabad IN,False,668.5,5192.68,133.98
8095,84107,106-HT-T30,FPQ-6801,SO-38214,DN-2331,Haiti,PMO - US,From RDC,N/A - From RDC,Air,2010-12-14,2011-02-28,2011-08-31,2011-08-24,2011-08-24,ARV,Adult,SCMS from RDC,"Efavirenz 600mg, tablets, 30 Tabs",Efavirenz,Generic,600mg,Tablet,30,27975,126447.0,4.52,0.15,"Strides, Bangalore, India.",True,1704.0,16881.16,208.64
8096,84108,111-MZ-T30,FPQ-7053,SO-38636,DN-2340,Mozambique,PMO - US,From RDC,N/A - From RDC,Truck,2011-01-24,2011-05-30,2011-11-30,2011-11-30,2011-11-30,ARV,Pediatric,SCMS from RDC,"Zidovudine 10mg/ml, oral solution w/syringe, Bottle, 240 ml",Zidovudine,Generic,10mg/ml,Oral solution,240,9400,18988.0,2.02,0.01,"Aurobindo Unit III, India",True,3642.0,5678.14,31.33
8097,84109,105-GY-T30,FPQ-8023,SO-40440,DN-2348,Guyana,PMO - US,From RDC,N/A - From RDC,Air,2011-08-19,2011-04-18,2011-10-18,2011-10-03,2011-10-03,ARV,Pediatric,SCMS from RDC,"Zidovudine 10mg/ml, oral solution w/syringe, Bottle, 240 ml",Zidovudine,Generic,10mg/ml,Oral solution,240,385,777.7,2.02,0.01,"Aurobindo Unit III, India",False,25.0,1924.4650000000001,1.28
8098,84110,110-ZM-T30,FPQ-6319,SO-38950,DN-2349,Zambia,PMO - US,From RDC,N/A - From RDC,Truck,2010-09-01,2010-10-14,2011-04-14,2011-08-05,2011-08-05,ARV,Adult,SCMS from RDC,"Efavirenz/Emtricitabine/Tenofovir Disoproxil Fumarate 600/200/300mg, tablets, 30 Tabs",Efavirenz/Emtricitabine/Tenofovir Disoproxil Fumarate,Generic,600/200/300mg,Tablet - FDC,30,13154,262027.68,19.92,0.66,Mylan (formerly Matrix) Nashik,True,1456.0,3949.18,564.93
8099,84111,151-NG-T30,FPQ-7812,SO-39991,DN-2350,Nigeria,PMO - US,From RDC,N/A - From RDC,Air Charter,2011-06-06,2011-05-03,2011-11-03,2011-09-28,2011-09-28,ARV,Adult,SCMS from RDC,"Lamivudine/Nevirapine/Zidovudine 150/200/300mg, tablets, 60 Tabs",Lamivudine/Nevirapine/Zidovudine,Generic,150/300/200mg,Tablet - FDC,60,267671,3003268.62,11.22,0.19,"Aurobindo Unit III, India",True,37993.0,18495.9,4955.39
8100,84112,110-ZM-T30,FPQ-7085,SO-38733,DN-2357,Zambia,PMO - US,From RDC,N/A - From RDC,Truck,2011-02-03,2011-04-30,2011-10-31,2011-09-26,2011-09-26,ARV,Adult,SCMS from RDC,"Efavirenz 600mg, tablets, 30 Tabs",Efavirenz,Generic,600mg,Tablet,30,135158,583882.56,4.32,0.14,"Aurobindo Unit III, India",True,17285.0,21454.88,963.41
8101,84113,901-SZ-T30,FPQ-8360,SO-40580,DN-2359,Swaziland,PMO - US,From RDC,N/A - From RDC,Air,2011-09-02,2011-03-30,2011-09-30,2011-10-06,2011-10-06,ARV,Adult,SCMS from RDC,"Lamivudine/Nevirapine/Zidovudine 150/200/300mg, tablets, 60 Tabs",Lamivudine/Nevirapine/Zidovudine,Generic,150/300/200mg,Tablet - FDC,60,23861,267720.42,11.22,0.19,Mylan (formerly Matrix) Nashik,True,4502.0,12314.4,441.74
8102,84115,106-HT-T30,FPQ-7653,SO-39741,DN-2387,Haiti,PMO - US,From RDC,N/A - From RDC,Air,2011-05-11,2011-04-30,2011-10-31,2011-10-24,2011-10-24,ARV,Adult,SCMS from RDC,"Stavudine 30mg, capsules, 60 Caps",Stavudine,Generic,30mg,Capsule,60,3850,5390.0,1.4,0.02,"Aurobindo Unit III, India",True,230.0,2936.8,8.89
8103,84116,900-SZ-T30,FPQ-8417,SO-40701,DN-2391,Swaziland,PMO - US,From RDC,N/A - From RDC,Air,2011-09-14,2011-05-17,2011-11-17,2011-10-18,2011-10-18,ARV,Adult,SCMS from RDC,"Lamivudine/Nevirapine/Zidovudine 150/200/300mg, tablets, 60 Tabs",Lamivudine/Nevirapine/Zidovudine,Generic,150/300/200mg,Tablet - FDC,60,45000,504900.0,11.22,0.19,"Aurobindo Unit III, India",True,5961.0,20144.99,833.08
8104,84117,110-ZM-T30,FPQ-7085,SO-38743,DN-2396,Zambia,PMO - US,From RDC,N/A - From RDC,Truck,2011-02-03,2011-06-10,2011-12-10,2011-12-09,2011-12-09,ARV,Adult,SCMS from RDC,"Nevirapine 200mg, tablets, 60 Tabs",Nevirapine,Generic,200mg,Tablet,60,19200,48192.0,2.51,0.04,Mylan (formerly Matrix) Nashik,True,1936.0,9421.76,79.52
8105,84118,104-CI-T30,FPQ-8295,SO-40770,DN-2405,Côte d'Ivoire,PMO - US,From RDC,N/A - From RDC,Truck,2011-08-25,2011-05-11,2011-11-11,2011-10-31,2011-10-31,ARV,Adult,SCMS from RDC,"Stavudine 15mg, capsules, 60 Caps",Stavudine,Generic,15mg,Capsule,60,1512,1995.84,1.32,0.02,"Aurobindo Unit III, India",True,360.0,3274.41,3.29
8106,84119,110-ZM-T30,FPQ-7085,SO-38743,DN-2396,Zambia,PMO - US,From RDC,N/A - From RDC,Truck,2011-02-03,2011-06-10,2011-12-10,2011-12-09,2011-12-09,ARV,Adult,SCMS from RDC,"Nevirapine 200mg, tablets, 60 Tabs",Nevirapine,Generic,200mg,Tablet,60,108,271.08,2.51,0.04,Hetero Unit III Hyderabad IN,False,78.0,6476.695,0.45
8107,84120,104-CI-T30,FPQ-8295,SO-40800,DN-2422,Côte d'Ivoire,PMO - US,From RDC,N/A - From RDC,Truck,2011-08-25,2011-06-23,2011-12-23,2011-11-19,2011-11-19,ARV,Adult,SCMS from RDC,"Tenofovir Disoproxil Fumarate 300mg, tablets, 30 Tabs",Tenofovir Disoproxil Fumarate,Generic,300mg,Tablet,30,3520,22598.4,6.42,0.21,Mylan (formerly Matrix) Nashik,True,197.0,3296.34,37.29
8108,84121,114-UG-T30,FPQ-8520,SO-40911,DN-2435,Uganda,PMO - US,From RDC,N/A - From RDC,Truck,2011-10-05,2011-07-09,2012-01-09,2011-12-01,2011-12-01,ARV,Adult,SCMS from RDC,"Efavirenz 600mg, tablets, 30 Tabs",Efavirenz,Generic,600mg,Tablet,30,10000,41200.0,4.12,0.14,"Strides, Bangalore, India.",True,1051.0,39130.38,67.98
8109,84122,109-TZ-T30,FPQ-8297,SO-40620,DN-2443,Tanzania,PMO - US,From RDC,N/A - From RDC,Truck,2011-08-22,2011-07-10,2012-01-10,2011-12-22,2011-12-22,ARV,Adult,SCMS from RDC,"Emtricitabine/Tenofovir Disoproxil Fumarate 200/300mg, tablets, 30 Tabs",Emtricitabine/Tenofovir Disoproxil Fumarate,Generic,200/300mg,Tablet - FDC,30,23940,214741.8,8.97,0.3,"Aurobindo Unit III, India",True,1500.0,3623.2,354.32
8110,84123,109-TZ-T30,FPQ-8297,SO-40611,DN-2444,Tanzania,PMO - US,From RDC,N/A - From RDC,Truck,2011-08-22,2011-08-07,2012-02-07,2011-12-19,2011-12-19,ARV,Adult,SCMS from RDC,"Zidovudine 300mg, tablets, 60 Tabs",Zidovudine,Generic,300mg,Tablet,60,6400,44928.0,7.02,0.12,Mylan (formerly Matrix) Nashik,True,355.0,2682.2,74.13
8111,84124,109-TZ-T30,FPQ-7675,SO-39750,DN-2445,Tanzania,PMO - US,From RDC,N/A - From RDC,Air,2011-05-18,2011-07-30,2012-01-30,2011-12-22,2011-12-22,ARV,Adult,SCMS from RDC,"Efavirenz/Emtricitabine/Tenofovir Disoproxil Fumarate 600/200/300mg, tablets, 30 Tabs",Efavirenz/Emtricitabine/Tenofovir Disoproxil Fumarate,Generic,600/200/300mg,Tablet - FDC,30,80000,1593600.0,19.92,0.66,Mylan (formerly Matrix) Nashik,False,7629.0,0.0,2629.44
8112,84125,109-TZ-T30,FPQ-8301,SO-40550,DN-2446,Tanzania,PMO - US,From RDC,N/A - From RDC,Truck,2011-09-02,2011-07-10,2012-01-10,2011-12-22,2011-12-22,ARV,Adult,SCMS from RDC,"Efavirenz/Lamivudine/Tenofovir Disoproxil Fumarate 600/300/300mg, tablets, 30 Tabs",Efavirenz/Lamivudine/Tenofovir Disoproxil Fumarate,Generic,600/300/300mg,Tablet - FDC,30,20000,341600.0,17.08,0.57,Mylan (formerly Matrix) Nashik,True,2302.0,0.0,563.64
8113,84126,900-SZ-T30,FPQ-8417,SO-40690,DN-2456,Swaziland,PMO - US,From RDC,N/A - From RDC,Air,2011-09-14,2011-06-12,2011-12-12,2011-12-12,2011-12-12,ARV,Adult,SCMS from RDC,"Nevirapine 200mg, tablets, 60 Tabs",Nevirapine,Generic,200mg,Tablet,60,13023,33599.34,2.58,0.04,"Strides, Bangalore, India.",True,750.0,3787.65,55.44
8114,84127,111-MZ-T30,FPQ-7053,SO-38638,DN-2458,Mozambique,PMO - US,From RDC,N/A - From RDC,Truck,2011-01-24,2011-07-31,2012-01-31,2012-01-25,2012-01-25,ARV,Pediatric,SCMS from RDC,"Nevirapine 10mg/ml, oral suspension w/syringe, Bottle, 240 ml",Nevirapine,Generic,10mg/ml,Oral suspension,240,8000,15600.0,1.95,0.01,"Aurobindo Unit III, India",True,2987.0,2779.53,25.74
8115,84128,151-NG-T30,FPQ-8364,SO-40662,DN-2464,Nigeria,PMO - US,From RDC,N/A - From RDC,Air Charter,2011-08-29,2011-09-16,2012-03-16,2011-12-18,2011-12-18,ARV,Adult,SCMS from RDC,"Lamivudine/Tenofovir Disoproxil Fumarate 300/300mg, tablets, 30 Tabs",Lamivudine/Tenofovir Disoproxil Fumarate,Generic,300/300mg,Tablet - FDC,30,53279,438486.17,8.23,0.27,Mylan (formerly Matrix) Nashik,True,5494.0,15322.73,723.5
8116,84129,110-ZM-T30,FPQ-7767,SO-40260,DN-2486,Zambia,PMO - US,From RDC,N/A - From RDC,Truck,2011-07-26,2011-08-29,2012-02-29,2012-01-20,2012-01-20,ARV,Adult,SCMS from RDC,"Nevirapine 200mg, tablets, 60 Tabs",Nevirapine,Generic,200mg,Tablet,60,200000,502000.0,2.51,0.04,"Aurobindo Unit VII, IN",True,19257.0,6476.69,828.3
8117,84130,101-CD-T30,FPQ-8840,SO-41130,DN-2492,"Congo, DRC",PMO - US,From RDC,N/A - From RDC,Air,2011-11-21,2011-09-16,2012-03-16,2012-02-14,2012-02-14,ARV,Adult,SCMS from RDC,"Nevirapine 200mg, tablets, 60 Tabs",Nevirapine,Generic,200mg,Tablet,60,26,67.08,2.58,0.04,"Strides, Bangalore, India.",False,33051.0,2346.5699999999997,0.09
8118,84131,101-CD-T30,FPQ-8840,SO-41131,DN-2493,"Congo, DRC",PMO - US,From RDC,N/A - From RDC,Air,2011-11-21,2011-09-16,2012-03-16,2012-02-14,2012-02-14,ARV,Adult,SCMS from RDC,"Nevirapine 200mg, tablets, 60 Tabs",Nevirapine,Generic,200mg,Tablet,60,70,180.6,2.58,0.04,"Strides, Bangalore, India.",False,43.5,2346.5699999999997,0.25
8119,84132,101-CD-T30,FPQ-8840,SO-41132,DN-2494,"Congo, DRC",PMO - US,From RDC,N/A - From RDC,Air,2011-11-21,2011-09-16,2012-03-16,2012-02-14,2012-02-14,ARV,Adult,SCMS from RDC,"Abacavir 300mg, tablets, 60 Tabs",Abacavir,Generic,300mg,Tablet,60,20,292.6,14.63,0.24,Mylan (formerly Matrix) Nashik,False,35.5,2346.5699999999997,0.41
8120,84133,101-CD-T30,FPQ-8840,SO-41133,DN-2495,"Congo, DRC",PMO - US,From RDC,N/A - From RDC,Air,2011-11-21,2011-09-16,2012-03-16,2012-02-14,2012-02-14,ARV,Adult,SCMS from RDC,"Lamivudine/Zidovudine 150/300mg, tablets, 60 Tabs",Lamivudine/Zidovudine,Generic,150/300mg,Tablet - FDC,60,75,619.5,8.26,0.14,"Aurobindo Unit III, India",False,19.0,2346.5699999999997,0.87
8121,84134,101-CD-T30,FPQ-8840,SO-41136,DN-2498,"Congo, DRC",PMO - US,From RDC,N/A - From RDC,Air,2011-11-21,2011-09-16,2012-03-16,2012-02-14,2012-02-14,ARV,Adult,SCMS from RDC,"Lamivudine/Nevirapine/Zidovudine 150/200/300mg, tablets, 60 Tabs",Lamivudine/Nevirapine/Zidovudine,Generic,150/300/200mg,Tablet - FDC,60,30,330.0,11.0,0.18,Mylan (formerly Matrix) Nashik,False,55.0,2346.5699999999997,0.46
8122,84135,101-CD-T30,FPQ-8840,SO-41136,DN-2498,"Congo, DRC",PMO - US,From RDC,N/A - From RDC,Air,2011-11-21,2011-09-16,2012-03-16,2012-02-14,2012-02-14,ARV,Adult,SCMS from RDC,"Nevirapine 200mg, tablets, 60 Tabs",Nevirapine,Generic,200mg,Tablet,60,22,56.76,2.58,0.04,"Strides, Bangalore, India.",False,668.5,2346.5699999999997,0.08
8123,84136,101-CD-T30,FPQ-8840,SO-41137,DN-2499,"Congo, DRC",PMO - US,From RDC,N/A - From RDC,Air,2011-11-21,2011-09-16,2012-03-16,2012-02-14,2012-02-14,ARV,Adult,SCMS from RDC,"Lamivudine/Zidovudine 150/300mg, tablets, 60 Tabs",Lamivudine/Zidovudine,Generic,150/300mg,Tablet - FDC,60,450,3717.0,8.26,0.14,"Aurobindo Unit III, India",False,78.5,2346.5699999999997,5.21
8124,84137,101-CD-T30,FPQ-8840,SO-41137,DN-2499,"Congo, DRC",PMO - US,From RDC,N/A - From RDC,Air,2011-11-21,2011-09-16,2012-03-16,2012-02-14,2012-02-14,ARV,Adult,SCMS from RDC,"Lopinavir/Ritonavir 200/50mg, tablets, 120 Tabs",Lopinavir/Ritonavir,Generic,200/50mg,Tablet,120,50,1687.0,33.74,0.28,"Aurobindo Unit III, India",False,35.0,2346.5699999999997,2.37
8125,84138,101-CD-T30,FPQ-8840,SO-41138,DN-2500,"Congo, DRC",PMO - US,From RDC,N/A - From RDC,Air,2011-11-21,2011-08-10,2012-02-10,2012-02-14,2012-02-14,ARV,Adult,SCMS from RDC,"Lamivudine/Zidovudine 150/300mg, tablets, 60 Tabs",Lamivudine/Zidovudine,Generic,150/300mg,Tablet - FDC,60,274,2263.24,8.26,0.14,"Aurobindo Unit III, India",False,63.0,2346.5699999999997,3.17
8126,84139,101-CD-T30,FPQ-8840,SO-41146,DN-2510,"Congo, DRC",PMO - US,From RDC,N/A - From RDC,Air,2011-11-21,2011-09-16,2012-03-16,2012-03-23,2012-03-23,ARV,Pediatric,SCMS from RDC,"Nevirapine 10mg/ml, oral suspension w/syringe, Bottle, 240 ml",Nevirapine,Generic,10mg/ml,Oral suspension,240,163,317.85,1.95,0.01,"Aurobindo Unit III, India",False,668.5,2346.5699999999997,0.45
8127,84140,111-MZ-T30,FPQ-8157,SO-40360,DN-2518,Mozambique,PMO - US,From RDC,N/A - From RDC,Truck,2011-08-04,2011-09-30,2012-03-30,2012-03-08,2012-03-08,ARV,Adult,SCMS from RDC,"Lamivudine/Nevirapine/Zidovudine 150/200/300mg, tablets, 60 Tabs",Lamivudine/Nevirapine/Zidovudine,Generic,150/300/200mg,Tablet - FDC,60,100000,1122000.0,11.22,0.19,"Aurobindo Unit VII, IN",False,9389.5,5192.68,1851.3
8128,84141,113-ZW-T30,FPQ-7052,SO-38520,DN-2519,Zimbabwe,PMO - US,From RDC,N/A - From RDC,Truck,2011-01-19,2011-08-29,2012-02-29,2012-02-16,2012-02-16,ARV,Adult,SCMS from RDC,"Nevirapine 200mg, tablets, 60 Tabs",Nevirapine,Generic,200mg,Tablet,60,9073,22773.23,2.51,0.04,"Aurobindo Unit VII, IN",True,2721.0,4777.08,37.58
8129,84142,101-CD-T30,FPQ-8840,SO-41383,DN-2524,"Congo, DRC",PMO - US,From RDC,N/A - From RDC,Air,2011-11-21,2011-09-22,2012-03-22,2012-03-22,2012-03-22,ARV,Adult,SCMS from RDC,"Lamivudine 150mg, tablets, 60 Tabs",Lamivudine,Generic,150mg,Tablet,60,23,53.59,2.33,0.04,Hetero Unit III Hyderabad IN,True,1.0,522.42,0.08
8130,84143,110-ZM-T30,FPQ-8759,SO-41121,DN-2532,Zambia,PMO - US,From RDC,N/A - From RDC,Truck,2011-11-06,2011-10-27,2012-04-27,2012-02-17,2012-02-17,ARV,Adult,SCMS from RDC,"Efavirenz 600mg, tablets, 30 Tabs",Efavirenz,Generic,600mg,Tablet,30,56386,232310.32,4.12,0.14,"Strides, Bangalore, India.",False,668.5,6476.695,325.7
8131,84144,106-HT-T30,FPQ-9056,SO-41300,DN-2535,Haiti,PMO - US,From RDC,N/A - From RDC,Air,2011-12-20,2011-09-02,2012-03-02,2012-03-12,2012-03-12,ARV,Pediatric,SCMS from RDC,"Lamivudine 10mg/ml, oral solution w/syringe, Bottle, 240 ml",Lamivudine,Generic,10mg/ml,Oral solution,240,2808,5194.8,1.85,0.01,"Aurobindo Unit III, India",False,668.5,2946.7200000000003,7.28
8132,84145,109-TZ-T30,FPQ-8297,SO-40630,DN-2544,Tanzania,PMO - US,From RDC,N/A - From RDC,Truck,2011-08-22,2011-09-30,2012-03-30,2012-03-12,2012-03-12,ARV,Adult,SCMS from RDC,"Tenofovir Disoproxil Fumarate 300mg, tablets, 30 Tabs",Tenofovir Disoproxil Fumarate,Generic,300mg,Tablet,30,17440,95920.0,5.5,0.18,Mylan (formerly Matrix) Nashik,True,2612.0,1698.83,158.27
8133,84146,109-TZ-T30,FPQ-8297,SO-40630,DN-2544,Tanzania,PMO - US,From RDC,N/A - From RDC,Truck,2011-08-22,2011-09-30,2012-03-30,2012-03-12,2012-03-12,ARV,Adult,SCMS from RDC,"Abacavir 300mg, tablets, 60 Tabs",Abacavir,Generic,300mg,Tablet,60,15003,219493.89,14.63,0.24,Mylan (formerly Matrix) Nashik,False,668.5,3623.2,362.16
8134,84147,114-UG-T30,FPQ-8520,SO-40910,DN-2546,Uganda,PMO - US,From RDC,N/A - From RDC,Truck,2011-10-05,2011-09-09,2012-03-09,2012-02-15,2012-02-15,ARV,Adult,SCMS from RDC,"Nevirapine 200mg, tablets, 60 Tabs",Nevirapine,Generic,200mg,Tablet,60,534,1377.72,2.58,0.04,"Strides, Bangalore, India.",True,30.0,2030.0,2.27
8135,84148,151-NG-T30,FPQ-8364,SO-40665,DN-2561,Nigeria,PMO - US,From RDC,N/A - From RDC,Air Charter,2011-08-29,2011-09-16,2012-03-16,2012-02-16,2012-02-16,ARV,Adult,SCMS from RDC,"Lamivudine/Tenofovir Disoproxil Fumarate 300/300mg, tablets, 30 Tabs",Lamivudine/Tenofovir Disoproxil Fumarate,Generic,300/300mg,Tablet - FDC,30,22426,136350.08,6.08,0.2,Mylan (formerly Matrix) Nashik,True,1942.0,25231.96,224.98
8136,84149,109-TZ-T30,FPQ-8303,SO-40531,DN-2572,Tanzania,PMO - US,From RDC,N/A - From RDC,Truck,2011-08-22,2011-10-11,2012-04-11,2012-04-11,2012-04-11,ARV,Pediatric,SCMS from RDC,"Nevirapine 10mg/ml, oral suspension w/syringe, Bottle, 240 ml",Nevirapine,Generic,10mg/ml,Oral suspension,240,19026,37100.7,1.95,0.01,"Aurobindo Unit III, India",True,7096.0,3279.29,61.22
8137,84150,109-TZ-T30,FPQ-8303,SO-40691,DN-2573,Tanzania,PMO - US,From RDC,N/A - From RDC,Truck,2011-08-22,2011-09-30,2012-03-30,2012-03-12,2012-03-12,ARV,Pediatric,SCMS from RDC,"Lamivudine/Nevirapine/Zidovudine 30/50/60mg, dispersible tablets, 60 Tabs",Lamivudine/Nevirapine/Zidovudine,Generic,30/50/60mg,Chewable/dispersible tablet - FDC,60,163735,695873.75,4.25,0.07,Mylan (formerly Matrix) Nashik,True,9208.0,3825.8,1148.19
8138,84151,900-SS-T30,FPQ-8624,SO-41080,DN-2581,South Sudan,PMO - US,From RDC,N/A - From RDC,Air,2011-11-04,2011-09-21,2012-03-21,2012-03-08,2012-03-08,ARV,Adult,SCMS from RDC,"Nevirapine 200mg, tablets, 60 Tabs",Nevirapine,Generic,200mg,Tablet,60,200,516.0,2.58,0.04,"Strides, Bangalore, India.",False,22.0,2575.925,0.72
8139,84152,900-SS-T30,FPQ-8624,SO-41080,DN-2581,South Sudan,PMO - US,From RDC,N/A - From RDC,Air,2011-11-04,2011-09-21,2012-03-21,2012-03-08,2012-03-08,ARV,Adult,SCMS from RDC,"Lamivudine 150mg, tablets, 60 Tabs",Lamivudine,Generic,150mg,Tablet,60,200,466.0,2.33,0.04,Macleods Daman Plant INDIA,False,22.0,2575.925,0.65
8140,84153,111-MZ-T30,FPQ-8157,SO-40381,DN-2590,Mozambique,PMO - US,From RDC,N/A - From RDC,Truck,2011-08-04,2011-11-07,2012-05-07,2012-05-24,2012-05-24,ARV,Adult,SCMS from RDC,"Lamivudine/Nevirapine/Zidovudine 150/200/300mg, tablets, 60 Tabs",Lamivudine/Nevirapine/Zidovudine,Generic,150/300/200mg,Tablet - FDC,60,14125,158482.5,11.22,0.19,Mylan (formerly Matrix) Nashik,False,668.5,5192.68,261.5
8141,84154,102-BI-T30,FPQ-9229,SO-41530,DN-2594,Burundi,PMO - US,From RDC,N/A - From RDC,Air,2012-01-25,2011-10-26,2012-04-26,2012-05-04,2012-05-04,ARV,Adult,SCMS from RDC,"Nevirapine 200mg, tablets, 60 Tabs",Nevirapine,Generic,200mg,Tablet,60,1800,4518.0,2.51,0.04,"Strides, Bangalore, India.",False,199.5,3544.4849999999997,6.33
8142,84155,102-BI-T30,FPQ-9229,SO-41540,DN-2595,Burundi,PMO - US,From RDC,N/A - From RDC,Air,2012-01-25,2011-10-26,2012-04-26,2012-04-09,2012-04-09,ARV,Adult,SCMS from RDC,"Emtricitabine/Tenofovir Disoproxil Fumarate 200/300mg, tablets, 30 Tabs",Emtricitabine/Tenofovir Disoproxil Fumarate,Generic,200/300mg,Tablet - FDC,30,5150,45062.5,8.75,0.29,Mylan (formerly Matrix) Nashik,False,668.5,3544.4849999999997,63.18
8143,84156,104-CI-T30,FPQ-8363,SO-40822,DN-2601,Côte d'Ivoire,PMO - US,From RDC,N/A - From RDC,Truck,2011-08-29,2011-10-19,2012-04-19,2012-04-19,2012-04-19,ARV,Adult,SCMS from RDC,"Lamivudine/Nevirapine/Zidovudine 150/200/300mg, tablets, 60 Tabs",Lamivudine/Nevirapine/Zidovudine,Generic,150/300/200mg,Tablet - FDC,60,75000,841500.0,11.22,0.19,Mylan (formerly Matrix) Nashik,True,10746.0,22878.26,1388.48
8144,84157,104-CI-T30,FPQ-8363,SO-40830,DN-2612,Côte d'Ivoire,PMO - US,From RDC,N/A - From RDC,Truck,2011-08-29,2011-10-27,2012-04-27,2012-04-19,2012-04-19,ARV,Adult,SCMS from RDC,"Lamivudine/Zidovudine 150/300mg, tablets, 60 Tabs",Lamivudine/Zidovudine,Generic,150/300mg,Tablet - FDC,60,7273,60074.98,8.26,0.14,"Cipla, Goa, India",True,650.0,4029.71,99.12
8145,84158,113-ZW-T30,FPQ-8464,SO-40860,DN-2621,Zimbabwe,PMO - US,From RDC,N/A - From RDC,Truck,2011-10-04,2011-10-17,2012-04-17,2012-05-07,2012-05-07,ARV,Adult,SCMS from RDC,"Lamivudine/Stavudine 150/30mg, tablets, 60 Tabs",Lamivudine/Stavudine,Generic,150/30mg,Tablet - FDC,60,7150,21092.5,2.95,0.05,"Strides, Bangalore, India.",False,2778.0,6721.705,34.8
8146,84159,107-RW-T30,FPQ-9442,SO-41740,DN-2619,Rwanda,PMO - US,From RDC,N/A - From RDC,Air,2012-03-01,2011-10-09,2012-04-09,2012-03-29,2012-03-29,ARV,Pediatric,SCMS from RDC,"Abacavir 20mg/ml, oral solution w/syringe, Bottle, 240 ml",Abacavir,Generic,20mg/ml,Oral solution,240,1489,18612.5,12.5,0.05,"Aurobindo Unit III, India",True,557.0,5044.26,26.09
8147,84160,113-ZW-T30,FPQ-8464,SO-40860,DN-2621,Zimbabwe,PMO - US,From RDC,N/A - From RDC,Truck,2011-10-04,2011-10-17,2012-04-17,2012-05-07,2012-05-07,ARV,Adult,SCMS from RDC,"Lamivudine/Nevirapine/Zidovudine 150/200/300mg, tablets, 60 Tabs",Lamivudine/Nevirapine/Zidovudine,Generic,150/300/200mg,Tablet - FDC,60,11574,127314.0,11.0,0.18,Mylan (formerly Matrix) Nashik,False,793.0,6721.705,210.07
8148,84161,107-RW-T30,FPQ-9190,SO-41431,DN-2626,Rwanda,PMO - US,From RDC,N/A - From RDC,Air,2012-01-27,2011-12-29,2012-06-29,2012-04-26,2012-04-26,ARV,Pediatric,SCMS from RDC,"Efavirenz 200mg, capsule, 90 Caps",Efavirenz,Generic,200mg,Capsule,90,993,8579.52,8.64,0.1,"Aurobindo Unit III, India",True,126.0,1675.0,12.03
8149,84162,109-TZ-T30,FPQ-8303,SO-40490,DN-2633,Tanzania,PMO - US,From RDC,N/A - From RDC,Truck,2011-08-22,2011-12-01,2012-06-01,2012-06-01,2012-06-01,ARV,Pediatric,SCMS from RDC,"Lamivudine/Nevirapine/Stavudine 60/100/12mg, dispersible tablets, 60 Tabs",Lamivudine/Nevirapine/Stavudine,Generic,60/100/12mg,Chewable/dispersible tablet - FDC,60,26300,119402.0,4.54,0.08,"Cipla, Goa, India",True,2278.0,7865.4,197.01
8150,84163,109-TZ-T30,FPQ-8303,SO-40530,DN-2634,Tanzania,PMO - US,From RDC,N/A - From RDC,Truck,2011-08-22,2011-11-30,2012-05-31,2012-04-30,2012-04-30,ARV,Pediatric,SCMS from RDC,"Nevirapine 10mg/ml, oral suspension w/syringe, Bottle, 240 ml",Nevirapine,Generic,10mg/ml,Oral suspension,240,24307,47398.65,1.95,0.01,"Aurobindo Unit III, India",True,668.5,3623.2,78.21
8151,84164,111-MZ-T30,FPQ-8157,SO-40380,DN-2635,Mozambique,PMO - US,From RDC,N/A - From RDC,Truck,2011-08-04,2011-12-28,2012-06-28,2012-06-28,2012-06-28,ARV,Pediatric,SCMS from RDC,"Nevirapine 10mg/ml, oral suspension w/syringe, Bottle, 240 ml",Nevirapine,Generic,10mg/ml,Oral suspension,240,26807,52273.65,1.95,0.01,"Aurobindo Unit III, India",True,9937.0,14700.0,86.25
8152,84165,102-LY-T30,FPQ-9665,SO-41900,DN-2641,Libya,PMO - US,From RDC,N/A - From RDC,Air,2012-04-04,2011-11-23,2012-05-23,2012-05-23,2012-05-23,ARV,Adult,SCMS from RDC,"Zidovudine 300mg, tablets, 60 Tabs",Zidovudine,Generic,300mg,Tablet,60,4166,29245.32,7.02,0.12,Hetero Unit III Hyderabad IN,False,668.5,2268.54,41.0
8153,84166,102-LY-T30,FPQ-9665,SO-41900,DN-2641,Libya,PMO - US,From RDC,N/A - From RDC,Air,2012-04-04,2011-11-23,2012-05-23,2012-05-23,2012-05-23,ARV,Adult,SCMS from RDC,"Lamivudine 150mg, tablets, 60 Tabs",Lamivudine,Generic,150mg,Tablet,60,8334,19418.22,2.33,0.04,Macleods Daman Plant INDIA,False,668.5,2268.54,27.22
8154,84167,114-UG-T30,FPQ-9321,SO-41510,DN-2643,Uganda,PMO - US,From RDC,N/A - From RDC,Truck,2012-02-10,2012-01-03,2012-07-03,2012-05-18,2012-05-18,ARV,Adult,SCMS from RDC,"Lamivudine/Zidovudine 150/300mg, tablets, 60 Tabs",Lamivudine/Zidovudine,Generic,150/300mg,Tablet - FDC,60,2000,15560.0,7.78,0.13,Hetero Unit III Hyderabad IN,False,274.0,5458.45,21.82
8155,84168,151-NG-T30,FPQ-8952,SO-41254,DN-2650,Nigeria,PMO - US,From RDC,N/A - From RDC,Air Charter,2011-12-08,2012-01-04,2012-07-04,2012-04-30,2012-04-30,ARV,Adult,SCMS from RDC,"Nevirapine 200mg, tablets, 60 Tabs",Nevirapine,Generic,200mg,Tablet,60,48874,119252.56,2.44,0.04,"Aurobindo Unit III, India",True,4754.0,27441.21,167.19
8156,84169,113-ZW-T30,FPQ-8464,SO-40870,DN-2656,Zimbabwe,PMO - US,From RDC,N/A - From RDC,Truck,2011-10-04,2011-12-12,2012-06-12,2012-05-25,2012-05-25,ARV,Adult,SCMS from RDC,"Lamivudine/Zidovudine 150/300mg, tablets, 60 Tabs",Lamivudine/Zidovudine,Generic,150/300mg,Tablet - FDC,60,3345,26024.1,7.78,0.13,Mylan (formerly Matrix) Nashik,False,7114.0,6721.705,42.94
8157,84170,110-ZM-T30,FPQ-9081,SO-41280,DN-2659,Zambia,PMO - US,From RDC,N/A - From RDC,Truck,2011-12-22,2011-12-01,2012-06-01,2012-05-28,2012-05-28,ARV,Adult,SCMS from RDC,"Nevirapine 200mg, tablets, 60 Tabs",Nevirapine,Generic,200mg,Tablet,60,13127,32948.77,2.51,0.04,"Aurobindo Unit III, India",True,1252.0,6079.27,46.19
8158,84173,151-NG-T30,FPQ-9432,SO-42332,DN-2687,Nigeria,PMO - US,From RDC,N/A - From RDC,Air Charter,2012-03-01,2012-02-02,2012-08-02,2012-06-03,2012-06-03,ARV,Adult,SCMS from RDC,"Efavirenz 600mg, tablets, 30 Tabs",Efavirenz,Generic,600mg,Tablet,30,32562,127317.42,3.91,0.13,"Strides, Bangalore, India.",False,668.5,12601.07,178.5
8159,84174,151-NG-T30,FPQ-8952,SO-41256,DN-2690,Nigeria,PMO - US,From RDC,N/A - From RDC,Air Charter,2011-12-08,2012-01-04,2012-07-04,2012-06-03,2012-06-03,ARV,Adult,SCMS from RDC,"Nevirapine 200mg, tablets, 60 Tabs",Nevirapine,Generic,200mg,Tablet,60,100000,244000.0,2.44,0.04,"Strides, Bangalore, India.",False,9389.5,12601.07,342.09
8160,84175,113-ZW-T30,FPQ-8464,SO-40871,DN-2692,Zimbabwe,PMO - US,From RDC,N/A - From RDC,Truck,2011-10-04,2011-12-17,2012-06-17,2012-06-17,2012-06-17,ARV,Adult,SCMS from RDC,"Nevirapine 200mg, tablets, 60 Tabs",Nevirapine,Generic,200mg,Tablet,60,69037,168450.28,2.44,0.04,Hetero Unit III Hyderabad IN,True,4353.0,5530.11,277.94
8161,84176,109-TZ-T30,FPQ-9271,SO-41581,DN-2718,Tanzania,PMO - US,From RDC,N/A - From RDC,Truck,2012-01-31,2012-02-01,2012-08-01,2012-07-25,2012-07-25,ARV,Adult,SCMS from RDC,"Tenofovir Disoproxil Fumarate 300mg, tablets, 30 Tabs",Tenofovir Disoproxil Fumarate,Generic,300mg,Tablet,30,80,440.0,5.5,0.18,Mylan (formerly Matrix) Nashik,True,841.0,3549.9,0.62
8162,84177,102-CD-T30,FPQ-10046,SO-42450,DN-2720,"Congo, DRC",PMO - US,From RDC,N/A - From RDC,Air,2012-04-26,2012-03-09,2012-09-09,2012-09-09,2012-09-09,HRDT,HIV test,SCMS from RDC,"HIV 1/2, Determine Complete HIV Kit, 100 Tests","HIV 1/2, Determine Complete HIV Kit",Determine,no_dosage,Test kit,100,1500,120000.0,80.0,0.8,"Alere Medical Co., Ltd.",True,448.0,2757.4,168.24
8163,84178,114-UG-T30,FPQ-9355,SO-41592,DN-2722,Uganda,PMO - US,From RDC,N/A - From RDC,Truck,2012-02-20,2012-03-05,2012-09-05,2012-06-29,2012-06-29,ARV,Adult,SCMS from RDC,"Nevirapine 200mg, tablets, 60 Tabs",Nevirapine,Generic,200mg,Tablet,60,3262,8187.62,2.51,0.04,"Strides, Bangalore, India.",True,190.0,1095.22,11.48
8164,84179,151-NG-T30,FPQ-9432,SO-41681,DN-2727,Nigeria,PMO - US,From RDC,N/A - From RDC,Air Charter,2012-03-01,2012-02-02,2012-08-02,2012-07-09,2012-07-09,ARV,Adult,SCMS from RDC,"Nevirapine 200mg, tablets, 60 Tabs",Nevirapine,Generic,200mg,Tablet,60,37844,92339.36,2.44,0.04,Hetero Unit III Hyderabad IN,False,668.5,12601.07,129.46
8165,84180,113-ZW-T30,FPQ-8464,SO-40890,DN-2741,Zimbabwe,PMO - US,From RDC,N/A - From RDC,Truck,2011-10-04,2012-04-16,2012-10-16,2012-07-23,2012-07-23,ARV,Adult,SCMS from RDC,"Nevirapine 200mg, tablets, 60 Tabs",Nevirapine,Generic,200mg,Tablet,60,69037,167069.54,2.42,0.04,"Aurobindo Unit III, India",True,14074.0,15299.58,275.66
8166,84181,113-ZW-T30,FPQ-8464,SO-40880,DN-2742,Zimbabwe,PMO - US,From RDC,N/A - From RDC,Truck,2011-10-04,2012-02-14,2012-08-14,2012-07-23,2012-07-23,ARV,Adult,SCMS from RDC,"Lamivudine/Tenofovir Disoproxil Fumarate 300/300mg, tablets, 30 Tabs",Lamivudine/Tenofovir Disoproxil Fumarate,Generic,300/300mg,Tablet - FDC,30,78082,418519.52,5.36,0.18,Mylan (formerly Matrix) Nashik,True,7490.0,15299.59,690.56
8167,84182,110-ZM-T30,FPQ-9472,SO-41702,DN-2749,Zambia,PMO - US,From RDC,N/A - From RDC,Truck,2012-03-08,2012-02-23,2012-08-23,2012-07-30,2012-07-30,ARV,Adult,SCMS from RDC,"Efavirenz/Emtricitabine/Tenofovir Disoproxil Fumarate 600/200/300mg, tablets, 30 Tabs",Efavirenz/Emtricitabine/Tenofovir Disoproxil Fumarate,Generic,600/200/300mg,Tablet - FDC,30,200000,3008000.0,15.04,0.5,Mylan (formerly Matrix) Nashik,True,33909.0,16040.39,4217.22
8168,84183,151-NG-T30,FPQ-9432,SO-42805,DN-2772,Nigeria,PMO - US,From RDC,N/A - From RDC,Air Charter,2012-03-01,2012-02-02,2012-08-02,2012-07-24,2012-07-24,ARV,Adult,SCMS from RDC,"Efavirenz/Emtricitabine/Tenofovir Disoproxil Fumarate 600/200/300mg, tablets, 30 Tabs",Efavirenz/Emtricitabine/Tenofovir Disoproxil Fumarate,Generic,600/200/300mg,Tablet - FDC,30,17124,257544.96,15.04,0.5,Mylan (formerly Matrix) Nashik,True,2091.0,16532.5,361.08
8169,84184,113-ZW-T30,FPQ-8464,SO-40892,DN-2802,Zimbabwe,PMO - US,From RDC,N/A - From RDC,Truck,2011-10-04,2012-04-16,2012-10-16,2012-09-04,2012-09-04,ARV,Adult,SCMS from RDC,"Lamivudine/Stavudine 150/30mg, tablets, 60 Tabs",Lamivudine/Stavudine,Generic,150/30mg,Tablet - FDC,60,4451,13130.45,2.95,0.05,"Strides, Bangalore, India.",True,228.0,7423.38,21.67
8170,84185,110-ZM-T30,FPQ-9472,SO-41711,DN-2805,Zambia,PMO - US,From RDC,N/A - From RDC,Truck,2012-03-08,2012-02-29,2012-08-31,2012-09-07,2012-09-07,ARV,Adult,SCMS from RDC,"Efavirenz 600mg, tablets, 30 Tabs",Efavirenz,Generic,600mg,Tablet,30,155202,591319.62,3.81,0.13,"Emcure Plot No.P-2, I.T-B.T. Park, Phase II, MIDC, Hinjwadi, Pune, India",True,11334.0,7317.48,829.03
8171,84186,151-NG-T30,FPQ-9432,SO-42937,DN-2821,Nigeria,PMO - US,From RDC,N/A - From RDC,Air,2012-03-01,2012-02-29,2012-08-31,2012-08-14,2012-08-14,ARV,Adult,SCMS from RDC,"Lamivudine/Tenofovir Disoproxil Fumarate 300/300mg, tablets, 30 Tabs",Lamivudine/Tenofovir Disoproxil Fumarate,Generic,300/300mg,Tablet - FDC,30,24799,132922.64,5.36,0.18,"Cipla, Kurkumbh, India",False,668.5,10144.765,186.36
8172,84187,110-ZM-T30,FPQ-9552,SO-41831,DN-2836,Zambia,PMO - US,From RDC,N/A - From RDC,Truck,2012-03-29,2012-03-13,2012-09-13,2012-09-07,2012-09-07,ARV,Adult,SCMS from RDC,"Lamivudine/Stavudine 150/30mg, tablets, 60 Tabs",Lamivudine/Stavudine,Generic,150/30mg,Tablet - FDC,60,65599,193517.05,2.95,0.05,"Strides, Bangalore, India.",True,3354.0,7317.47,271.31
8173,84188,900-UG-T30,FPQ-10084,SO-42630,DN-2838,Uganda,PMO - US,From RDC,N/A - From RDC,Truck,2012-06-07,2012-03-28,2012-09-28,2012-10-06,2012-10-06,ARV,Adult,SCMS from RDC,"Nevirapine 200mg, tablets, 60 Tabs",Nevirapine,Generic,200mg,Tablet,60,18350,44774.0,2.44,0.04,Hetero Unit III Hyderabad IN,True,1331.0,7504.0,62.77
8174,84189,900-UG-T30,FPQ-10084,SO-42630,DN-2838,Uganda,PMO - US,From RDC,N/A - From RDC,Truck,2012-06-07,2012-03-28,2012-09-28,2012-10-06,2012-10-06,ARV,Adult,SCMS from RDC,"Lopinavir/Ritonavir 200/50mg, tablets, 120 Tabs",Lopinavir/Ritonavir,Generic,200/50mg,Tablet,120,5000,148400.0,29.68,0.25,Mylan (formerly Matrix) Nashik,False,452.0,5458.45,208.06
8175,84190,114-UG-T30,FPQ-9355,SO-41596,DN-2839,Uganda,PMO - US,From RDC,N/A - From RDC,Truck,2012-02-20,2012-04-05,2012-10-05,2012-09-24,2012-09-24,ARV,Adult,SCMS from RDC,"Lamivudine/Tenofovir Disoproxil Fumarate 300/300mg, tablets, 30 Tabs",Lamivudine/Tenofovir Disoproxil Fumarate,Generic,300/300mg,Tablet - FDC,30,5619,30117.84,5.36,0.18,Hetero Unit III Hyderabad IN,True,596.0,2175.07,42.23
8176,84191,104-CI-T30,FPQ-9749,SO-42380,DN-2861,Côte d'Ivoire,PMO - US,From RDC,N/A - From RDC,Truck,2012-04-19,2012-04-29,2012-10-29,2012-10-01,2012-10-01,ARV,Adult,SCMS from RDC,"Efavirenz 600mg, tablets, 30 Tabs",Efavirenz,Generic,600mg,Tablet,30,4292,16352.52,3.81,0.13,"Strides, Bangalore, India.",False,668.5,6757.815,22.93
8177,84192,111-MZ-T30,FPQ-10210,SO-42820,DN-2862,Mozambique,PMO - US,From RDC,N/A - From RDC,Truck,2012-06-28,2012-04-30,2012-10-31,2012-10-10,2012-10-10,ARV,Adult,SCMS from RDC,"Nevirapine 200mg, tablets, 60 Tabs",Nevirapine,Generic,200mg,Tablet,60,263,636.46,2.42,0.04,Hetero Unit III Hyderabad IN,False,101.5,5192.68,0.89
8178,84193,114-UG-T30,FPQ-9355,SO-41590,DN-2876,Uganda,PMO - US,From RDC,N/A - From RDC,Truck,2012-02-20,2012-05-08,2012-11-08,2012-11-08,2012-11-08,ARV,Adult,SCMS from RDC,"Efavirenz 600mg, tablets, 30 Tabs",Efavirenz,Generic,600mg,Tablet,30,8132,29600.48,3.64,0.12,"Aurobindo Unit III, India",True,690.0,3990.0,41.5
8179,84194,102-ZW-T30,FPQ-9927,SO-42280,DN-2878,Zimbabwe,PMO - US,From RDC,N/A - From RDC,Truck,2012-05-15,2012-04-30,2012-10-31,2012-10-18,2012-10-18,ARV,Adult,SCMS from RDC,"Nevirapine 200mg, tablets, 60 Tabs",Nevirapine,Generic,200mg,Tablet,60,74469,180214.98,2.42,0.04,Hetero Unit III Hyderabad IN,True,4282.0,8443.89,252.66
8180,84195,109-TZ-T30,FPQ-9774,SO-42650,DN-2883,Tanzania,PMO - US,From RDC,N/A - From RDC,Truck,2012-05-02,2012-05-30,2012-11-30,2012-10-31,2012-10-31,ARV,Pediatric,SCMS from RDC,"Lamivudine/Nevirapine/Stavudine 60/100/12mg, dispersible tablets, 60 Tabs",Lamivudine/Nevirapine/Stavudine,Generic,60/100/12mg,Chewable/dispersible tablet - FDC,60,13499,58045.7,4.3,0.07,"Cipla, Goa, India",False,668.5,3623.2,81.38
8181,84196,110-ZM-T30,FPQ-9552,SO-41830,DN-2891,Zambia,PMO - US,From RDC,N/A - From RDC,Truck,2012-03-29,2012-05-09,2012-11-09,2012-11-05,2012-11-05,ARV,Adult,SCMS from RDC,"Lamivudine/Stavudine 150/30mg, tablets, 60 Tabs",Lamivudine/Stavudine,Generic,150/30mg,Tablet - FDC,60,10500,30975.0,2.95,0.05,"Strides, Bangalore, India.",True,537.0,6800.6,43.43
8182,84197,104-CI-T30,FPQ-10626,SO-43280,DN-2895,Côte d'Ivoire,PMO - US,From RDC,N/A - From RDC,Truck,2012-09-06,2012-06-14,2012-12-14,2012-10-24,2012-10-24,ARV,Pediatric,SCMS from RDC,"Zidovudine 10mg/ml, oral solution w/syringe, Bottle, 240 ml",Zidovudine,Generic,10mg/ml,Oral solution,240,5000,10500.0,2.1,0.01,"Aurobindo Unit III, India",False,452.0,6757.815,14.72
8183,84198,114-UG-T30,FPQ-10556,SO-43170,DN-2897,Uganda,PMO - US,From RDC,N/A - From RDC,Air,2012-08-30,2012-06-06,2012-12-06,2012-10-29,2012-10-29,ARV,Adult,SCMS from RDC,"Efavirenz 600mg, tablets, 30 Tabs",Efavirenz,Generic,600mg,Tablet,30,2445,9315.45,3.81,0.13,"Aurobindo Unit III, India",True,244.0,2159.1,13.06
8184,84199,151-NG-T30,FPQ-9968,SO-42681,DN-2900,Nigeria,PMO - US,From RDC,N/A - From RDC,Air,2012-05-23,2012-05-06,2012-11-06,2012-11-06,2012-11-06,ARV,Adult,SCMS from RDC,"Lamivudine/Zidovudine 150/300mg, tablets, 60 Tabs",Lamivudine/Zidovudine,Generic,150/300mg,Tablet - FDC,60,88403,682471.16,7.72,0.13,Hetero Unit III Hyderabad IN,True,9421.0,15459.1,956.82
8185,84200,110-ZM-T30,FPQ-9552,SO-41832,DN-2918,Zambia,PMO - US,From RDC,N/A - From RDC,Truck,2012-03-29,2012-05-26,2012-11-26,2012-11-26,2012-11-26,ARV,Adult,SCMS from RDC,"Lamivudine/Stavudine 150/30mg, tablets, 60 Tabs",Lamivudine/Stavudine,Generic,150/30mg,Tablet - FDC,60,2573,7590.35,2.95,0.05,Hetero Unit III Hyderabad IN,True,207.0,1900.0,10.64
8186,84201,110-ZM-T30,FPQ-9773,SO-41990,DN-2919,Zambia,PMO - US,From RDC,N/A - From RDC,Truck,2012-04-27,2012-06-17,2012-12-17,2012-12-17,2012-12-17,ARV,Adult,SCMS from RDC,"Nevirapine 200mg, tablets, 60 Tabs",Nevirapine,Generic,200mg,Tablet,60,43676,105695.92,2.42,0.04,"Aurobindo Unit III, India",True,12561.0,25636.2,148.19
8187,84245,111-MZ-T30,FPQ-11882,SO-44820,DN-3109,Mozambique,PMO - US,From RDC,N/A - From RDC,Air,2013-03-19,2013-01-04,2013-07-04,2013-07-04,2013-07-04,ARV,Adult,SCMS from RDC,"Tenofovir Disoproxil Fumarate 300mg, tablets, 30 Tabs",Tenofovir Disoproxil Fumarate,Generic,300mg,Tablet,30,1800,7272.0,4.04,0.13,Mylan (formerly Matrix) Nashik,True,108.0,832.5,9.0
8188,84202,103-ZW-T30,FPQ-9907,SO-42190,DN-2920,Zimbabwe,PMO - US,From RDC,N/A - From RDC,Truck,2012-05-15,2012-06-14,2012-12-14,2012-12-13,2012-12-13,ARV,Pediatric,SCMS from RDC,"Lamivudine/Stavudine 30/6mg, dispersible tablets, 60 Tabs",Lamivudine/Stavudine,Generic,30/6mg,Chewable/dispersible tablet - FDC,60,19425,36907.5,1.9,0.03,"Cipla, Goa, India",True,1043.0,8043.57,51.74
8189,84203,111-MZ-T30,FPQ-10210,SO-42850,DN-2928,Mozambique,PMO - US,From RDC,N/A - From RDC,Truck,2012-06-28,2012-07-11,2013-01-11,2013-01-11,2013-01-11,ARV,Adult,SCMS from RDC,"Lamivudine 150mg, tablets, 60 Tabs",Lamivudine,Generic,150mg,Tablet,60,3726,8271.72,2.22,0.04,Hetero Unit III Hyderabad IN,False,668.5,5192.68,11.6
8190,84204,111-MZ-T30,FPQ-10210,SO-42850,DN-2928,Mozambique,PMO - US,From RDC,N/A - From RDC,Truck,2012-06-28,2012-07-11,2013-01-11,2013-01-11,2013-01-11,ARV,Adult,SCMS from RDC,"Lamivudine/Zidovudine 150/300mg, tablets, 60 Tabs",Lamivudine/Zidovudine,Generic,150/300mg,Tablet - FDC,60,43632,336839.04,7.72,0.13,Hetero Unit III Hyderabad IN,False,668.5,5192.68,472.25
8191,84205,111-MZ-T30,FPQ-10210,SO-43420,DN-2938,Mozambique,PMO - US,From RDC,N/A - From RDC,Truck,2012-06-28,2012-07-11,2013-01-11,2013-01-11,2013-01-11,ARV,Adult,SCMS from RDC,"Lamivudine/Nevirapine/Zidovudine 150/200/300mg, tablets, 60 Tabs",Lamivudine/Nevirapine/Zidovudine,Generic,150/300/200mg,Tablet - FDC,60,2484,23896.08,9.62,0.16,Hetero Unit III Hyderabad IN,True,249.0,4754.19,33.5
8192,84206,102-ZW-T30,FPQ-9927,SO-42300,DN-2940,Zimbabwe,PMO - US,From RDC,N/A - From RDC,Truck,2012-05-15,2012-06-21,2012-12-21,2012-12-11,2012-12-11,ARV,Adult,SCMS from RDC,"Lamivudine/Zidovudine 150/300mg, tablets, 60 Tabs",Lamivudine/Zidovudine,Generic,150/300mg,Tablet - FDC,60,44665,344813.8,7.72,0.13,Hetero Unit III Hyderabad IN,False,668.5,6721.705,483.43
8193,84207,103-ZW-T30,FPQ-9907,SO-42180,DN-2941,Zimbabwe,PMO - US,From RDC,N/A - From RDC,Truck,2012-05-15,2012-06-20,2012-12-20,2012-12-11,2012-12-11,ARV,Pediatric,SCMS from RDC,"Lamivudine/Nevirapine/Stavudine 30/50/6mg, dispersible tablets, 60 Tabs",Lamivudine/Nevirapine/Stavudine,Generic,30/50/6mg,Chewable/dispersible tablet - FDC,60,33978,78149.4,2.3,0.04,"Cipla, Goa, India",True,2705.0,9751.8,109.57
8194,84208,104-CI-T30,FPQ-9749,SO-42390,DN-2935,Côte d'Ivoire,PMO - US,From RDC,N/A - From RDC,Truck,2012-04-19,2012-06-14,2012-12-14,2012-11-30,2012-11-30,ARV,Adult,SCMS from RDC,"Efavirenz 600mg, tablets, 30 Tabs",Efavirenz,Generic,600mg,Tablet,30,74064,269592.96,3.64,0.12,"Strides, Bangalore, India.",False,668.5,6757.815,377.97
8195,84209,104-CI-T30,FPQ-10633,SO-43320,DN-2967,Côte d'Ivoire,PMO - US,From RDC,N/A - From RDC,Truck,2012-09-11,2012-08-28,2013-02-28,2013-01-25,2013-01-25,ARV,Adult,SCMS from RDC,"Lopinavir/Ritonavir 200/50mg [Aluvia], tablets, 120 Tabs",Lopinavir/Ritonavir,Aluvia,200/50mg,Tablet,120,17500,539350.0,30.82,0.26,ABBVIE Ludwigshafen Germany,True,6649.0,27350.2,756.17
8196,84210,107-RW-T30,FPQ-10119,SO-42710,DN-2961,Rwanda,PMO - US,From RDC,N/A - From RDC,Air,2012-06-18,2012-08-06,2013-02-06,2013-02-06,2013-02-06,ARV,Adult,SCMS from RDC,"Lamivudine/Tenofovir Disoproxil Fumarate 300/300mg, tablets, 30 Tabs",Lamivudine/Tenofovir Disoproxil Fumarate,Generic,300/300mg,Tablet - FDC,30,69691,373543.76,5.36,0.18,Hetero Unit III Hyderabad IN,False,668.5,5865.805,523.71
8197,84211,104-CI-T30,FPQ-10633,SO-43320,DN-2967,Côte d'Ivoire,PMO - US,From RDC,N/A - From RDC,Truck,2012-09-11,2012-08-28,2013-02-28,2013-01-25,2013-01-25,ARV,Adult,SCMS from RDC,"Lopinavir/Ritonavir 200/50mg, tablets, 120 Tabs",Lopinavir/Ritonavir,Generic,200/50mg,Tablet,120,10000,267000.0,26.7,0.22,Mylan (formerly Matrix) Nashik,False,1097.5,6757.815,374.33
8198,84212,114-UG-T30,FPQ-10780,SO-43470,DN-2971,Uganda,PMO - US,From RDC,N/A - From RDC,Air,2012-10-10,2012-07-31,2013-01-31,2013-02-01,2013-02-01,ARV,Adult,SCMS from RDC,"Nevirapine 200mg, tablets, 60 Tabs",Nevirapine,Generic,200mg,Tablet,60,4535,10974.7,2.42,0.04,"Aurobindo Unit III, India",True,491.0,4002.01,15.39
8199,84213,107-RW-T30,FPQ-9969,SO-42431,DN-2976,Rwanda,PMO - US,From RDC,N/A - From RDC,Air,2012-05-25,2012-08-07,2013-02-07,2013-02-07,2013-02-07,ARV,Adult,SCMS from RDC,"Efavirenz/Lamivudine/Tenofovir Disoproxil Fumarate 600/300/300mg, tablets, 30 Tabs",Efavirenz/Lamivudine/Tenofovir Disoproxil Fumarate,Generic,600/300/300mg,Tablet - FDC,30,112007,1356404.77,12.11,0.4,Mylan (formerly Matrix) Nashik,True,12757.0,20994.85,1901.68
8200,84214,114-UG-T30,FPQ-10328,SO-42810,DN-2977,Uganda,PMO - US,From RDC,N/A - From RDC,Truck,2012-07-11,2012-08-05,2013-02-05,2013-02-05,2013-02-05,ARV,Adult,SCMS from RDC,"Efavirenz/Lamivudine/Tenofovir Disoproxil Fumarate 600/300/300mg, tablets, 30 Tabs",Efavirenz/Lamivudine/Tenofovir Disoproxil Fumarate,Generic,600/300/300mg,Tablet - FDC,30,112873,1366892.03,12.11,0.4,Mylan (formerly Matrix) Nashik,True,12838.0,111318.14,1916.38
8201,84215,101-CD-T30,FPQ-11054,SO-43680,DN-2981,"Congo, DRC",PMO - US,From RDC,N/A - From RDC,Air,2012-11-16,2013-03-11,2013-09-11,2013-09-11,2013-09-11,ARV,Adult,SCMS from RDC,"Lamivudine 150mg, tablets, 60 Tabs",Lamivudine,Generic,150mg,Tablet,60,123,244.77,1.99,0.03,Hetero Unit III Hyderabad IN,False,668.5,2346.5699999999997,0.3
8202,84216,113-ZW-T30,FPQ-10632,SO-43220,DN-2989,Zimbabwe,PMO - US,From RDC,N/A - From RDC,Truck,2012-09-11,2012-08-11,2013-02-11,2013-02-11,2013-02-11,ARV,Adult,SCMS from RDC,"Lamivudine/Tenofovir Disoproxil Fumarate 300/300mg, tablets, 30 Tabs",Lamivudine/Tenofovir Disoproxil Fumarate,Generic,300/300mg,Tablet - FDC,30,221799,1066853.19,4.81,0.16,Hetero Unit III Hyderabad IN,True,58270.0,47389.63,1495.73
8203,84217,113-ZW-T30,FPQ-10632,SO-43220,DN-2989,Zimbabwe,PMO - US,From RDC,N/A - From RDC,Truck,2012-09-11,2012-08-11,2013-02-11,2013-02-11,2013-02-11,ARV,Adult,SCMS from RDC,"Nevirapine 200mg, tablets, 60 Tabs",Nevirapine,Generic,200mg,Tablet,60,164433,379840.23,2.31,0.04,"Aurobindo Unit III, India",False,668.5,6721.705,532.54
8204,84218,110-ZM-T30,FPQ-10728,SO-43451,DN-3003,Zambia,PMO - US,From RDC,N/A - From RDC,Truck,2012-10-05,2012-09-15,2013-03-15,2013-02-19,2013-02-19,ARV,Adult,SCMS from RDC,"Efavirenz/Emtricitabine/Tenofovir Disoproxil Fumarate 600/200/300mg, tablets, 30 Tabs",Efavirenz/Emtricitabine/Tenofovir Disoproxil Fumarate,Generic,600/200/300mg,Tablet - FDC,30,30114,412260.66,13.69,0.46,Mylan (formerly Matrix) Nashik,True,1230.0,6923.53,577.99
8205,84222,106-HT-T30,FPQ-11281,SO-44410,DN-3014,Haiti,PMO - US,From RDC,N/A - From RDC,Air,2013-01-16,2012-10-09,2013-04-09,2013-01-03,2013-01-03,ARV,Adult,SCMS from RDC,"Lamivudine/Nevirapine/Stavudine 150/200/30mg, tablets, 60 Tabs",Lamivudine/Nevirapine/Stavudine,Generic,150/200/30mg,Tablet - FDC,60,270,1269.0,4.7,0.08,"Strides, Bangalore, India.",False,59.0,2946.7200000000003,1.57
8206,84223,101-CD-T30,FPQ-11096,SO-43750,DN-3017,"Congo, DRC",PMO - US,From RDC,N/A - From RDC,Air,2012-11-20,2012-09-18,2013-03-18,2013-08-08,2013-08-08,ARV,Pediatric,SCMS from RDC,"Lamivudine/Zidovudine 30/60mg, tablets, 60 Tabs",Lamivudine/Zidovudine,Generic,30/60mg,Tablet - FDC,60,1296,2928.96,2.26,0.04,"Aurobindo Unit III, India",False,668.5,2346.5699999999997,3.62
8207,84224,101-CD-T30,FPQ-11096,SO-43750,DN-3017,"Congo, DRC",PMO - US,From RDC,N/A - From RDC,Air,2012-11-20,2012-09-18,2013-03-18,2013-08-08,2013-08-08,ARV,Adult,SCMS from RDC,"Lamivudine/Nevirapine/Zidovudine 150/200/300mg, tablets, 60 Tabs",Lamivudine/Nevirapine/Zidovudine,Generic,150/300/200mg,Tablet - FDC,60,990,8494.2,8.58,0.14,Hetero Unit III Hyderabad IN,False,109.0,2346.5699999999997,10.51
8208,84225,101-CD-T30,FPQ-11096,SO-43750,DN-3017,"Congo, DRC",PMO - US,From RDC,N/A - From RDC,Air,2012-11-20,2012-09-18,2013-03-18,2013-08-08,2013-08-08,ARV,Pediatric,SCMS from RDC,"Abacavir/Lamivudine 60/30mg, tablets, 60 Tabs",Abacavir/Lamivudine,Generic,60/30mg,Tablet - FDC,60,54,248.4,4.6,0.08,"Aurobindo Unit III, India",False,668.5,2346.5699999999997,0.31
8209,84226,101-CD-T30,FPQ-11096,SO-43750,DN-3017,"Congo, DRC",PMO - US,From RDC,N/A - From RDC,Air,2012-11-20,2012-09-18,2013-03-18,2013-08-08,2013-08-08,ARV,Pediatric,SCMS from RDC,"Efavirenz 200mg, scored tablets, 90 Tabs",Efavirenz,Generic,200mg,Tablet,90,228,1664.4,7.3,0.08,"Strides, Bangalore, India.",False,40.5,2346.5699999999997,2.06
8210,84227,104-CI-T30,FPQ-10633,SO-43321,DN-3019,Côte d'Ivoire,PMO - US,From RDC,N/A - From RDC,Truck,2012-09-11,2012-08-28,2013-02-28,2013-02-28,2013-02-28,ARV,Adult,SCMS from RDC,"Lamivudine/Nevirapine/Zidovudine 150/200/300mg, tablets, 60 Tabs",Lamivudine/Nevirapine/Zidovudine,Generic,150/300/200mg,Tablet - FDC,60,36240,310939.2,8.58,0.14,"Aurobindo Unit III, India",True,13509.0,36857.21,435.94
8211,84228,114-UG-T30,FPQ-10780,SO-43490,DN-3024,Uganda,PMO - US,From RDC,N/A - From RDC,Air,2012-10-10,2012-09-18,2013-03-18,2013-03-07,2013-03-07,ARV,Adult,SCMS from RDC,"Lamivudine/Nevirapine/Zidovudine 150/200/300mg, tablets, 60 Tabs",Lamivudine/Nevirapine/Zidovudine,Generic,150/300/200mg,Tablet - FDC,60,7253,62230.74,8.58,0.14,"Cipla, Goa, India",False,668.5,2485.92,87.25
8212,84229,114-UG-T30,FPQ-10946,SO-43640,DN-3025,Uganda,PMO - US,From RDC,N/A - From RDC,Air,2012-11-01,2012-10-04,2013-04-04,2013-03-07,2013-03-07,ARV,Adult,SCMS from RDC,"Lamivudine/Tenofovir Disoproxil Fumarate 300/300mg, tablets, 30 Tabs",Lamivudine/Tenofovir Disoproxil Fumarate,Generic,300/300mg,Tablet - FDC,30,32298,151800.6,4.7,0.16,Hetero Unit III Hyderabad IN,False,6528.0,2485.92,187.78
8213,84230,113-ZW-T30,FPQ-10895,SO-43580,DN-3033,Zimbabwe,PMO - US,From RDC,N/A - From RDC,Truck,2012-10-25,2012-09-30,2013-03-31,2013-03-14,2013-03-14,ARV,Adult,SCMS from RDC,"Efavirenz/Lamivudine/Tenofovir Disoproxil Fumarate 600/300/300mg, tablets, 30 Tabs",Efavirenz/Lamivudine/Tenofovir Disoproxil Fumarate,Generic,600/300/300mg,Tablet - FDC,30,20160,244137.6,12.11,0.4,Mylan (formerly Matrix) Nashik,False,2268.0,6721.705,302.0
8214,84231,113-ZW-T30,FPQ-10895,SO-43580,DN-3033,Zimbabwe,PMO - US,From RDC,N/A - From RDC,Truck,2012-10-25,2012-09-30,2013-03-31,2013-03-14,2013-03-14,ARV,Adult,SCMS from RDC,"Lamivudine/Zidovudine 150/300mg, tablets, 60 Tabs",Lamivudine/Zidovudine,Generic,150/300mg,Tablet - FDC,60,4800,34896.0,7.27,0.12,"Aurobindo Unit III, India",False,496.0,6721.705,43.17
8215,84232,114-UG-T30,FPQ-11143,SO-43950,DN-3040,Uganda,PMO - US,From RDC,N/A - From RDC,Truck,2012-12-13,2012-09-08,2013-03-08,2013-03-07,2013-03-07,ARV,Adult,SCMS from RDC,"Lamivudine/Nevirapine/Zidovudine 150/200/300mg, tablets, 60 Tabs",Lamivudine/Nevirapine/Zidovudine,Generic,150/300/200mg,Tablet - FDC,60,42717,366511.86,8.58,0.14,"Cipla, Goa, India",True,5732.0,25118.88,453.38
8216,84233,106-HT-T30,FPQ-11281,SO-44400,DN-3015,Haiti,PMO - US,From RDC,N/A - From RDC,Air,2013-01-16,2012-10-09,2013-04-09,2013-03-14,2013-03-14,ARV,Adult,SCMS from RDC,"Stavudine 15mg, capsules, 60 Caps",Stavudine,Generic,15mg,Capsule,60,216,285.12,1.32,0.02,"Aurobindo Unit III, India",False,24.0,2946.7200000000003,0.35
8217,84234,104-CI-T30,FPQ-10633,SO-43340,DN-3046,Côte d'Ivoire,PMO - US,From RDC,N/A - From RDC,Truck,2012-09-11,2012-10-30,2013-04-30,2013-03-08,2013-03-08,ARV,Adult,SCMS from RDC,"Lopinavir/Ritonavir 200/50mg, tablets, 120 Tabs",Lopinavir/Ritonavir,Generic,200/50mg,Tablet,120,8476,209865.76,24.76,0.21,"Aurobindo Unit III, India",False,668.5,6757.815,294.23
8218,84235,113-ZW-T30,FPQ-10632,SO-43212,DN-3048,Zimbabwe,PMO - US,From RDC,N/A - From RDC,Truck,2012-09-11,2012-10-15,2013-04-15,2013-03-23,2013-03-23,ARV,Adult,SCMS from RDC,"Lamivudine/Tenofovir Disoproxil Fumarate 300/300mg, tablets, 30 Tabs",Lamivudine/Tenofovir Disoproxil Fumarate,Generic,300/300mg,Tablet - FDC,30,49467,232494.9,4.7,0.16,Hetero Unit III Hyderabad IN,True,8615.0,49580.17,325.96
8219,84236,110-ZM-T30,FPQ-11553,SO-44472,DN-3052,Zambia,PMO - US,From RDC,N/A - From RDC,Truck,2013-01-28,2012-12-25,2013-06-25,2013-03-15,2013-03-15,ARV,Adult,SCMS from RDC,"Nevirapine 200mg, tablets, 60 Tabs",Nevirapine,Generic,200mg,Tablet,60,25991,58739.66,2.26,0.04,"Aurobindo Unit III, India",True,2504.0,12315.5,72.66
8220,84237,105-GY-T30,FPQ-11546,SO-44530,DN-3059,Guyana,PMO - US,From RDC,N/A - From RDC,Truck,2013-01-28,2012-10-18,2013-04-18,2013-03-15,2013-03-15,ARV,Pediatric,SCMS from RDC,"Lamivudine 10mg/ml, oral solution w/syringe, Bottle, 240 ml",Lamivudine,Generic,10mg/ml,Oral solution,240,225,416.25,1.85,0.01,"Aurobindo Unit III, India",False,193.5,3178.0,0.51
8221,84238,113-ZW-T30,FPQ-11714,SO-44600,DN-3064,Zimbabwe,PMO - US,From RDC,N/A - From RDC,Air,2013-02-20,2012-10-13,2013-04-13,2013-04-13,2013-04-13,ARV,Adult,SCMS from RDC,"Lopinavir/Ritonavir 200/50mg [Aluvia], tablets, 120 Tabs",Lopinavir/Ritonavir,Aluvia,200/50mg,Tablet,120,2390,56762.5,23.75,0.2,ABBVIE Ludwigshafen Germany,True,533.0,5623.52,70.22
8222,84241,114-UG-T30,FPQ-11143,SO-43941,DN-3069,Uganda,PMO - US,From RDC,N/A - From RDC,Air,2012-12-13,2012-10-25,2013-04-25,2013-04-25,2013-04-25,ARV,Adult,SCMS from RDC,"Abacavir/Lamivudine 600/300mg, scored tablets, 30 Tabs",Abacavir/Lamivudine,Generic,600/300mg,Tablet - FDC,30,7051,98431.96,13.96,0.47,Mylan (formerly Matrix) Nashik,False,668.5,2485.92,121.76
8223,84242,110-ZM-T30,FPQ-10728,SO-43450,DN-3095,Zambia,PMO - US,From RDC,N/A - From RDC,Truck,2012-10-05,2012-10-30,2013-04-30,2013-04-15,2013-04-15,ARV,Adult,SCMS from RDC,"Efavirenz/Emtricitabine/Tenofovir Disoproxil Fumarate 600/200/300mg, tablets, 30 Tabs",Efavirenz/Emtricitabine/Tenofovir Disoproxil Fumarate,Generic,600/200/300mg,Tablet - FDC,30,225035,3080729.15,13.69,0.46,Mylan (formerly Matrix) Nashik,True,25504.0,33770.41,4319.18
8224,84243,104-CI-T30,FPQ-10633,SO-43330,DN-3075,Côte d'Ivoire,PMO - US,From RDC,N/A - From RDC,Truck,2012-09-11,2012-09-28,2013-03-28,2013-03-30,2013-03-30,ARV,Adult,SCMS from RDC,"Lamivudine/Nevirapine/Zidovudine 150/200/300mg, tablets, 60 Tabs",Lamivudine/Nevirapine/Zidovudine,Generic,150/300/200mg,Tablet - FDC,60,38722,332234.76,8.58,0.14,"Cipla, Goa, India",False,668.5,6757.815,465.79
8225,84244,109-TZ-T30,FPQ-11393,SO-44381,DN-3101,Tanzania,PMO - US,From RDC,N/A - From RDC,Truck,2012-12-30,2012-11-30,2013-05-31,2013-05-14,2013-05-14,ARV,Pediatric,SCMS from RDC,"Lamivudine/Nevirapine/Stavudine 30/50/6mg, dispersible tablets, 60 Tabs",Lamivudine/Nevirapine/Stavudine,Generic,30/50/6mg,Chewable/dispersible tablet - FDC,60,11606,26693.8,2.3,0.04,"Cipla, Goa, India",False,668.5,3623.2,33.02
8226,84247,102-BI-T30,FPQ-11661,SO-44670,DN-3118,Burundi,PMO - US,From RDC,N/A - From RDC,Air,2013-02-20,2012-11-30,2013-05-31,2013-05-23,2013-05-23,ARV,Adult,SCMS from RDC,"Lopinavir/Ritonavir 200/50mg, tablets, 120 Tabs",Lopinavir/Ritonavir,Generic,200/50mg,Tablet,120,240,5942.4,24.76,0.21,Mylan (formerly Matrix) Nashik,False,25.0,3544.4849999999997,7.35
8227,84248,110-ZM-T30,FPQ-11969,SO-44910,DN-3116,Zambia,PMO - US,From RDC,N/A - From RDC,Air,2013-03-26,2012-12-28,2013-06-28,2013-05-13,2013-05-13,ARV,Adult,SCMS from RDC,"Emtricitabine/Tenofovir Disoproxil Fumarate 200/300mg, tablets, 30 Tabs",Emtricitabine/Tenofovir Disoproxil Fumarate,Generic,200/300mg,Tablet - FDC,30,69811,423752.77,6.07,0.2,Mylan (formerly Matrix) Nashik,True,7632.0,50626.6,524.18
8228,84249,900-SS-T30,FPQ-11272,SO-44100,DN-3126,South Sudan,PMO - US,From RDC,N/A - From RDC,Air,2012-12-17,2012-10-30,2013-04-30,2013-04-17,2013-04-17,ARV,Adult,SCMS from RDC,"Zidovudine 300mg, tablets, 60 Tabs",Zidovudine,Generic,300mg,Tablet,60,1466,9910.16,6.76,0.11,"Aurobindo Unit III, India",True,83.0,2089.0,12.26
8229,84250,110-ZM-T30,FPQ-11969,SO-44910,DN-3116,Zambia,PMO - US,From RDC,N/A - From RDC,Air,2013-03-26,2012-12-28,2013-06-28,2013-05-13,2013-05-13,ARV,Adult,SCMS from RDC,"Emtricitabine/Tenofovir Disoproxil Fumarate 200/300mg, tablets, 30 Tabs",Emtricitabine/Tenofovir Disoproxil Fumarate,Generic,200/300mg,Tablet - FDC,30,20537,124659.59,6.07,0.2,Hetero Unit III Hyderabad IN,False,668.5,14019.38,154.2
8230,84251,102-BI-T30,FPQ-11661,SO-44660,DN-3129,Burundi,PMO - US,From RDC,N/A - From RDC,Air,2013-02-20,2012-12-30,2013-06-30,2013-05-09,2013-05-09,ARV,Adult,SCMS from RDC,"Emtricitabine/Tenofovir Disoproxil Fumarate 200/300mg, tablets, 30 Tabs",Emtricitabine/Tenofovir Disoproxil Fumarate,Generic,200/300mg,Tablet - FDC,30,1080,6555.6,6.07,0.2,Mylan (formerly Matrix) Nashik,False,282.0,3544.4849999999997,8.11
8231,84252,151-NG-T30,FPQ-11022,SO-43843,DN-3130,Nigeria,PMO - US,From RDC,N/A - From RDC,Air Charter,2012-11-15,2012-11-21,2013-05-21,2013-05-03,2013-05-03,ARV,Adult,SCMS from RDC,"Lopinavir/Ritonavir 200/50mg, tablets, 120 Tabs",Lopinavir/Ritonavir,Generic,200/50mg,Tablet,120,7677,167205.06,21.78,0.18,Mylan (formerly Matrix) Nashik,True,16376.0,14547.55,206.83
8232,84253,113-ZW-T30,FPQ-11002,SO-43710,DN-3131,Zimbabwe,PMO - US,From RDC,N/A - From RDC,Truck,2012-11-16,2012-11-06,2013-05-06,2013-04-29,2013-04-29,ARV,Adult,SCMS from RDC,"Lamivudine/Tenofovir Disoproxil Fumarate 300/300mg, tablets, 30 Tabs",Lamivudine/Tenofovir Disoproxil Fumarate,Generic,300/300mg,Tablet - FDC,30,2014,9465.8,4.7,0.16,"Aurobindo Unit VII, IN",False,668.5,6721.705,11.71
8233,84254,111-MZ-T30,FPQ-11033,SO-43820,DN-3133,Mozambique,PMO - US,From RDC,N/A - From RDC,Truck,2012-11-12,2013-01-21,2013-07-21,2013-07-26,2013-07-26,ARV,Adult,SCMS from RDC,"Efavirenz 600mg, tablets, 30 Tabs",Efavirenz,Generic,600mg,Tablet,30,34200,113886.0,3.33,0.11,"Hetero, Jadcherla, unit 5, IN",True,7908.0,5496.08,140.88
8234,84255,111-MZ-T30,FPQ-11884,SO-44862,DN-3136,Mozambique,PMO - US,From RDC,N/A - From RDC,Truck,2013-03-19,2013-03-30,2013-09-30,2013-08-29,2013-08-29,ARV,Adult,SCMS from RDC,"Lamivudine 150mg, tablets, 60 Tabs",Lamivudine,Generic,150mg,Tablet,60,2600,5174.0,1.99,0.03,Hetero Unit III Hyderabad IN,True,149.0,1815.67,6.4
8235,84256,111-MZ-T30,FPQ-11033,SO-43790,DN-3102,Mozambique,PMO - US,From RDC,N/A - From RDC,Truck,2012-11-12,2013-02-01,2013-08-01,2013-08-01,2013-08-01,ARV,Pediatric,SCMS from RDC,"Zidovudine 10mg/ml, oral solution w/syringe, Bottle, 240 ml",Zidovudine,Generic,10mg/ml,Oral solution,240,13603,28566.3,2.1,0.01,"Aurobindo Unit III, India",False,668.5,5192.68,35.34
8236,84257,111-MZ-T30,FPQ-11033,SO-43790,DN-3102,Mozambique,PMO - US,From RDC,N/A - From RDC,Truck,2012-11-12,2013-02-01,2013-08-01,2013-08-01,2013-08-01,ARV,Adult,SCMS from RDC,"Lamivudine/Nevirapine/Zidovudine 150/200/300mg, tablets, 60 Tabs",Lamivudine/Nevirapine/Zidovudine,Generic,150/300/200mg,Tablet - FDC,60,25400,217932.0,8.58,0.14,"Cipla, Goa, India",False,668.5,5192.68,269.58
8237,84258,113-ZW-T30,FPQ-11002,SO-43721,DN-3145,Zimbabwe,PMO - US,From RDC,N/A - From RDC,Truck,2012-11-16,2012-11-30,2013-05-30,2013-04-29,2013-04-29,ARV,Adult,SCMS from RDC,"Lamivudine/Tenofovir Disoproxil Fumarate 300/300mg, tablets, 30 Tabs",Lamivudine/Tenofovir Disoproxil Fumarate,Generic,300/300mg,Tablet - FDC,30,40534,190509.8,4.7,0.16,"Aurobindo Unit VII, IN",True,3749.0,9708.48,235.66
8238,84259,151-NG-T30,FPQ-11022,SO-43842,DN-3148,Nigeria,PMO - US,From RDC,N/A - From RDC,Air Charter,2012-11-15,2012-11-21,2013-05-21,2013-05-06,2013-05-06,ARV,Adult,SCMS from RDC,"Nevirapine 200mg, tablets, 60 Tabs",Nevirapine,Generic,200mg,Tablet,60,14344,32417.44,2.26,0.04,"Aurobindo Unit III, India",False,1023.0,12601.07,40.1
8239,84260,109-TZ-T30,FPQ-12015,SO-44981,DN-3155,Tanzania,PMO - US,From RDC,N/A - From RDC,Truck,2013-04-02,2013-02-23,2013-08-23,2013-05-14,2013-05-14,ARV,Pediatric,SCMS from RDC,"Lamivudine/Nevirapine/Stavudine 30/50/6mg, dispersible tablets, 60 Tabs",Lamivudine/Nevirapine/Stavudine,Generic,30/50/6mg,Chewable/dispersible tablet - FDC,60,12917,29709.1,2.3,0.04,"Cipla, Goa, India",True,2461.0,3592.8,36.75
8240,84262,151-NG-T30,FPQ-11022,SO-43849,DN-3171,Nigeria,PMO - US,From RDC,N/A - From RDC,Air Charter,2012-11-15,2012-11-21,2013-05-21,2013-05-10,2013-05-10,ARV,Adult,SCMS from RDC,"Lamivudine/Zidovudine 150/300mg, tablets, 60 Tabs",Lamivudine/Zidovudine,Generic,150/300mg,Tablet - FDC,60,41222,288554.0,7.0,0.12,"Cipla, Goa, India",False,668.5,12601.07,356.94
8241,84263,151-NG-T30,FPQ-11771,SO-44752,DN-3174,Nigeria,PMO - US,From RDC,N/A - From RDC,Air Charter,2013-02-28,2013-02-21,2013-08-21,2013-05-10,2013-05-10,ARV,Pediatric,SCMS from RDC,"Abacavir/Lamivudine 60/30mg, tablets, 60 Tabs",Abacavir/Lamivudine,Generic,60/30mg,Tablet - FDC,60,763,3509.8,4.6,0.08,"Aurobindo Unit III, India",True,56.0,20666.07,4.34
8242,84264,111-MZ-T30,FPQ-10211,SO-42861,DN-3180,Mozambique,PMO - US,From RDC,N/A - From RDC,Truck,2012-06-28,2012-12-28,2013-06-28,2013-07-10,2013-07-10,ARV,Adult,SCMS from RDC,"Efavirenz/Lamivudine/Tenofovir Disoproxil Fumarate 600/300/300mg, tablets, 30 Tabs",Efavirenz/Lamivudine/Tenofovir Disoproxil Fumarate,Generic,600/300/300mg,Tablet - FDC,30,66956,704377.12,10.52,0.35,Mylan (formerly Matrix) Nashik,True,5810.0,13649.6,987.54
8243,84265,111-MZ-T30,FPQ-11033,SO-43770,DN-3182,Mozambique,PMO - US,From RDC,N/A - From RDC,Truck,2012-11-12,2013-01-26,2013-07-26,2013-07-26,2013-07-26,ARV,Adult,SCMS from RDC,"Lamivudine/Tenofovir Disoproxil Fumarate 300/300mg, tablets, 30 Tabs",Lamivudine/Tenofovir Disoproxil Fumarate,Generic,300/300mg,Tablet - FDC,30,8531,40095.7,4.7,0.16,"Aurobindo Unit VII, IN",False,668.5,0.0,49.6
8244,84267,151-NG-T30,FPQ-11022,SO-45202,DN-3189,Nigeria,PMO - US,From RDC,N/A - From RDC,Air Charter,2012-11-15,2012-11-21,2013-05-21,2013-05-29,2013-05-29,ARV,Adult,SCMS from RDC,"Nevirapine 200mg, tablets, 60 Tabs",Nevirapine,Generic,200mg,Tablet,60,109238,246877.88,2.26,0.04,"Aurobindo Unit III, India",True,11763.0,20761.0,305.39
8245,84270,151-NG-T30,FPQ-11022,SO-43850,DN-3199,Nigeria,PMO - US,From RDC,N/A - From RDC,Air Charter,2012-11-15,2012-12-04,2013-06-04,2013-05-29,2013-05-29,ARV,Adult,SCMS from RDC,"Efavirenz 600mg, tablets, 30 Tabs",Efavirenz,Generic,600mg,Tablet,30,45000,149850.0,3.33,0.11,"Cipla, Goa, India",True,16966.0,20761.0,185.36
8246,84271,151-NG-T30,FPQ-11022,SO-43840,DN-3197,Nigeria,PMO - US,From RDC,N/A - From RDC,Air Charter,2012-11-15,2012-11-30,2013-05-31,2013-05-28,2013-05-28,ARV,Adult,SCMS from RDC,"Lopinavir/Ritonavir 200/50mg, tablets, 120 Tabs",Lopinavir/Ritonavir,Generic,200/50mg,Tablet,120,7014,152764.92,21.78,0.18,"Aurobindo Unit III, India",True,7733.0,20761.0,188.97
8247,84272,110-ZM-T30,FPQ-11032,SO-43830,DN-3203,Zambia,PMO - US,From RDC,N/A - From RDC,Truck,2012-11-28,2013-01-18,2013-07-18,2013-07-23,2013-07-23,ARV,Adult,SCMS from RDC,"Efavirenz/Emtricitabine/Tenofovir Disoproxil Fumarate 600/200/300mg, tablets, 30 Tabs",Efavirenz/Emtricitabine/Tenofovir Disoproxil Fumarate,Generic,600/200/300mg,Tablet - FDC,30,176213,2283720.48,12.96,0.43,Mylan (formerly Matrix) Nashik,True,19962.0,31401.08,2824.96
8248,84273,113-ZW-T30,FPQ-10895,SO-43570,DN-3212,Zimbabwe,PMO - US,From RDC,N/A - From RDC,Truck,2012-10-25,2013-01-31,2013-07-31,2013-08-06,2013-08-06,ARV,Adult,SCMS from RDC,"Efavirenz 600mg, tablets, 30 Tabs",Efavirenz,Generic,600mg,Tablet,30,4800,15984.0,3.33,0.11,"Hetero, Jadcherla, unit 5, IN",True,396.0,11133.66,19.77
8249,84274,114-UG-T30,FPQ-10945,SO-43631,DN-3218,Uganda,PMO - US,From RDC,N/A - From RDC,Air,2012-11-06,2013-01-31,2013-07-31,2013-07-23,2013-07-23,ARV,Adult,SCMS from RDC,"Efavirenz/Lamivudine/Tenofovir Disoproxil Fumarate 600/300/300mg, tablets, 30 Tabs",Efavirenz/Lamivudine/Tenofovir Disoproxil Fumarate,Generic,600/300/300mg,Tablet - FDC,30,35930,377983.6,10.52,0.35,Hetero Unit III Hyderabad IN,True,4811.0,2486.5,467.57
8250,84275,114-UG-T30,FPQ-11133,SO-43910,DN-3237,Uganda,PMO - US,From RDC,N/A - From RDC,Truck,2012-12-13,2013-01-31,2013-07-31,2013-08-26,2013-08-26,ARV,Adult,SCMS from RDC,"Lamivudine/Nevirapine/Zidovudine 150/200/300mg, tablets, 60 Tabs",Lamivudine/Nevirapine/Zidovudine,Generic,150/300/200mg,Tablet - FDC,60,44017,363580.42,8.26,0.14,Hetero Unit III Hyderabad IN,False,668.5,5458.45,449.75
8251,84276,151-NG-T30,FPQ-11022,SO-45204,DN-3240,Nigeria,PMO - US,From RDC,N/A - From RDC,Air Charter,2012-11-15,2013-01-22,2013-07-22,2013-07-23,2013-07-23,ARV,Pediatric,SCMS from RDC,"Lamivudine/Stavudine 60/12mg, dispersible tablets, 60 Tabs",Lamivudine/Stavudine,Generic,60/12mg,Chewable/dispersible tablet - FDC,60,1945,6418.5,3.3,0.06,"Cipla, Goa, India",True,165.0,0.0,7.94
8252,84277,104-CI-T30,FPQ-11254,SO-44151,DN-3247,Côte d'Ivoire,PMO - US,From RDC,N/A - From RDC,Truck,2012-12-14,2013-04-30,2013-10-31,2013-07-23,2013-07-23,ARV,Adult,SCMS from RDC,"Tenofovir Disoproxil Fumarate 300mg, tablets, 30 Tabs",Tenofovir Disoproxil Fumarate,Generic,300mg,Tablet,30,2656,10730.24,4.04,0.13,Mylan (formerly Matrix) Nashik,True,167.0,1478.35,13.27
8253,84279,101-CD-T30,FPQ-12088,SO-45030,DN-3269,"Congo, DRC",PMO - US,From RDC,N/A - From RDC,Air,2013-04-12,2013-02-28,2013-08-28,2014-02-08,2014-03-11,ARV,Adult,SCMS from RDC,"Lamivudine/Nevirapine/Zidovudine 150/200/300mg, tablets, 60 Tabs",Lamivudine/Nevirapine/Zidovudine,Generic,150/300/200mg,Tablet - FDC,60,800,6608.0,8.26,0.14,Mylan (formerly Matrix) Nashik,False,98.0,2346.5699999999997,8.17
8254,84280,114-UG-T30,FPQ-12253,SO-45540,DN-3273,Uganda,PMO - US,From RDC,N/A - From RDC,Truck,2013-05-08,2013-02-06,2013-08-06,2013-08-22,2013-08-22,ARV,Adult,SCMS from RDC,"Lamivudine/Zidovudine 150/300mg, tablets, 60 Tabs",Lamivudine/Zidovudine,Generic,150/300mg,Tablet - FDC,60,45233,316631.0,7.0,0.12,Hetero Unit III Hyderabad IN,True,3984.0,20074.74,391.67
8255,84281,102-ZW-T30,FPQ-11477,SO-44270,DN-3287,Zimbabwe,PMO - US,From RDC,N/A - From RDC,Truck,2013-01-16,2013-03-20,2013-09-20,2013-09-20,2013-09-20,ARV,Adult,SCMS from RDC,"Efavirenz/Lamivudine/Tenofovir Disoproxil Fumarate 600/300/300mg, tablets, 30 Tabs",Efavirenz/Lamivudine/Tenofovir Disoproxil Fumarate,Generic,600/300/300mg,Tablet - FDC,30,59680,627833.6,10.52,0.35,Hetero Unit III Hyderabad IN,True,7831.0,4529.65,776.63
8256,84282,104-CI-T30,FPQ-10633,SO-43371,DN-3294,Côte d'Ivoire,PMO - US,From RDC,N/A - From RDC,Truck,2012-09-11,2013-03-30,2013-09-30,2013-08-28,2013-08-28,ARV,Pediatric,SCMS from RDC,"Lamivudine/Nevirapine/Zidovudine 30/50/60mg, dispersible tablets, 60 Tabs",Lamivudine/Nevirapine/Zidovudine,Generic,30/50/60mg,Chewable/dispersible tablet - FDC,60,7600,29564.0,3.89,0.06,Mylan (formerly Matrix) Nashik,True,415.0,2751.09,41.45
8257,84283,110-ZM-T30,FPQ-11553,SO-44470,DN-3298,Zambia,PMO - US,From RDC,N/A - From RDC,Truck,2013-01-28,2013-04-22,2013-10-22,2013-10-22,2013-11-11,ARV,Adult,SCMS from RDC,"Nevirapine 200mg, tablets, 60 Tabs",Nevirapine,Generic,200mg,Tablet,60,2997,6773.22,2.26,0.04,"Cipla, Goa, India",True,2764.0,4356.75,8.38
8258,84284,110-ZM-T30,FPQ-10728,SO-44772,DN-3297,Zambia,PMO - US,From RDC,N/A - From RDC,Truck,2012-10-05,2013-04-22,2013-10-22,2013-10-22,2013-11-11,ARV,Adult,SCMS from RDC,"Efavirenz/Emtricitabine/Tenofovir Disoproxil Fumarate 600/200/300mg, tablets, 30 Tabs",Efavirenz/Emtricitabine/Tenofovir Disoproxil Fumarate,Generic,600/200/300mg,Tablet - FDC,30,16099,198017.7,12.3,0.41,Mylan (formerly Matrix) Nashik,True,2004.0,4356.75,277.62
8259,84285,110-ZM-T30,FPQ-11553,SO-44460,DN-3299,Zambia,PMO - US,From RDC,N/A - From RDC,Truck,2013-01-28,2013-03-16,2013-09-16,2013-09-23,2013-09-23,ARV,Pediatric,SCMS from RDC,"Efavirenz 200mg, scored tablets, 90 Tabs",Efavirenz,Generic,200mg,Tablet,90,10000,73000.0,7.3,0.08,"Strides, Bangalore, India.",True,684.0,1026.49,90.3
8260,84286,101-CD-T30,FPQ-12088,SO-45031,DN-3311,"Congo, DRC",PMO - US,From RDC,N/A - From RDC,Air,2013-04-12,2013-07-21,2014-01-21,2014-01-21,2014-01-29,ARV,Pediatric,SCMS from RDC,"Nevirapine 10mg/ml, oral suspension w/syringe, Bottle, 240 ml",Nevirapine,Generic,10mg/ml,Oral suspension,240,6339,12361.05,1.95,0.01,"Aurobindo Unit III, India",True,2357.0,24505.0,15.29
8261,84287,111-MZ-T30,FPQ-11884,SO-44865,DN-3318,Mozambique,PMO - US,From RDC,N/A - From RDC,Truck,2013-03-19,2013-04-30,2013-10-31,2013-10-31,2013-11-12,ARV,Adult,SCMS from RDC,"Efavirenz 600mg, tablets, 30 Tabs",Efavirenz,Generic,600mg,Tablet,30,70643,235241.19,3.33,0.11,"Hetero, Jadcherla, unit 5, IN",False,668.5,5192.68,290.99
8262,84288,109-TZ-T30,FPQ-12587,SO-45992,DN-3326,Tanzania,PMO - US,From RDC,N/A - From RDC,Truck,2013-07-04,2013-05-20,2013-11-20,2013-09-10,2013-09-10,ARV,Adult,SCMS from RDC,"Abacavir 300mg, tablets, 60 Tabs",Abacavir,Generic,300mg,Tablet,60,13370,153220.2,11.46,0.19,"Aurobindo Unit III, India",True,1337.0,10540.22,189.53
8263,84289,114-UG-T30,FPQ-12255,SO-45580,DN-3333,Uganda,PMO - US,From RDC,N/A - From RDC,Air,2013-05-08,2013-03-30,2013-09-30,2013-10-29,2013-11-19,ARV,Adult,SCMS from RDC,"Lopinavir/Ritonavir 200/50mg [Aluvia], tablets, 120 Tabs",Lopinavir/Ritonavir,Aluvia,200/50mg,Tablet,120,13040,263668.8,20.22,0.17,ABBVIE Ludwigshafen Germany,True,2638.0,13508.98,326.16
8264,84290,113-ZW-T30,FPQ-11545,SO-44350,DN-3337,Zimbabwe,PMO - US,From RDC,N/A - From RDC,Truck,2013-01-24,2013-03-30,2013-09-30,2013-10-09,2013-11-01,ARV,Adult,SCMS from RDC,"Lamivudine/Tenofovir Disoproxil Fumarate 300/300mg, tablets, 30 Tabs",Lamivudine/Tenofovir Disoproxil Fumarate,Generic,300/300mg,Tablet - FDC,30,131520,632611.2,4.81,0.16,Hetero Unit III Hyderabad IN,True,2277.0,12000.0,782.54
8265,84291,107-RW-T30,FPQ-12190,SO-45360,DN-3345,Rwanda,PMO - US,From RDC,N/A - From RDC,Truck,2013-05-06,2013-04-15,2013-10-15,2013-10-15,2013-10-29,ARV,Pediatric,SCMS from RDC,"Lamivudine 10mg/ml, oral solution w/syringe, Bottle, 240 ml",Lamivudine,Generic,10mg/ml,Oral solution,240,5495,7967.75,1.45,0.01,"Aurobindo Unit III, India",True,1960.0,4390.98,9.86
8266,84292,114-UG-T30,FPQ-12838,SO-46190,DN-3348,Uganda,PMO - US,From RDC,N/A - From RDC,Air,2013-08-19,2013-04-15,2013-10-15,2013-11-08,2013-11-27,ARV,Adult,SCMS from RDC,"Lopinavir/Ritonavir 200/50mg [Aluvia], tablets, 120 Tabs",Lopinavir/Ritonavir,Aluvia,200/50mg,Tablet,120,13164,266176.08,20.22,0.17,ABBVIE Ludwigshafen Germany,True,2722.0,8604.7,329.26
8267,84293,103-DO-T30,FPQ-11920,SO-46130,DN-3349,Dominican Republic,PMO - US,From RDC,N/A - From RDC,Air,2013-03-18,2013-04-29,2013-10-29,2013-10-16,2013-10-29,ARV,Adult,SCMS from RDC,"Nevirapine 200mg, tablets, 60 Tabs",Nevirapine,Generic,200mg,Tablet,60,288,650.88,2.26,0.04,Hetero Unit III Hyderabad IN,False,61.0,3026.24,0.81
8268,84294,111-MZ-T30,FPQ-11884,SO-44866,DN-3350,Mozambique,PMO - US,From RDC,N/A - From RDC,Truck,2013-03-19,2013-05-15,2013-11-15,2013-10-08,2013-10-18,ARV,Adult,SCMS from RDC,"Zidovudine 300mg, tablets, 60 Tabs",Zidovudine,Generic,300mg,Tablet,60,21410,133812.5,6.25,0.1,Hetero Unit III Hyderabad IN,False,668.5,5192.68,165.53
8269,84295,103-DO-T30,FPQ-11920,SO-46140,DN-3356,Dominican Republic,PMO - US,From RDC,N/A - From RDC,Air,2013-03-18,2013-05-26,2013-11-26,2013-10-10,2013-10-29,ARV,Adult,SCMS from RDC,"Lamivudine/Zidovudine 150/300mg, tablets, 60 Tabs",Lamivudine/Zidovudine,Generic,150/300mg,Tablet - FDC,60,15080,105560.0,7.0,0.12,"Cipla, Goa, India",True,1212.0,15181.0,130.58
8270,84296,109-TZ-T30,FPQ-12015,SO-44980,DN-3347,Tanzania,PMO - US,From RDC,N/A - From RDC,Truck,2013-04-02,2013-04-30,2013-10-31,2013-11-04,2013-11-06,ARV,Pediatric,SCMS from RDC,"Nevirapine 10mg/ml, oral suspension w/syringe, Bottle, 100 ml",Nevirapine,Generic,10mg/ml,Oral suspension,100,56540,73502.0,1.3,0.01,"Aurobindo Unit III, India",False,668.5,3623.2,90.92
8271,84297,110-ZM-T30,FPQ-12066,SO-45091,DN-3361,Zambia,PMO - US,From RDC,N/A - From RDC,Truck,2013-04-19,2013-05-29,2013-11-29,2013-11-29,2013-12-12,ARV,Adult,SCMS from RDC,"Nevirapine 200mg, tablets, 60 Tabs",Nevirapine,Generic,200mg,Tablet,60,9984,22563.84,2.26,0.04,"Cipla, Goa, India",False,668.5,6476.695,27.91
8272,84298,104-CI-T30,FPQ-11253,SO-44210,DN-3371,Côte d'Ivoire,PMO - US,From RDC,N/A - From RDC,Truck,2012-12-14,2013-04-30,2013-10-31,2013-10-22,2013-11-19,ARV,Adult,SCMS from RDC,"Lopinavir/Ritonavir 200/50mg, tablets, 120 Tabs",Lopinavir/Ritonavir,Generic,200/50mg,Tablet,120,6269,131649.0,21.0,0.18,Mylan (formerly Matrix) Nashik,False,668.5,6757.815,162.85
8273,84299,104-CI-T30,FPQ-11253,SO-44210,DN-3371,Côte d'Ivoire,PMO - US,From RDC,N/A - From RDC,Truck,2012-12-14,2013-04-30,2013-10-31,2013-10-22,2013-11-19,ARV,Adult,SCMS from RDC,"Lamivudine/Nevirapine/Zidovudine 150/200/300mg, tablets, 60 Tabs",Lamivudine/Nevirapine/Zidovudine,Generic,150/300/200mg,Tablet - FDC,60,14300,118118.0,8.26,0.14,"Cipla, Goa, India",False,668.5,6757.815,146.11
8274,84302,110-ZM-T30,FPQ-12087,SO-45100,DN-3396,Zambia,PMO - US,From RDC,N/A - From RDC,Truck,2013-04-19,2013-07-24,2014-01-24,2014-01-24,2014-03-17,ARV,Adult,SCMS from RDC,"Lopinavir/Ritonavir 200/50mg, tablets, 120 Tabs",Lopinavir/Ritonavir,Generic,200/50mg,Tablet,120,46009,942264.32,20.48,0.17,Mylan (formerly Matrix) Nashik,True,22534.0,30981.39,1165.58
8275,84303,107-RW-T30,FPQ-12190,SO-45400,DN-3399,Rwanda,PMO - US,From RDC,N/A - From RDC,Truck,2013-05-06,2013-05-29,2013-11-29,2013-11-29,2013-12-23,ARV,Adult,SCMS from RDC,"Lamivudine/Nevirapine/Zidovudine 150/200/300mg, tablets, 60 Tabs",Lamivudine/Nevirapine/Zidovudine,Generic,150/300/200mg,Tablet - FDC,60,89520,768081.6,8.58,0.14,"Aurobindo Unit III, India",True,10238.0,13380.52,950.12
8276,84304,109-TZ-T30,FPQ-13042,SO-46680,DN-3401,Tanzania,PMO - US,From RDC,N/A - From RDC,Truck,2013-10-01,2013-06-26,2013-12-26,2013-12-16,2014-01-17,ARV,Adult,SCMS from RDC,"Nevirapine 200mg, tablets, 60 Tabs",Nevirapine,Generic,200mg,Tablet,60,59498,134465.48,2.26,0.04,"Aurobindo Unit III, India",False,668.5,3623.2,166.33
8277,84305,104-CI-T30,FPQ-12800,SO-46360,DN-3418,Côte d'Ivoire,PMO - US,From RDC,N/A - From RDC,Air,2013-08-09,2013-06-16,2013-12-16,2013-12-02,2013-12-20,ARV,Adult,SCMS from RDC,"Abacavir 300mg, tablets, 60 Tabs",Abacavir,Generic,300mg,Tablet,60,9300,106578.0,11.46,0.19,"Aurobindo Unit III, India",False,550.0,4063.81,131.84
8278,84306,105-GY-T30,FPQ-12619,SO-46100,DN-3409,Guyana,PMO - US,From RDC,N/A - From RDC,Air,2013-07-16,2013-06-30,2013-12-31,2013-11-30,2013-12-23,ARV,Adult,SCMS from RDC,"Emtricitabine/Tenofovir Disoproxil Fumarate 200/300mg, tablets, 30 Tabs",Emtricitabine/Tenofovir Disoproxil Fumarate,Generic,200/300mg,Tablet - FDC,30,3402,19969.74,5.87,0.2,"Aurobindo Unit III, India",True,392.0,4523.0,24.7
8279,84307,107-RW-T30,FPQ-12190,SO-45401,DN-3424,Rwanda,PMO - US,From RDC,N/A - From RDC,Truck,2013-05-06,2013-05-29,2013-11-29,2014-02-05,2014-02-24,ARV,Pediatric,SCMS from RDC,"Lamivudine 10mg/ml, oral solution w/syringe, Bottle, 240 ml",Lamivudine,Generic,10mg/ml,Oral solution,240,5233,7587.85,1.45,0.01,"Aurobindo Unit III, India",True,1855.0,6638.3,9.39
8280,84308,105-GY-T30,FPQ-12619,SO-46090,DN-3425,Guyana,PMO - US,From RDC,N/A - From RDC,Air,2013-07-16,2013-06-30,2013-12-31,2013-12-02,2013-12-20,ARV,Pediatric,SCMS from RDC,"Efavirenz 200mg, scored tablets, 90 Tabs",Efavirenz,Generic,200mg,Tablet,90,96,892.8,9.3,0.1,"Strides, Bangalore, India.",False,29.5,1924.4650000000001,1.1
8281,84309,151-NG-T30,FPQ-11864,SO-44930,DN-3434,Nigeria,PMO - US,From RDC,N/A - From RDC,Air Charter,2013-03-14,2013-06-30,2013-12-31,2013-11-26,2013-12-05,ARV,Adult,SCMS from RDC,"Lamivudine/Nevirapine/Zidovudine 150/200/300mg, tablets, 60 Tabs",Lamivudine/Nevirapine/Zidovudine,Generic,150/300/200mg,Tablet - FDC,60,67334,577725.72,8.58,0.14,"Aurobindo Unit III, India",True,8716.0,26340.0,714.65
8282,84311,113-ZW-T30,FPQ-11545,SO-44361,DN-3460,Zimbabwe,PMO - US,From RDC,N/A - From RDC,Truck,2013-01-24,2013-06-30,2013-12-31,2014-01-13,2014-01-29,ARV,Adult,SCMS from RDC,"Lamivudine/Tenofovir Disoproxil Fumarate 300/300mg, tablets, 30 Tabs",Lamivudine/Tenofovir Disoproxil Fumarate,Generic,300/300mg,Tablet - FDC,30,39360,189321.6,4.81,0.16,Hetero Unit III Hyderabad IN,True,4174.0,10900.0,234.19
8283,84312,104-CI-T30,FPQ-12800,SO-46370,DN-3470,Côte d'Ivoire,PMO - US,From RDC,N/A - From RDC,Air,2013-08-09,2013-06-16,2013-12-16,2013-12-16,2014-01-20,ARV,Pediatric,SCMS from RDC,"Lamivudine/Nevirapine/Zidovudine 30/50/60mg, dispersible tablets, 60 Tabs",Lamivudine/Nevirapine/Zidovudine,Generic,30/50/60mg,Chewable/dispersible tablet - FDC,60,5800,22562.0,3.89,0.06,"Strides, Bangalore, India.",True,248.0,2431.36,27.91
8284,84313,106-HT-T30,FPQ-13296,SO-47260,DN-3462,Haiti,PMO - US,From RDC,N/A - From RDC,Air,2013-11-22,2013-06-24,2013-12-24,2013-12-27,2014-01-17,ARV,Adult,SCMS from RDC,"Lopinavir/Ritonavir 200/50mg, tablets, 120 Tabs",Lopinavir/Ritonavir,Generic,200/50mg,Tablet,120,1865,38195.2,20.48,0.17,Mylan (formerly Matrix) Nashik,True,497.0,5819.7,39.26
8285,84314,104-CI-T30,FPQ-12800,SO-46340,DN-3469,Côte d'Ivoire,PMO - US,From RDC,N/A - From RDC,Air,2013-08-09,2013-07-22,2014-01-22,2013-12-16,2014-01-20,ARV,Adult,SCMS from RDC,"Lamivudine/Tenofovir Disoproxil Fumarate 300/300mg, tablets, 30 Tabs",Lamivudine/Tenofovir Disoproxil Fumarate,Generic,300/300mg,Tablet - FDC,30,7130,33511.0,4.7,0.16,"Aurobindo Unit VII, IN",True,669.0,2431.39,41.45
8286,84319,102-BI-T30,FPQ-12602,SO-46020,DN-3381,Burundi,PMO - US,From RDC,N/A - From RDC,Air,2013-07-09,2013-05-15,2013-11-15,2013-11-22,2014-01-21,ARV,Adult,SCMS from RDC,"Lopinavir/Ritonavir 200/50mg, tablets, 120 Tabs",Lopinavir/Ritonavir,Generic,200/50mg,Tablet,120,88,1848.0,21.0,0.18,Mylan (formerly Matrix) Nashik,True,95.0,771.9,2.29
8287,84320,151-NG-T30,FPQ-12801,SO-46530,DN-3489,Nigeria,PMO - US,From RDC,N/A - From RDC,Air Charter,2013-08-06,2013-07-31,2014-01-31,2014-01-10,2014-01-15,ARV,Pediatric,SCMS from RDC,"Lamivudine/Zidovudine 30/60mg, tablets, 60 Tabs",Lamivudine/Zidovudine,Generic,30/60mg,Tablet - FDC,60,11605,24950.75,2.15,0.04,Mylan (formerly Matrix) Nashik,True,935.0,49199.75,30.86
8288,84321,107-RW-T30,FPQ-13457,SO-47480,DN-3492,Rwanda,PMO - US,From RDC,N/A - From RDC,Truck,2013-12-18,2013-08-28,2014-02-28,2014-02-25,2014-03-07,ARV,Pediatric,SCMS from RDC,"Efavirenz 200mg, scored tablets, 90 Tabs",Efavirenz,Generic,200mg,Tablet,90,2586,24049.8,9.3,0.1,"Strides, Bangalore, India.",True,164.0,2737.75,24.72
8289,84322,103-SS-T30,FPQ-13173,SO-47110,DN-3493,South Sudan,PMO - US,From RDC,N/A - From RDC,Air,2013-10-28,2013-07-22,2014-01-22,2014-02-11,2014-02-13,ARV,Adult,SCMS from RDC,"Nevirapine 200mg, tablets, 60 Tabs",Nevirapine,Generic,200mg,Tablet,60,378,854.28,2.26,0.04,"Aurobindo Unit III, India",True,613.0,6333.0,0.88
8290,84323,107-RW-T30,FPQ-12766,SO-46483,DN-3497,Rwanda,PMO - US,From RDC,N/A - From RDC,Truck,2013-08-02,2013-07-31,2014-01-31,2014-02-03,2014-02-24,ARV,Adult,SCMS from RDC,"Lamivudine/Tenofovir Disoproxil Fumarate 300/300mg, tablets, 30 Tabs",Lamivudine/Tenofovir Disoproxil Fumarate,Generic,300/300mg,Tablet - FDC,30,1303,6124.1,4.7,0.16,Mylan (formerly Matrix) Nashik,False,668.5,7173.3,7.58
8291,84328,104-CI-T30,FPQ-12800,SO-46351,DN-3511,Côte d'Ivoire,PMO - US,From RDC,N/A - From RDC,Air,2013-08-09,2013-07-31,2014-01-31,2014-02-18,2014-03-04,ARV,Pediatric,SCMS from RDC,"Abacavir/Lamivudine 60/30mg, tablets, 60 Tabs",Abacavir/Lamivudine,Generic,60/30mg,Tablet - FDC,60,9500,38000.0,4.0,0.07,"Aurobindo Unit III, India",True,449.0,3051.95,47.01
8292,84329,114-UG-T30,FPQ-12253,SO-45520,DN-3516,Uganda,PMO - US,From RDC,N/A - From RDC,Air,2013-05-08,2013-07-31,2014-01-31,2014-02-17,2014-03-04,ARV,Pediatric,SCMS from RDC,"Abacavir/Lamivudine 60/30mg, tablets, 60 Tabs",Abacavir/Lamivudine,Generic,60/30mg,Tablet - FDC,60,1864,7456.0,4.0,0.07,"Aurobindo Unit III, India",True,89.0,790.29,9.22
8293,84332,109-TZ-T30,FPQ-12587,SO-45999,DN-3531,Tanzania,PMO - US,From RDC,N/A - From RDC,Truck,2013-07-04,2013-07-31,2014-01-31,2014-02-19,2014-02-24,ARV,Adult,SCMS from RDC,"Abacavir 300mg, tablets, 60 Tabs",Abacavir,Generic,300mg,Tablet,60,11022,125209.92,11.36,0.19,"Aurobindo Unit III, India",False,1976.0,3623.2,154.88
8294,84333,111-MZ-T30,FPQ-12416,SO-45898,DN-3537,Mozambique,PMO - US,From RDC,N/A - From RDC,Truck,2013-06-28,2013-08-28,2014-02-28,2014-02-19,2014-03-19,ARV,Adult,SCMS from RDC,"Lamivudine/Nevirapine/Zidovudine 150/200/300mg, tablets, 60 Tabs",Lamivudine/Nevirapine/Zidovudine,Generic,150/300/200mg,Tablet - FDC,60,164250,1409265.0,8.58,0.14,"Strides, Bangalore, India.",True,19164.0,14509.09,1743.26
8295,84334,151-NG-T30,FPQ-11864,SO-44920,DN-3540,Nigeria,PMO - US,From RDC,N/A - From RDC,Air Charter,2013-03-14,2013-08-28,2014-02-28,2014-02-10,2014-02-19,ARV,Pediatric,SCMS from RDC,"Abacavir/Lamivudine 60/30mg, tablets, 60 Tabs",Abacavir/Lamivudine,Generic,60/30mg,Tablet - FDC,60,2085,8340.0,4.0,0.07,"Aurobindo Unit III, India",True,122.0,30936.1,10.32
8296,84335,151-NG-T30,FPQ-12248,SO-45664,DN-3541,Nigeria,PMO - US,From RDC,N/A - From RDC,Air Charter,2013-05-06,2013-08-28,2014-02-28,2014-02-10,2014-02-19,ARV,Adult,SCMS from RDC,"Efavirenz/Lamivudine/Tenofovir Disoproxil Fumarate 600/300/300mg, tablets, 30 Tabs",Efavirenz/Lamivudine/Tenofovir Disoproxil Fumarate,Generic,600/300/300mg,Tablet - FDC,30,89490,972756.3,10.87,0.36,Mylan (formerly Matrix) Nashik,True,11280.0,30936.1,1203.3
8297,84336,111-MZ-T30,FPQ-13123,SO-47081,DN-3558,Mozambique,PMO - US,From RDC,N/A - From RDC,Truck,2013-10-21,2013-10-15,2014-04-15,2014-03-28,2014-04-04,ARV,Adult,SCMS from RDC,"Nevirapine 200mg, tablets, 60 Tabs",Nevirapine,Generic,200mg,Tablet,60,1330,3005.8,2.26,0.04,Hetero Unit III Hyderabad IN,False,416.0,5192.68,3.09
8298,84337,101-CD-T30,FPQ-13554,SO-47630,DN-3561,"Congo, DRC",PMO - US,From RDC,N/A - From RDC,Air,2014-01-15,2013-11-30,2014-05-30,2014-05-19,2014-06-26,ARV,Pediatric,SCMS from RDC,"Nevirapine 10mg/ml, oral suspension w/syringe, Bottle, 240 ml",Nevirapine,Generic,10mg/ml,Oral suspension,240,440,818.4,1.86,0.01,"Aurobindo Unit III, India",False,27.0,2346.5699999999997,0.84
8299,84339,111-MZ-T30,FPQ-12421,SO-45900,DN-3564,Mozambique,PMO - US,From RDC,N/A - From RDC,Truck,2013-06-28,2013-09-28,2014-03-28,2014-03-28,2014-04-04,ARV,Adult,SCMS from RDC,"Efavirenz/Lamivudine/Tenofovir Disoproxil Fumarate 600/300/300mg, tablets, 30 Tabs",Efavirenz/Lamivudine/Tenofovir Disoproxil Fumarate,Generic,600/300/300mg,Tablet - FDC,30,180194,1958708.78,10.87,0.36,"Aurobindo Unit VII, IN",True,13739.0,0.0,2422.92
8300,84341,104-CI-T30,FPQ-11253,SO-44221,DN-3566,Côte d'Ivoire,PMO - US,From RDC,N/A - From RDC,Truck,2012-12-14,2013-10-11,2014-04-11,2014-04-11,2014-04-28,ARV,Adult,SCMS from RDC,"Lamivudine/Zidovudine 150/300mg, tablets, 60 Tabs",Lamivudine/Zidovudine,Generic,150/300mg,Tablet - FDC,60,70300,473119.0,6.73,0.11,Mylan (formerly Matrix) Nashik,True,5565.0,23776.42,585.25
8301,84342,104-CI-T30,FPQ-12800,SO-46361,DN-3567,Côte d'Ivoire,PMO - US,From RDC,N/A - From RDC,Air,2013-08-09,2013-09-28,2014-03-28,2014-03-26,2014-04-28,ARV,Pediatric,SCMS from RDC,"Zidovudine 10mg/ml, oral solution w/syringe, Bottle, 240 ml",Zidovudine,Generic,10mg/ml,Oral solution,240,2867,6020.7,2.1,0.01,"Aurobindo Unit III, India",True,5752.0,18607.76,7.45
8302,84343,103-ZW-T30,FPQ-13109,SO-46960,DN-3572,Zimbabwe,PMO - US,From RDC,N/A - From RDC,Truck,2013-10-17,2013-09-30,2014-03-31,2014-03-24,2014-04-04,ARV,Pediatric,SCMS from RDC,"Abacavir 20mg/ml, oral solution w/syringe, Bottle, 240 ml",Abacavir,Generic,20mg/ml,Oral solution,240,595,5063.45,8.51,0.04,"Aurobindo Unit III, India",True,236.0,7300.0,5.21
8303,84344,107-RW-T30,FPQ-12766,SO-46480,DN-3579,Rwanda,PMO - US,From RDC,N/A - From RDC,Truck,2013-08-02,2013-09-28,2014-03-28,2014-04-02,2014-04-14,ARV,Adult,SCMS from RDC,"Lamivudine/Nevirapine/Zidovudine 150/200/300mg, tablets, 60 Tabs",Lamivudine/Nevirapine/Zidovudine,Generic,150/300/200mg,Tablet - FDC,60,49998,412983.48,8.26,0.14,"Aurobindo Unit III, India",False,668.5,7173.3,510.86
8304,84345,111-MZ-T30,FPQ-13123,SO-47083,DN-3580,Mozambique,PMO - US,From RDC,N/A - From RDC,Truck,2013-10-21,2013-10-15,2014-04-15,2014-04-14,2014-04-17,ARV,Adult,SCMS from RDC,"Lamivudine/Nevirapine/Zidovudine 150/200/300mg, tablets, 60 Tabs",Lamivudine/Nevirapine/Zidovudine,Generic,150/300/200mg,Tablet - FDC,60,54997,454275.22,8.26,0.14,"Aurobindo Unit III, India",False,668.5,5192.68,466.99
8305,84346,111-MZ-T30,FPQ-13123,SO-47083,DN-3580,Mozambique,PMO - US,From RDC,N/A - From RDC,Truck,2013-10-21,2013-10-15,2014-04-15,2014-04-14,2014-04-17,ARV,Adult,SCMS from RDC,"Efavirenz/Lamivudine/Tenofovir Disoproxil Fumarate 600/300/300mg, tablets, 30 Tabs",Efavirenz/Lamivudine/Tenofovir Disoproxil Fumarate,Generic,600/300/300mg,Tablet - FDC,30,4629,51613.35,11.15,0.37,"Aurobindo Unit VII, IN",False,668.5,5192.68,53.06
8306,84347,103-SS-T30,FPQ-13173,SO-47100,DN-3581,South Sudan,PMO - US,From RDC,N/A - From RDC,Air,2013-10-28,2013-09-30,2014-03-31,2014-03-21,2014-03-26,ARV,Adult,SCMS from RDC,"Lopinavir/Ritonavir 200/50mg, tablets, 120 Tabs",Lopinavir/Ritonavir,Generic,200/50mg,Tablet,120,507,10175.49,20.07,0.17,"Aurobindo Unit III, India",False,185.0,2575.925,10.46
8307,84348,105-GY-T30,FPQ-13071,SO-46800,DN-3585,Guyana,PMO - US,From RDC,N/A - From RDC,Air,2013-10-09,2013-09-30,2014-03-31,2014-04-03,2014-06-06,ARV,Adult,SCMS from RDC,"Lamivudine/Zidovudine 150/300mg, tablets, 60 Tabs",Lamivudine/Zidovudine,Generic,150/300mg,Tablet - FDC,60,287,2009.0,7.0,0.12,Mylan (formerly Matrix) Nashik,False,668.5,1924.4650000000001,2.07
8308,84349,105-GY-T30,FPQ-13071,SO-46800,DN-3585,Guyana,PMO - US,From RDC,N/A - From RDC,Air,2013-10-09,2013-09-30,2014-03-31,2014-04-03,2014-06-06,ARV,Pediatric,SCMS from RDC,"Zidovudine 10mg/ml, oral solution w/syringe, Bottle, 240 ml",Zidovudine,Generic,10mg/ml,Oral solution,240,190,399.0,2.1,0.01,"Aurobindo Unit III, India",False,668.5,1924.4650000000001,0.41
8309,84350,105-GH-T30,FPQ-13609,SO-47930,DN-3590,Ghana,PMO - US,From RDC,N/A - From RDC,Air,2014-02-19,2013-10-07,2014-04-07,2014-04-07,2014-04-17,ARV,Adult,SCMS from RDC,"Efavirenz/Lamivudine/Tenofovir Disoproxil Fumarate 600/300/300mg, tablets, 30 Tabs",Efavirenz/Lamivudine/Tenofovir Disoproxil Fumarate,Generic,600/300/300mg,Tablet - FDC,30,16834,182985.58,10.87,0.36,Mylan (formerly Matrix) Nashik,True,5447.0,38560.67,188.11
8310,84351,104-CI-T30,FPQ-12800,SO-46430,DN-3599,Côte d'Ivoire,PMO - US,From RDC,N/A - From RDC,Truck,2013-08-09,2013-10-30,2014-04-30,2014-04-14,2014-05-22,ARV,Adult,SCMS from RDC,"Tenofovir Disoproxil Fumarate 300mg, tablets, 30 Tabs",Tenofovir Disoproxil Fumarate,Generic,300mg,Tablet,30,4400,17776.0,4.04,0.13,Mylan (formerly Matrix) Nashik,True,11043.0,39329.03,21.99
8311,84353,151-NG-T30,FPQ-13293,SO-47281,DN-3622,Nigeria,PMO - US,From RDC,N/A - From RDC,Air Charter,2013-11-19,2013-11-06,2014-05-06,2014-04-17,2014-05-02,ARV,Pediatric,SCMS from RDC,"Lamivudine/Zidovudine 30/60mg, tablets, 60 Tabs",Lamivudine/Zidovudine,Generic,30/60mg,Tablet - FDC,60,10819,23260.85,2.15,0.04,Mylan (formerly Matrix) Nashik,True,411.0,29674.91,23.91
8312,84354,105-GY-T30,FPQ-13567,SO-47730,DN-3626,Guyana,PMO - US,From RDC,N/A - From RDC,Air,2014-01-16,2013-12-30,2014-06-30,2014-04-14,2014-06-06,ARV,Pediatric,SCMS from RDC,"Zidovudine 10mg/ml, oral solution w/syringe, Bottle, 240 ml",Zidovudine,Generic,10mg/ml,Oral solution,240,176,369.6,2.1,0.01,"Aurobindo Unit III, India",False,668.5,1924.4650000000001,0.38
8313,84355,111-MZ-T30,FPQ-13123,SO-47084,DN-3627,Mozambique,PMO - US,From RDC,N/A - From RDC,Truck,2013-10-21,2013-12-03,2014-06-03,2014-06-03,2014-06-11,ARV,Adult,SCMS from RDC,"Lamivudine/Nevirapine/Zidovudine 150/200/300mg, tablets, 60 Tabs",Lamivudine/Nevirapine/Zidovudine,Generic,150/300/200mg,Tablet - FDC,60,100000,811000.0,8.11,0.14,Hetero Unit III Hyderabad IN,False,9389.5,5192.68,833.71
8314,84356,111-MZ-T30,FPQ-13124,SO-47041,DN-3628,Mozambique,PMO - US,From RDC,N/A - From RDC,Truck,2013-10-21,2013-12-14,2014-06-14,2014-06-24,2014-07-14,ARV,Adult,SCMS from RDC,"Efavirenz/Lamivudine/Tenofovir Disoproxil Fumarate 600/300/300mg, tablets, 30 Tabs",Efavirenz/Lamivudine/Tenofovir Disoproxil Fumarate,Generic,600/300/300mg,Tablet - FDC,30,127671,1423531.65,11.15,0.37,Hetero Unit III Hyderabad IN,False,668.5,5192.68,1463.39
8315,84357,105-GY-T30,FPQ-13567,SO-47740,DN-3640,Guyana,PMO - US,From RDC,N/A - From RDC,Air,2014-01-16,2013-12-30,2014-06-30,2014-04-25,2014-05-13,ARV,Pediatric,SCMS from RDC,"Abacavir 20mg/ml, oral solution w/syringe, Bottle, 240 ml",Abacavir,Generic,20mg/ml,Oral solution,240,36,301.68,8.38,0.03,"Aurobindo Unit III, India",True,22.0,892.96,0.31
8316,84358,107-RW-T30,FPQ-12766,SO-46486,DN-3641,Rwanda,PMO - US,From RDC,N/A - From RDC,Truck,2013-08-02,2013-11-05,2014-05-05,2014-05-06,2014-06-20,ARV,Adult,SCMS from RDC,"Lamivudine/Nevirapine/Zidovudine 150/200/300mg, tablets, 60 Tabs",Lamivudine/Nevirapine/Zidovudine,Generic,150/300/200mg,Tablet - FDC,60,15862,128640.82,8.11,0.14,"Aurobindo Unit III, India",True,1851.0,5445.73,159.13
8317,84359,107-RW-T30,FPQ-12766,SO-46485,DN-3642,Rwanda,PMO - US,From RDC,N/A - From RDC,Truck,2013-08-02,2013-11-05,2014-05-05,2014-06-06,2014-06-20,ARV,Adult,SCMS from RDC,"Efavirenz/Lamivudine/Tenofovir Disoproxil Fumarate 600/300/300mg, tablets, 30 Tabs",Efavirenz/Lamivudine/Tenofovir Disoproxil Fumarate,Generic,600/300/300mg,Tablet - FDC,30,30205,325609.9,10.78,0.36,Mylan (formerly Matrix) Nashik,False,668.5,7173.3,402.78
8318,84360,110-ZM-T30,FPQ-13221,SO-47201,DN-3648,Zambia,PMO - US,From RDC,N/A - From RDC,Truck,2013-10-31,2013-11-06,2014-05-06,2014-05-19,2014-06-12,ARV,Adult,SCMS from RDC,"Lamivudine/Tenofovir Disoproxil Fumarate 300/300mg, tablets, 30 Tabs",Lamivudine/Tenofovir Disoproxil Fumarate,Generic,300/300mg,Tablet - FDC,30,27900,129456.0,4.64,0.15,Ranbaxy per Shasun Pharma Ltd,True,17018.0,19564.23,133.08
8319,84361,101-CD-T30,FPQ-13554,SO-47631,DN-3654,"Congo, DRC",PMO - US,From RDC,N/A - From RDC,Air,2014-01-15,2014-02-15,2014-08-15,2014-08-15,2014-09-05,ARV,Adult,SCMS from RDC,"Zidovudine 300mg, tablets, 60 Tabs",Zidovudine,Generic,300mg,Tablet,60,1000,5500.0,5.5,0.09,"Aurobindo Unit III, India",True,204.0,3298.78,5.65
8320,84362,104-CI-T30,FPQ-13142,SO-47130,DN-3655,Côte d'Ivoire,PMO - US,From RDC,N/A - From RDC,Truck,2013-10-22,2013-10-21,2014-04-21,2014-05-01,2014-06-11,ARV,Adult,SCMS from RDC,"Abacavir/Lamivudine 600/300mg, scored tablets, 30 Tabs",Abacavir/Lamivudine,Generic,600/300mg,Tablet - FDC,30,489,6611.28,13.52,0.45,Mylan (formerly Matrix) Nashik,False,1036.5,6757.815,6.8
8321,84366,111-MZ-T30,FPQ-13123,SO-47086,DN-3695,Mozambique,PMO - US,From RDC,N/A - From RDC,Truck,2013-10-21,2014-01-31,2014-07-31,2014-07-25,2014-09-05,ARV,Adult,SCMS from RDC,"Lamivudine/Nevirapine/Zidovudine 150/200/300mg, tablets, 60 Tabs",Lamivudine/Nevirapine/Zidovudine,Generic,150/300/200mg,Tablet - FDC,60,74623,605192.53,8.11,0.14,"Cipla, Goa, India",True,10073.0,7048.57,622.14
8322,84367,107-RW-T30,FPQ-12766,SO-46501,DN-3699,Rwanda,PMO - US,From RDC,N/A - From RDC,Truck,2013-08-02,2013-12-27,2014-06-27,2014-07-06,2014-08-05,ARV,Adult,SCMS from RDC,"Lamivudine/Tenofovir Disoproxil Fumarate 300/300mg, tablets, 30 Tabs",Lamivudine/Tenofovir Disoproxil Fumarate,Generic,300/300mg,Tablet - FDC,30,53705,249191.2,4.64,0.15,Hetero Unit III Hyderabad IN,True,5565.0,34837.8,308.25
8323,84368,104-CI-T30,FPQ-13142,SO-47155,DN-3708,Côte d'Ivoire,PMO - US,From RDC,N/A - From RDC,Truck,2013-10-22,2013-12-04,2014-06-04,2014-06-03,2014-06-11,ARV,Pediatric,SCMS from RDC,"Zidovudine 10mg/ml, oral solution w/syringe, Bottle, 240 ml",Zidovudine,Generic,10mg/ml,Oral solution,240,6738,14149.8,2.1,0.01,"Aurobindo Unit III, India",True,2720.0,32022.51,14.55
8324,84369,109-TZ-T30,FPQ-12587,SO-46006,DN-3709,Tanzania,PMO - US,From RDC,N/A - From RDC,Truck,2013-07-04,2013-12-30,2014-06-30,2014-06-10,2014-06-12,ARV,Adult,SCMS from RDC,"Emtricitabine/Tenofovir Disoproxil Fumarate 200/300mg, tablets, 30 Tabs",Emtricitabine/Tenofovir Disoproxil Fumarate,Generic,200/300mg,Tablet - FDC,30,34733,199367.42,5.74,0.19,Mylan (formerly Matrix) Nashik,True,2746.0,5989.25,246.62
8325,84370,109-TZ-T30,FPQ-13566,SO-47652,DN-3643,Tanzania,PMO - US,From RDC,N/A - From RDC,Truck,2014-01-15,2013-12-30,2014-06-30,2014-06-06,2014-06-20,ARV,Adult,SCMS from RDC,"Efavirenz/Emtricitabine/Tenofovir Disoproxil Fumarate 600/200/300mg, tablets, 30 Tabs",Efavirenz/Emtricitabine/Tenofovir Disoproxil Fumarate,Generic,600/200/300mg,Tablet - FDC,30,43479,516965.31,11.89,0.4,Mylan (formerly Matrix) Nashik,True,4874.0,12435.18,531.44
8326,84371,102-BI-T30,FPQ-13627,SO-47670,DN-3712,Burundi,PMO - US,From RDC,N/A - From RDC,Air,2014-01-24,2013-11-30,2014-05-30,2014-06-25,2014-07-01,ARV,Adult,SCMS from RDC,"Lopinavir/Ritonavir 200/50mg, tablets, 120 Tabs",Lopinavir/Ritonavir,Generic,200/50mg,Tablet,120,200,4008.0,20.04,0.17,Mylan (formerly Matrix) Nashik,False,22.0,3544.4849999999997,4.12
8327,84372,102-BI-T30,FPQ-12602,SO-46023,DN-3739,Burundi,PMO - US,From RDC,N/A - From RDC,Air,2013-07-09,2013-12-16,2014-06-16,2014-06-04,2014-07-09,ARV,Adult,SCMS from RDC,"Lopinavir/Ritonavir 200/50mg, tablets, 120 Tabs",Lopinavir/Ritonavir,Generic,200/50mg,Tablet,120,112,2207.52,19.71,0.16,Mylan (formerly Matrix) Nashik,False,24.0,3544.4849999999997,2.73
8328,84373,111-MZ-T30,FPQ-13123,SO-47092,DN-3752,Mozambique,PMO - US,From RDC,N/A - From RDC,Truck,2013-10-21,2014-01-31,2014-07-31,2014-07-25,2014-09-05,ARV,Adult,SCMS from RDC,"Lamivudine/Stavudine 150/30mg, tablets, 60 Tabs",Lamivudine/Stavudine,Generic,150/30mg,Tablet - FDC,60,24768,61672.32,2.49,0.04,Hetero Unit III Hyderabad IN,True,20019.0,11701.65,63.4
8329,84374,109-TZ-T30,FPQ-13042,SO-46701,DN-3762,Tanzania,PMO - US,From RDC,N/A - From RDC,Air,2013-10-01,2014-01-31,2014-07-31,2014-09-25,2014-10-06,ARV,Pediatric,SCMS from RDC,"Nevirapine 10mg/ml, oral suspension w/syringe, Bottle, 100 ml",Nevirapine,Generic,10mg/ml,Oral suspension,100,43293,56280.9,1.3,0.01,"Aurobindo Unit III, India",False,668.5,8925.0,69.62
8330,84376,110-ZM-T30,FPQ-13221,SO-47200,DN-3888,Zambia,PMO - US,From RDC,N/A - From RDC,Truck,2013-10-31,2014-02-28,2014-08-29,2014-09-23,2014-10-17,ARV,Adult,SCMS from RDC,"Lamivudine/Tenofovir Disoproxil Fumarate 300/300mg, tablets, 30 Tabs",Lamivudine/Tenofovir Disoproxil Fumarate,Generic,300/300mg,Tablet - FDC,30,17801,82418.63,4.63,0.15,"Aurobindo Unit VII, IN",True,1667.0,1966.09,84.73
8331,84380,104-CI-T30,FPQ-13628,SO-47871,DN-3897,Côte d'Ivoire,PMO - US,From RDC,N/A - From RDC,Truck,2014-01-29,2014-03-30,2014-09-30,2014-09-08,2014-09-19,ARV,Pediatric,SCMS from RDC,"Lamivudine/Zidovudine 30/60mg, dispersible tablets, 60 Tabs",Lamivudine/Zidovudine,Generic,30/60mg,Chewable/dispersible tablet - FDC,60,697,1387.03,1.99,0.03,"Cipla, Goa, India",True,47.0,270.74,1.43
8332,84381,110-ZM-T30,FPQ-14105,SO-48652,DN-3877,Zambia,PMO - US,From RDC,N/A - From RDC,Truck,2014-04-16,2014-03-04,2014-09-04,2014-09-23,2014-10-17,ARV,Adult,SCMS from RDC,"Lamivudine/Zidovudine 150/300mg, tablets, 60 Tabs",Lamivudine/Zidovudine,Generic,150/300mg,Tablet - FDC,60,35000,228200.0,6.52,0.11,Hetero Unit III Hyderabad IN,False,2657.0,6476.695,234.59
8333,84382,151-NG-T30,FPQ-12801,SO-46540,DN-3790,Nigeria,PMO - US,From RDC,N/A - From RDC,Air Charter,2013-08-06,2013-12-30,2014-06-30,2014-06-20,2014-06-25,ARV,Pediatric,SCMS from RDC,"Abacavir/Lamivudine 60/30mg, tablets, 60 Tabs",Abacavir/Lamivudine,Generic,60/30mg,Tablet - FDC,60,27137,110990.33,4.09,0.07,Mylan (formerly Matrix) Nashik,True,1169.0,28812.58,137.3
8334,84384,104-CI-T30,FPQ-13142,SO-47135,DN-3798,Côte d'Ivoire,PMO - US,From RDC,N/A - From RDC,Truck,2013-10-22,2014-01-09,2014-07-09,2014-07-09,2014-08-07,ARV,Adult,SCMS from RDC,"Abacavir/Lamivudine 600/300mg, tablets, 30 Tabs",Abacavir/Lamivudine,Generic,600/300mg,Tablet - FDC,30,71,959.92,13.52,0.45,"Cipla, Patalganga, India",True,7.0,22.29,0.99
8335,84385,104-CI-T30,FPQ-13628,SO-47870,DN-3799,Côte d'Ivoire,PMO - US,From RDC,N/A - From RDC,Truck,2014-01-29,2014-01-15,2014-07-15,2014-07-09,2014-08-07,ARV,Pediatric,SCMS from RDC,"Lamivudine/Zidovudine 30/60mg, tablets, 60 Tabs",Lamivudine/Zidovudine,Generic,30/60mg,Tablet - FDC,60,7303,14532.97,1.99,0.03,Mylan (formerly Matrix) Nashik,True,277.0,2286.63,14.94
8336,84386,102-BI-T30,FPQ-14112,SO-48610,DN-3804,Burundi,PMO - US,From RDC,N/A - From RDC,Air,2014-04-18,2014-01-31,2014-07-31,2014-07-25,2014-08-01,ARV,Adult,SCMS from RDC,"Lamivudine/Nevirapine/Zidovudine 150/200/300mg, tablets, 60 Tabs",Lamivudine/Nevirapine/Zidovudine,Generic,150/300/200mg,Tablet - FDC,60,1056,8564.16,8.11,0.14,Hetero Unit III Hyderabad IN,True,155.0,994.25,8.8
8337,84388,107-RW-T30,FPQ-14111,SO-48811,DN-3814,Rwanda,PMO - US,From RDC,N/A - From RDC,Truck,2014-04-22,2014-06-30,2014-12-31,2014-08-14,2014-08-15,ARV,Pediatric,SCMS from RDC,"Abacavir 20mg/ml, oral solution w/syringe, Bottle, 240 ml",Abacavir,Generic,20mg/ml,Oral solution,240,800,6800.0,8.5,0.04,"Aurobindo Unit III, India",True,297.0,2282.79,6.99
8338,84389,105-GY-T30,FPQ-14042,SO-48510,DN-3817,Guyana,PMO - US,From RDC,N/A - From RDC,Air,2014-04-09,2014-03-30,2014-09-30,2014-08-29,2014-09-08,ARV,Adult,SCMS from RDC,"Emtricitabine/Tenofovir Disoproxil Fumarate 200/300mg, tablets, 30 Tabs",Emtricitabine/Tenofovir Disoproxil Fumarate,Generic,200/300mg,Tablet - FDC,30,2238,12846.12,5.74,0.19,"Aurobindo Unit III, India",False,668.5,1924.4650000000001,13.21
8339,84390,110-ZM-T30,FPQ-13692,SO-47991,DN-3822,Zambia,PMO - US,From RDC,N/A - From RDC,Truck,2014-02-06,2014-01-14,2014-07-14,2014-09-03,2014-10-06,ARV,Pediatric,SCMS from RDC,"Abacavir/Lamivudine 60/30mg, tablets, 60 Tabs",Abacavir/Lamivudine,Generic,60/30mg,Tablet - FDC,60,18027,73730.43,4.09,0.07,"Aurobindo Unit III, India",True,1228.0,1765.18,75.79
8340,84391,103-ZW-T30,FPQ-13967,SO-48431,DN-3824,Zimbabwe,PMO - US,From RDC,N/A - From RDC,Truck,2014-04-02,2014-05-30,2014-11-30,2014-06-29,2014-08-04,ARV,Pediatric,SCMS from RDC,"Lamivudine/Zidovudine 30/60mg, tablets, 60 Tabs",Lamivudine/Zidovudine,Generic,30/60mg,Tablet - FDC,60,23999,47758.01,1.99,0.03,Mylan (formerly Matrix) Nashik,True,1069.0,7500.0,49.1
8341,84392,113-ZW-T30,FPQ-13508,SO-47540,DN-3825,Zimbabwe,PMO - US,From RDC,N/A - From RDC,Truck,2013-12-24,2014-03-30,2014-09-30,2014-06-29,2014-08-04,ARV,Adult,SCMS from RDC,"Lamivudine/Tenofovir Disoproxil Fumarate 300/300mg, tablets, 30 Tabs",Lamivudine/Tenofovir Disoproxil Fumarate,Generic,300/300mg,Tablet - FDC,30,140000,648200.0,4.63,0.15,Hetero Unit III Hyderabad IN,False,16424.0,6721.705,666.35
8342,84394,101-CD-T30,FPQ-14252,SO-48860,DN-3836,"Congo, DRC",PMO - US,From RDC,N/A - From RDC,Air,2014-05-07,2014-03-24,2014-09-24,2014-10-28,2014-12-04,ARV,Adult,SCMS from RDC,"Nevirapine 200mg, tablets, 60 Tabs",Nevirapine,Generic,200mg,Tablet,60,2725,5940.5,2.18,0.04,Hetero Unit III Hyderabad IN,False,668.5,2346.5699999999997,6.11
8343,84395,114-UG-T30,FPQ-13693,SO-47850,DN-3841,Uganda,PMO - US,From RDC,N/A - From RDC,Truck,2014-02-07,2014-01-31,2014-07-31,2014-07-15,2014-07-17,ARV,Adult,SCMS from RDC,"Lopinavir/Ritonavir 200/50mg [Aluvia], tablets, 120 Tabs",Lopinavir/Ritonavir,Aluvia,200/50mg,Tablet,120,3426,69273.72,20.22,0.17,ABBVIE Ludwigshafen Germany,True,698.0,2676.0,71.21
8344,84396,105-GY-T30,FPQ-14042,SO-48520,DN-3844,Guyana,PMO - US,From RDC,N/A - From RDC,Air,2014-04-09,2014-03-30,2014-09-30,2014-07-30,2014-09-05,ARV,Adult,SCMS from RDC,"Lopinavir/Ritonavir 200/50mg, tablets, 120 Tabs",Lopinavir/Ritonavir,Generic,200/50mg,Tablet,120,1603,31595.13,19.71,0.16,Mylan (formerly Matrix) Nashik,False,668.5,1924.4650000000001,32.48
8345,84398,111-MZ-T30,FPQ-13123,SO-47080,DN-3828,Mozambique,PMO - US,From RDC,N/A - From RDC,Truck,2013-10-21,2014-02-28,2014-08-29,2014-11-05,2014-11-07,ARV,Adult,SCMS from RDC,"Lamivudine/Stavudine 150/30mg, tablets, 60 Tabs",Lamivudine/Stavudine,Generic,150/30mg,Tablet - FDC,60,5232,13027.68,2.49,0.04,"Strides, Bangalore, India.",False,470.0,5192.68,13.39
8346,84407,100-ZM-T30,FPQ-13679,SO-48010,DN-3860,Zambia,PMO - US,From RDC,N/A - From RDC,Truck,2014-02-02,2014-01-31,2014-07-31,2014-09-23,2014-10-06,ARV,Adult,SCMS from RDC,"Abacavir 300mg, tablets, 60 Tabs",Abacavir,Generic,300mg,Tablet,60,5432,61001.36,11.23,0.19,Mylan (formerly Matrix) Nashik,True,506.0,635.95,62.71
8347,84408,110-ZM-T30,FPQ-13221,SO-47206,DN-3876,Zambia,PMO - US,From RDC,N/A - From RDC,Truck,2013-10-31,2014-02-28,2014-08-29,2014-09-23,2014-10-06,ARV,Adult,SCMS from RDC,"Lamivudine/Tenofovir Disoproxil Fumarate 300/300mg, tablets, 30 Tabs",Lamivudine/Tenofovir Disoproxil Fumarate,Generic,300/300mg,Tablet - FDC,30,14055,65074.65,4.63,0.15,"Cipla, Kurkumbh, India",True,1406.0,1335.02,66.9
8348,84409,151-NG-T30,FPQ-13293,SO-47274,DN-3913,Nigeria,PMO - US,From RDC,N/A - From RDC,Air Charter,2013-11-19,2014-03-30,2014-09-30,2014-09-03,2014-09-05,ARV,Adult,SCMS from RDC,"Lamivudine/Nevirapine/Zidovudine 150/200/300mg, tablets, 60 Tabs",Lamivudine/Nevirapine/Zidovudine,Generic,150/300/200mg,Tablet - FDC,60,6,48.66,8.11,0.14,"Aurobindo Unit III, India",True,6589.0,26731.0,0.05
8349,84410,151-NG-T30,FPQ-13293,SO-47280,DN-3917,Nigeria,PMO - US,From RDC,N/A - From RDC,Air Charter,2013-11-19,2014-03-30,2014-09-30,2014-09-03,2014-09-05,ARV,Adult,SCMS from RDC,"Lamivudine/Zidovudine 150/300mg, tablets, 60 Tabs",Lamivudine/Zidovudine,Generic,150/300mg,Tablet - FDC,60,105344,708965.12,6.73,0.11,"Aurobindo Unit III, India",True,10622.0,61850.0,728.82
8350,84412,110-ZM-T30,FPQ-13692,SO-47993,DN-3942,Zambia,PMO - US,From RDC,N/A - From RDC,Truck,2014-02-06,2014-04-30,2014-10-31,2014-10-10,2014-10-29,ARV,Adult,SCMS from RDC,"Zidovudine 300mg, tablets, 60 Tabs",Zidovudine,Generic,300mg,Tablet,60,1240,6919.2,5.58,0.09,"Aurobindo Unit III, India",True,73.0,4937.65,7.11
8351,84413,111-MZ-T30,FPQ-14226,SO-48884,DN-3944,Mozambique,PMO - US,From RDC,N/A - From RDC,Truck,2014-05-02,2014-06-30,2014-12-31,2014-10-28,2014-11-13,ARV,Adult,SCMS from RDC,"Tenofovir Disoproxil Fumarate 300mg, tablets, 30 Tabs",Tenofovir Disoproxil Fumarate,Generic,300mg,Tablet,30,80,302.4,3.78,0.13,Hetero Unit III Hyderabad IN,False,19.0,5192.68,0.31
8352,84415,107-RW-T30,FPQ-14111,SO-48770,DN-3948,Rwanda,PMO - US,From RDC,N/A - From RDC,Air,2014-04-22,2014-04-15,2014-10-15,2014-10-14,2014-10-20,ARV,Pediatric,SCMS from RDC,"Abacavir/Lamivudine 60/30mg, dispersible tablets, 60 Tabs",Abacavir/Lamivudine,Generic,60/30mg,Chewable/dispersible tablet - FDC,60,8953,45570.77,5.09,0.08,"Cipla, Patalganga, India",True,805.0,6220.48,46.85
8353,84416,110-ZM-T30,FPQ-14162,SO-48672,DN-3950,Zambia,PMO - US,From RDC,N/A - From RDC,Truck,2014-04-24,2014-04-30,2014-10-31,2014-10-02,2014-10-22,ARV,Adult,SCMS from RDC,"Lamivudine/Zidovudine 150/300mg, tablets, 60 Tabs",Lamivudine/Zidovudine,Generic,150/300mg,Tablet - FDC,60,79914,527432.4,6.6,0.11,"Aurobindo Unit III, India",True,7194.0,9410.57,542.2
8354,84417,110-ZM-T30,FPQ-13692,SO-47990,DN-3951,Zambia,PMO - US,From RDC,N/A - From RDC,Truck,2014-02-06,2014-04-30,2014-10-31,2014-10-02,2014-10-22,ARV,Pediatric,SCMS from RDC,"Abacavir/Lamivudine 60/30mg, tablets, 60 Tabs",Abacavir/Lamivudine,Generic,60/30mg,Tablet - FDC,60,25000,100000.0,4.0,0.07,Mylan (formerly Matrix) Nashik,False,2348.0,6476.695,102.8
8355,84418,111-MZ-T30,FPQ-14226,SO-48885,DN-3957,Mozambique,PMO - US,From RDC,N/A - From RDC,Truck,2014-05-02,2014-06-30,2014-12-31,2014-12-01,2014-12-01,ARV,Adult,SCMS from RDC,"Lamivudine/Tenofovir Disoproxil Fumarate 300/300mg, tablets, 30 Tabs",Lamivudine/Tenofovir Disoproxil Fumarate,Generic,300/300mg,Tablet - FDC,30,20673,95922.72,4.64,0.15,Hetero Unit III Hyderabad IN,False,668.5,5192.68,98.61
8356,84420,107-RW-T30,FPQ-13812,SO-48160,DN-3969,Rwanda,PMO - US,From RDC,N/A - From RDC,Truck,2014-03-04,2014-04-01,2014-10-01,2014-11-12,2014-11-13,ARV,Adult,SCMS from RDC,"Nevirapine 200mg, tablets, 60 Tabs",Nevirapine,Generic,200mg,Tablet,60,178258,402863.08,2.26,0.04,"Aurobindo Unit III, India",True,17140.0,23340.84,414.14
8357,84422,101-CD-T30,FPQ-14576,SO-49290,DN-3975,"Congo, DRC",PMO - US,From RDC,N/A - From RDC,Air,2014-07-14,2014-07-30,2015-01-30,2015-02-18,2015-02-23,ARV,Pediatric,SCMS from RDC,"Lamivudine/Zidovudine 30/60mg, dispersible tablets, 60 Tabs",Lamivudine/Zidovudine,Generic,30/60mg,Chewable/dispersible tablet - FDC,60,800,1592.0,1.99,0.03,"Cipla, Goa, India",False,98.0,2346.5699999999997,1.64
8358,84423,151-NG-T30,FPQ-14156,SO-48904,DN-3995,Nigeria,PMO - US,From RDC,N/A - From RDC,Air Charter,2014-04-25,2014-04-30,2014-10-31,2014-10-30,2014-11-03,ARV,Adult,SCMS from RDC,"Lamivudine/Zidovudine 150/300mg, tablets, 60 Tabs",Lamivudine/Zidovudine,Generic,150/300mg,Tablet - FDC,60,76832,500944.64,6.52,0.11,Mylan (formerly Matrix) Nashik,True,6780.0,14251.0,514.97
8359,84424,151-NG-T30,FPQ-14156,SO-48906,DN-4000,Nigeria,PMO - US,From RDC,N/A - From RDC,Air Charter,2014-04-25,2014-05-28,2014-11-28,2014-10-30,2014-11-03,ARV,Adult,SCMS from RDC,"Zidovudine 300mg, tablets, 60 Tabs",Zidovudine,Generic,300mg,Tablet,60,7526,41393.0,5.5,0.09,"Aurobindo Unit III, India",True,507.0,1263.0,42.55
8360,84425,102-BI-T30,FPQ-14112,SO-48620,DN-4003,Burundi,PMO - US,From RDC,N/A - From RDC,Air,2014-04-18,2014-05-20,2014-11-20,2014-11-20,2014-11-24,ARV,Adult,SCMS from RDC,"Efavirenz/Lamivudine/Tenofovir Disoproxil Fumarate 600/300/300mg, tablets, 30 Tabs",Efavirenz/Lamivudine/Tenofovir Disoproxil Fumarate,Generic,600/300/300mg,Tablet - FDC,30,3240,33210.0,10.25,0.34,"Aurobindo Unit VII, IN",True,614.0,4373.84,34.14
8361,84426,107-RW-T30,FPQ-14811,SO-49941,DN-4011,Rwanda,PMO - US,From RDC,N/A - From RDC,Truck,2014-10-15,2014-07-14,2015-01-14,2014-11-13,2014-11-14,ARV,Pediatric,SCMS from RDC,"Lamivudine/Zidovudine 30/60mg, dispersible tablets, 60 Tabs",Lamivudine/Zidovudine,Generic,30/60mg,Chewable/dispersible tablet - FDC,60,1766,3514.34,1.99,0.03,"Cipla, Goa, India",True,152.0,1330.99,3.61
8362,84427,107-RW-T30,FPQ-14111,SO-48790,DN-4012,Rwanda,PMO - US,From RDC,N/A - From RDC,Truck,2014-04-22,2014-08-16,2015-02-16,2015-01-14,2015-01-19,ARV,Adult,SCMS from RDC,"Nevirapine 200mg, tablets, 60 Tabs",Nevirapine,Generic,200mg,Tablet,60,21739,48043.19,2.21,0.04,"Aurobindo Unit III, India",False,668.5,7173.3,49.39
8363,84429,114-UG-T30,FPQ-14396,SO-48973,DN-4019,Uganda,PMO - US,From RDC,N/A - From RDC,Truck,2014-06-04,2014-07-15,2015-01-15,2014-12-17,2014-12-22,ARV,Adult,SCMS from RDC,"Efavirenz 600mg, tablets, 30 Tabs",Efavirenz,Generic,600mg,Tablet,30,52500,168525.0,3.21,0.11,"Strides, Bangalore, India.",True,10119.0,6852.08,173.24
8364,84430,104-CI-T30,FPQ-13628,SO-47912,DN-4024,Côte d'Ivoire,PMO - US,From RDC,N/A - From RDC,Truck,2014-01-29,2014-07-30,2015-01-30,2015-02-11,2015-02-16,ARV,Adult,SCMS from RDC,"Lopinavir/Ritonavir 200/50mg, tablets, 120 Tabs",Lopinavir/Ritonavir,Generic,200/50mg,Tablet,120,10275,213720.0,20.8,0.17,"Aurobindo Unit III, India",False,668.5,6757.815,219.7
8365,84432,107-RW-T30,FPQ-14811,SO-49951,DN-4040,Rwanda,PMO - US,From RDC,N/A - From RDC,Truck,2014-10-15,2014-07-14,2015-01-14,2014-12-24,2015-01-05,ARV,Pediatric,SCMS from RDC,"Abacavir/Lamivudine 60/30mg, dispersible tablets, 60 Tabs",Abacavir/Lamivudine,Generic,60/30mg,Chewable/dispersible tablet - FDC,60,3238,16481.42,5.09,0.08,"Cipla, Patalganga, India",False,668.5,7173.3,16.94
8366,84433,114-UG-T30,FPQ-14396,SO-48993,DN-4041,Uganda,PMO - US,From RDC,N/A - From RDC,Truck,2014-06-04,2014-08-16,2015-02-16,2015-01-24,2015-02-03,ARV,Pediatric,SCMS from RDC,"Abacavir/Lamivudine 60/30mg, tablets, 60 Tabs",Abacavir/Lamivudine,Generic,60/30mg,Tablet - FDC,60,2368,9685.12,4.09,0.07,"Aurobindo Unit III, India",False,668.5,5458.45,9.96
8367,84434,107-RW-T30,FPQ-14893,SO-49980,DN-4042,Rwanda,PMO - US,From RDC,N/A - From RDC,Air,2014-10-15,2014-07-27,2015-01-27,2015-01-09,2015-01-19,ARV,Pediatric,SCMS from RDC,"Nevirapine 10mg/ml, oral suspension w/syringe, Bottle, 240 ml",Nevirapine,Generic,10mg/ml,Oral suspension,240,10401,15705.51,1.51,0.01,"Aurobindo Unit III, India",True,3880.0,28001.97,16.15
8368,84435,107-RW-T30,FPQ-14811,SO-49960,DN-4044,Rwanda,PMO - US,From RDC,N/A - From RDC,Truck,2014-10-15,2014-07-31,2015-01-31,2014-12-24,2014-12-31,ARV,Pediatric,SCMS from RDC,"Lamivudine/Nevirapine/Zidovudine 30/50/60mg, dispersible tablets, 60 Tabs",Lamivudine/Nevirapine/Zidovudine,Generic,30/50/60mg,Chewable/dispersible tablet - FDC,60,2196,7905.6,3.6,0.06,"Cipla, Goa, India",True,192.0,2232.42,8.13
8369,84437,104-CI-T30,FPQ-13628,SO-47881,DN-4063,Côte d'Ivoire,PMO - US,From RDC,N/A - From RDC,Truck,2014-01-29,2014-07-30,2015-01-30,2015-01-19,2015-01-27,ARV,Adult,SCMS from RDC,"Efavirenz/Lamivudine/Tenofovir Disoproxil Fumarate 600/300/300mg, tablets, 30 Tabs",Efavirenz/Lamivudine/Tenofovir Disoproxil Fumarate,Generic,600/300/300mg,Tablet - FDC,30,32884,320947.84,9.76,0.33,Hetero Unit III Hyderabad IN,True,4114.0,9264.13,329.93
8370,84441,106-HT-T30,FPQ-15610,SO-50590,DN-4090,Haiti,PMO - US,From RDC,N/A - From RDC,Air,2014-12-17,2014-07-30,2015-01-30,2015-02-13,2015-02-16,ARV,Adult,SCMS from RDC,"Lopinavir/Ritonavir 200/50mg [Aluvia], tablets, 120 Tabs",Lopinavir/Ritonavir,Aluvia,200/50mg,Tablet,120,2000,37800.0,18.9,0.16,ABBVIE Ludwigshafen Germany,True,457.0,5413.7,44.49
8371,84442,111-MZ-T30,FPQ-14843,SO-49710,DN-4096,Mozambique,PMO - US,From RDC,N/A - From RDC,Truck,2014-08-21,2014-08-28,2015-02-28,2015-03-13,2015-03-17,ARV,Adult,SCMS from RDC,"Efavirenz/Lamivudine/Tenofovir Disoproxil Fumarate 600/300/300mg, tablets, 30 Tabs",Efavirenz/Lamivudine/Tenofovir Disoproxil Fumarate,Generic,600/300/300mg,Tablet - FDC,30,438409,4278871.84,9.76,0.33,"Aurobindo Unit VII, IN",False,668.5,5192.68,4398.68
8372,84443,151-NG-T30,FPQ-14156,SO-48893,DN-4098,Nigeria,PMO - US,From RDC,N/A - From RDC,Air Charter,2014-04-25,2014-07-30,2015-01-30,2015-01-14,2015-01-20,ARV,Adult,SCMS from RDC,"Lamivudine/Nevirapine/Zidovudine 150/200/300mg, tablets, 60 Tabs",Lamivudine/Nevirapine/Zidovudine,Generic,150/300/200mg,Tablet - FDC,60,335999,2593912.28,7.72,0.13,Mylan (formerly Matrix) Nashik,True,47693.0,116593.0,2666.54
8373,84444,151-NG-T30,FPQ-14156,SO-48893,DN-4098,Nigeria,PMO - US,From RDC,N/A - From RDC,Air Charter,2014-04-25,2014-07-30,2015-01-30,2015-01-14,2015-01-20,ARV,Adult,SCMS from RDC,"Lamivudine/Nevirapine/Zidovudine 150/200/300mg, tablets, 60 Tabs",Lamivudine/Nevirapine/Zidovudine,Generic,150/300/200mg,Tablet - FDC,60,1,7.72,7.72,0.13,"Cipla, Goa, India",False,63.0,12601.07,0.01
8374,84445,114-UG-T30,FPQ-15638,SO-50630,DN-4109,Uganda,PMO - US,From RDC,N/A - From RDC,Air,2014-12-22,2014-08-17,2015-02-17,2015-02-09,2015-02-17,ARV,Adult,SCMS from RDC,"Nevirapine 200mg, tablets, 60 Tabs",Nevirapine,Generic,200mg,Tablet,60,74896,163273.28,2.18,0.04,"Aurobindo Unit III, India",True,7183.0,41735.0,192.17
8375,84446,110-ZM-T30,FPQ-14784,SO-49580,DN-4110,Zambia,PMO - US,From RDC,N/A - From RDC,Truck,2014-08-12,2014-08-28,2015-02-28,2015-02-19,2015-02-20,ARV,Pediatric,SCMS from RDC,"Lamivudine/Zidovudine 30/60mg, dispersible tablets, 60 Tabs",Lamivudine/Zidovudine,Generic,30/60mg,Chewable/dispersible tablet - FDC,60,4000,7960.0,1.99,0.03,"Mylan,  H-12 & H-13, India",True,312.0,274.51,8.18
8376,84447,110-ZM-T30,FPQ-14784,SO-49630,DN-4111,Zambia,PMO - US,From RDC,N/A - From RDC,Truck,2014-08-12,2014-09-30,2015-03-31,2015-02-19,2015-02-20,ARV,Adult,SCMS from RDC,"Efavirenz 600mg, tablets, 30 Tabs",Efavirenz,Generic,600mg,Tablet,30,65000,208650.0,3.21,0.11,"Micro labs, Verna, Goa, India",False,5883.5,6476.695,214.49
8377,84448,113-ZW-T30,FPQ-14458,SO-49170,DN-4112,Zimbabwe,PMO - US,From RDC,N/A - From RDC,Truck,2014-06-13,2014-09-06,2015-03-06,2015-02-06,2015-02-06,ARV,Adult,SCMS from RDC,"Efavirenz/Lamivudine/Tenofovir Disoproxil Fumarate 600/300/300mg, tablets, 30 Tabs",Efavirenz/Lamivudine/Tenofovir Disoproxil Fumarate,Generic,600/300/300mg,Tablet - FDC,30,400000,3904000.0,9.76,0.33,Hetero Unit III Hyderabad IN,True,75284.0,77960.08,4013.31
8378,84449,110-ZM-T30,FPQ-14575,SO-49282,DN-4117,Zambia,PMO - US,From RDC,N/A - From RDC,Truck,2014-07-11,2014-08-27,2015-02-27,2015-02-19,2015-02-20,ARV,Adult,SCMS from RDC,"Lamivudine/Zidovudine 150/300mg, tablets, 60 Tabs",Lamivudine/Zidovudine,Generic,150/300mg,Tablet - FDC,60,71377,465378.04,6.52,0.11,Hetero Unit III Hyderabad IN,True,11342.0,15715.08,478.41
8379,84450,104-CI-T30,FPQ-14370,SO-49080,DN-4137,Côte d'Ivoire,PMO - US,From RDC,N/A - From RDC,Truck,2014-05-23,2014-08-27,2015-02-27,2015-03-11,2015-03-30,ARV,Adult,SCMS from RDC,"Lamivudine/Zidovudine 150/300mg, tablets, 60 Tabs",Lamivudine/Zidovudine,Generic,150/300mg,Tablet - FDC,60,5,32.6,6.52,0.11,"Aurobindo Unit III, India",True,1683.0,6443.5,0.03
8380,84451,107-RW-T30,FPQ-15632,SO-50730,DN-4141,Rwanda,PMO - US,From RDC,N/A - From RDC,Air,2014-12-23,2014-09-10,2015-03-10,2015-03-27,2015-03-30,ARV,Pediatric,SCMS from RDC,"Lamivudine/Nevirapine/Zidovudine 30/50/60mg, dispersible tablets, 60 Tabs",Lamivudine/Nevirapine/Zidovudine,Generic,30/50/60mg,Chewable/dispersible tablet - FDC,60,10000,36000.0,3.6,0.06,Mylan (formerly Matrix) Nashik,True,558.0,3989.81,42.37
8381,84454,110-ZM-T30,FPQ-14575,SO-49280,DN-4154,Zambia,PMO - US,From RDC,N/A - From RDC,Truck,2014-07-11,2014-08-27,2015-02-27,2015-03-25,2015-03-26,ARV,Adult,SCMS from RDC,"Lamivudine/Zidovudine 150/300mg, tablets, 60 Tabs",Lamivudine/Zidovudine,Generic,150/300mg,Tablet - FDC,60,54000,352080.0,6.52,0.11,"Hetero, Jadcherla, unit 5, IN",True,28276.0,46157.86,361.94
8382,84455,102-ZW-T30,FPQ-15196,SO-50000,DN-4156,Zimbabwe,PMO - US,From RDC,N/A - From RDC,Truck,2014-10-16,2014-10-30,2015-04-30,2015-03-17,2015-03-18,ARV,Adult,SCMS from RDC,"Efavirenz/Lamivudine/Tenofovir Disoproxil Fumarate 600/300/300mg, tablets, 30 Tabs",Efavirenz/Lamivudine/Tenofovir Disoproxil Fumarate,Generic,600/300/300mg,Tablet - FDC,30,94661,908745.6,9.6,0.32,Mylan (formerly Matrix) Nashik,False,668.5,6721.705,1069.59
8383,84456,103-ZW-T30,FPQ-13967,SO-48420,DN-4159,Zimbabwe,PMO - US,From RDC,N/A - From RDC,Truck,2014-04-02,2014-09-30,2015-03-31,2015-03-17,2015-03-19,ARV,Pediatric,SCMS from RDC,"Abacavir/Lamivudine 60/30mg, tablets, 60 Tabs",Abacavir/Lamivudine,Generic,60/30mg,Tablet - FDC,60,6180,24411.0,3.95,0.07,"Aurobindo Unit III, India",False,668.5,6721.705,25.09
8384,84460,102-BI-T30,FPQ-15406,SO-50280,DN-4178,Burundi,PMO - US,From RDC,N/A - From RDC,Air,2014-11-19,2014-11-29,2015-05-29,2015-03-25,2015-03-30,ARV,Adult,SCMS from RDC,"Efavirenz/Lamivudine/Tenofovir Disoproxil Fumarate 600/300/300mg, tablets, 30 Tabs",Efavirenz/Lamivudine/Tenofovir Disoproxil Fumarate,Generic,600/300/300mg,Tablet - FDC,30,7380,73726.2,9.99,0.33,Mylan (formerly Matrix) Nashik,True,1115.0,7006.47,86.78
8385,84461,151-NG-T30,FPQ-14766,SO-51090,DN-4190,Nigeria,PMO - US,From RDC,N/A - From RDC,Air Charter,2014-08-13,2014-10-30,2015-04-30,2015-03-18,2015-03-20,ARV,Adult,SCMS from RDC,"Efavirenz/Lamivudine/Tenofovir Disoproxil Fumarate 600/300/300mg, tablets, 30 Tabs",Efavirenz/Lamivudine/Tenofovir Disoproxil Fumarate,Generic,600/300/300mg,Tablet - FDC,30,84991,815913.6,9.6,0.32,"Aurobindo Unit VII, IN",True,38799.0,65310.33,838.76
8386,84465,114-UG-T30,FPQ-15294,SO-50050,DN-4218,Uganda,PMO - US,From RDC,N/A - From RDC,Truck,2014-11-03,2014-12-15,2015-06-15,2015-05-14,2015-05-15,ARV,Pediatric,SCMS from RDC,"Lamivudine/Zidovudine 30/60mg, dispersible tablets, 60 Tabs",Lamivudine/Zidovudine,Generic,30/60mg,Chewable/dispersible tablet - FDC,60,8193,15730.56,1.92,0.03,"Mylan,  H-12 & H-13, India",False,668.5,5458.45,18.51
8387,84466,111-MZ-T30,FPQ-15229,SO-50490,DN-4247,Mozambique,PMO - US,From RDC,N/A - From RDC,Truck,2014-10-17,2014-12-30,2015-06-30,2015-06-09,2015-06-15,ARV,Adult,SCMS from RDC,"Abacavir/Lamivudine 600/300mg, tablets, 30 Tabs",Abacavir/Lamivudine,Generic,600/300mg,Tablet - FDC,30,5000,67450.0,13.49,0.45,Mylan (formerly Matrix) Nashik,True,517.0,708.23,79.39
8388,84467,104-CI-T30,FPQ-15259,SO-50100,DN-4255,Côte d'Ivoire,PMO - US,From RDC,N/A - From RDC,Truck,2014-10-24,2014-12-19,2015-06-19,2015-06-08,2015-06-19,ARV,Adult,SCMS from RDC,"Lamivudine/Nevirapine/Zidovudine 150/200/300mg, tablets, 60 Tabs",Lamivudine/Nevirapine/Zidovudine,Generic,150/300/200mg,Tablet - FDC,60,1963,15154.36,7.72,0.13,Hetero Unit III Hyderabad IN,False,668.5,6757.815,17.84
8389,84468,110-ZM-T30,FPQ-14784,SO-49622,DN-4257,Zambia,PMO - US,From RDC,N/A - From RDC,Truck,2014-08-12,2014-11-29,2015-05-29,2015-05-15,2015-05-15,ARV,Adult,SCMS from RDC,"Efavirenz/Lamivudine/Tenofovir Disoproxil Fumarate 600/300/300mg, tablets, 30 Tabs",Efavirenz/Lamivudine/Tenofovir Disoproxil Fumarate,Generic,600/300/300mg,Tablet - FDC,30,43000,412800.0,9.6,0.32,Hetero Unit III Hyderabad IN,True,68951.0,80039.1,424.36
8390,84469,151-NG-T30,FPQ-14989,SO-49936,DN-4261,Nigeria,PMO - US,From RDC,N/A - From RDC,Air Charter,2014-09-19,2014-12-30,2015-06-30,2015-04-29,2015-04-29,ARV,Adult,SCMS from RDC,"Efavirenz/Lamivudine/Tenofovir Disoproxil Fumarate 600/300/300mg, tablets, 30 Tabs",Efavirenz/Lamivudine/Tenofovir Disoproxil Fumarate,Generic,600/300/300mg,Tablet - FDC,30,290000,2784000.0,9.6,0.32,Hetero Unit III Hyderabad IN,True,37449.0,69097.98,2861.95
8391,84470,111-MZ-T30,FPQ-15195,SO-50123,DN-4264,Mozambique,PMO - US,From RDC,N/A - From RDC,Truck,2014-10-17,2014-12-30,2015-06-30,2015-06-22,2015-06-25,ARV,Adult,SCMS from RDC,"Lamivudine/Tenofovir Disoproxil Fumarate 300/300mg, tablets, 30 Tabs",Lamivudine/Tenofovir Disoproxil Fumarate,Generic,300/300mg,Tablet - FDC,30,5763,26625.06,4.62,0.15,Hetero Unit III Hyderabad IN,True,599.0,3610.0,31.34
8392,84471,151-NG-T30,FPQ-14989,SO-49939,DN-4269,Nigeria,PMO - US,From RDC,N/A - From RDC,Air Charter,2014-09-19,2014-12-30,2015-06-30,2015-04-28,2015-04-29,ARV,Adult,SCMS from RDC,"Lopinavir/Ritonavir 200/50mg [Aluvia], tablets, 120 Tabs",Lopinavir/Ritonavir,Aluvia,200/50mg,Tablet,120,19100,360990.0,18.9,0.16,ABBVIE Ludwigshafen Germany,True,4710.0,8228.24,371.1
8393,84472,151-NG-T30,FPQ-14989,SO-51422,DN-4274,Nigeria,PMO - US,From RDC,N/A - From RDC,Air Charter,2014-09-19,2014-12-30,2015-06-30,2015-05-15,2015-05-22,ARV,Pediatric,SCMS from RDC,"Lamivudine/Nevirapine/Zidovudine 30/50/60mg, dispersible tablets, 60 Tabs",Lamivudine/Nevirapine/Zidovudine,Generic,30/50/60mg,Chewable/dispersible tablet - FDC,60,112000,403200.0,3.6,0.06,"Strides, Bangalore, India.",True,6295.0,16941.0,414.49
8394,84473,151-NG-T30,FPQ-14989,SO-51425,DN-4278,Nigeria,PMO - US,From RDC,N/A - From RDC,Air Charter,2014-09-19,2014-12-30,2015-06-30,2015-05-15,2015-05-22,ARV,Adult,SCMS from RDC,"Zidovudine 300mg, tablets, 60 Tabs",Zidovudine,Generic,300mg,Tablet,60,1220,6502.6,5.33,0.09,"Aurobindo Unit III, India",False,169.0,12601.07,6.68
8395,84474,151-NG-T30,FPQ-14989,SO-51426,DN-4280,Nigeria,PMO - US,From RDC,N/A - From RDC,Air Charter,2014-09-19,2014-12-30,2015-06-30,2015-05-15,2015-05-22,ARV,Adult,SCMS from RDC,"Lamivudine/Nevirapine/Zidovudine 150/200/300mg, tablets, 60 Tabs",Lamivudine/Nevirapine/Zidovudine,Generic,150/300/200mg,Tablet - FDC,60,14000,108080.0,7.72,0.13,"Cipla, Goa, India",True,1983.0,4065.0,111.11
8396,84475,101-CD-T30,FPQ-16158,SO-51260,DN-4283,"Congo, DRC",PMO - US,From RDC,N/A - From RDC,Air,2015-03-31,2015-01-08,2015-07-08,2015-08-07,2015-08-27,ARV,Adult,SCMS from RDC,"Lamivudine/Nevirapine/Zidovudine 150/200/300mg, tablets, 60 Tabs",Lamivudine/Nevirapine/Zidovudine,Generic,150/300/200mg,Tablet - FDC,60,14329,110619.88,7.72,0.13,Hetero Unit III Hyderabad IN,False,668.5,2346.5699999999997,130.2
8397,84476,151-NG-T30,FPQ-14989,SO-51427,DN-4290,Nigeria,PMO - US,From RDC,N/A - From RDC,Air Charter,2014-09-19,2014-12-30,2015-06-30,2015-06-02,2015-06-17,ARV,Adult,SCMS from RDC,"Lamivudine/Nevirapine/Zidovudine 150/200/300mg, tablets, 60 Tabs",Lamivudine/Nevirapine/Zidovudine,Generic,150/300/200mg,Tablet - FDC,60,46695,360485.4,7.72,0.13,"Hetero, Jadcherla, unit 5, IN",False,668.5,12601.07,370.58
8398,84477,107-RW-T30,FPQ-15622,SO-50700,DN-4299,Rwanda,PMO - US,From RDC,N/A - From RDC,Truck,2014-12-22,2014-12-30,2015-06-30,2015-06-17,2015-06-29,ARV,Adult,SCMS from RDC,"Lamivudine/Zidovudine 150/300mg, tablets, 60 Tabs",Lamivudine/Zidovudine,Generic,150/300mg,Tablet - FDC,60,34858,227274.16,6.52,0.11,Hetero Unit III Hyderabad IN,True,3094.0,0.0,267.5
8399,84479,104-CI-T30,FPQ-15259,SO-50102,DN-4313,Côte d'Ivoire,PMO - US,From RDC,N/A - From RDC,Truck,2014-10-24,2015-01-31,2015-07-31,2015-08-06,2015-08-07,ARV,Adult,SCMS from RDC,"Lamivudine/Zidovudine 150/300mg, tablets, 60 Tabs",Lamivudine/Zidovudine,Generic,150/300mg,Tablet - FDC,60,18928,123410.56,6.52,0.11,"Aurobindo Unit III, India",False,668.5,6757.815,145.25
8400,84480,110-ZM-T30,FPQ-14784,SO-49600,DN-4316,Zambia,PMO - US,From RDC,N/A - From RDC,Truck,2014-08-12,2015-02-28,2015-08-31,2015-08-25,2015-09-03,ARV,Adult,SCMS from RDC,"Efavirenz/Lamivudine/Tenofovir Disoproxil Fumarate 600/300/300mg, tablets, 30 Tabs",Efavirenz/Lamivudine/Tenofovir Disoproxil Fumarate,Generic,600/300/300mg,Tablet - FDC,30,51335,512836.65,9.99,0.33,"Aurobindo Unit VII, IN",True,85128.0,0.0,527.2
8401,84481,110-ZM-T30,FPQ-14784,SO-49610,DN-4328,Zambia,PMO - US,From RDC,N/A - From RDC,Truck,2014-08-12,2015-02-17,2015-08-17,2015-08-25,2015-09-03,ARV,Adult,SCMS from RDC,"Abacavir 300mg, tablets, 60 Tabs",Abacavir,Generic,300mg,Tablet,60,80901,897192.09,11.09,0.18,Mylan (formerly Matrix) Nashik,False,668.5,0.0,922.31
8402,84497,154-NG-T30,FPQ-3815,SO-32270,DN-1311,Nigeria,PMO - US,From RDC,N/A - From RDC,Air Charter,2009-05-26,2009-01-30,2009-07-30,2009-08-04,2009-08-04,ARV,Adult,SCMS from RDC,"Zidovudine 300mg, tablets, 60 Tabs",Zidovudine,Generic,300mg,Tablet,60,98,737.94,7.53,0.13,"Aurobindo Unit III, India",False,22.0,12601.07,1.45
8403,84498,154-NG-T30,FPQ-3815,SO-32273,DN-1333,Nigeria,PMO - US,From RDC,N/A - From RDC,Air,2009-05-26,2009-03-17,2009-09-17,2009-09-14,2009-09-14,ARV,Adult,SCMS from RDC,"Lamivudine/Zidovudine 150/300mg, tablets, 60 Tabs",Lamivudine/Zidovudine,Generic,150/300mg,Tablet - FDC,60,316,2768.16,8.76,0.15,"Aurobindo Unit III, India",False,415.0,10144.765,5.43
8404,84499,154-NG-T30,FPQ-3815,SO-32273,DN-1333,Nigeria,PMO - US,From RDC,N/A - From RDC,Air,2009-05-26,2009-03-17,2009-09-17,2009-09-14,2009-09-14,ARV,Adult,SCMS from RDC,"Lamivudine/Nevirapine/Stavudine 150/200/30mg, tablets, 60 Tabs",Lamivudine/Nevirapine/Stavudine,Generic,150/200/30mg,Tablet - FDC,60,45,315.0,7.0,0.12,"Strides, Bangalore, India.",False,13.0,10144.765,0.62
8405,84500,154-NG-T30,FPQ-3815,SO-32272,DN-1360,Nigeria,PMO - US,From RDC,N/A - From RDC,Air Charter,2009-05-26,2009-02-28,2009-08-31,2009-08-04,2009-08-04,ARV,Pediatric,SCMS from RDC,"Efavirenz 200mg, capsule, 90 Caps",Efavirenz,Generic,200mg,Capsule,90,15,190.95,12.73,0.14,"Aurobindo Unit III, India",False,5256.0,12601.07,0.37
8406,84501,112-NG-T30,FPQ-4040,SO-32980,DN-1456,Nigeria,PMO - US,From RDC,N/A - From RDC,Air Charter,2009-07-29,2009-04-15,2009-10-15,2009-10-20,2009-10-20,ARV,Pediatric,SCMS from RDC,"Efavirenz 200mg, capsule, 90 Caps",Efavirenz,Generic,200mg,Capsule,90,200,2424.0,12.12,0.13,"Aurobindo Unit III, India",False,22.0,12601.07,4.75
8407,84502,104-CI-T30,FPQ-4187,SO-33660,DN-1477,Côte d'Ivoire,PMO - US,From RDC,N/A - From RDC,Air,2009-09-09,2009-04-23,2009-10-23,2009-10-16,2009-10-16,ARV,Adult,SCMS from RDC,"Nevirapine 200mg, tablets, 60 Tabs",Nevirapine,Generic,200mg,Tablet,60,7400,21460.0,2.9,0.05,"Aurobindo Unit III, India",True,714.0,2336.26,42.06
8408,84503,114-UG-T30,FPQ-4475,SO-34160,DN-1506,Uganda,PMO - US,From RDC,N/A - From RDC,Air,2009-09-02,2009-05-20,2009-11-20,2009-11-10,2009-11-10,ARV,Adult,SCMS from RDC,"Lamivudine/Zidovudine 150/300mg, tablets, 60 Tabs",Lamivudine/Zidovudine,Generic,150/300mg,Tablet - FDC,60,300,2628.0,8.76,0.15,"Aurobindo Unit III, India",False,42.0,2485.92,5.15
8409,84504,105-GY-T30,FPQ-4438,SO-34480,DN-1505,Guyana,PMO - US,From RDC,N/A - From RDC,Air,2009-10-15,2009-05-23,2009-11-23,2009-11-03,2009-11-03,ARV,Adult,SCMS from RDC,"Efavirenz 600mg, tablets, 30 Tabs",Efavirenz,Generic,600mg,Tablet,30,4737,27379.86,5.78,0.19,"Aurobindo Unit III, India",True,427.0,6061.01,59.03
8410,84505,105-GY-T30,FPQ-4438,SO-34480,DN-1505,Guyana,PMO - US,From RDC,N/A - From RDC,Air,2009-10-15,2009-05-23,2009-11-23,2009-11-03,2009-11-03,ARV,Adult,SCMS from RDC,"Lamivudine 150mg, tablets, 60 Tabs",Lamivudine,Generic,150mg,Tablet,60,455,1110.2,2.44,0.04,"Aurobindo Unit III, India",False,668.5,1924.4650000000001,2.39
8411,84506,104-CI-T30,FPQ-3964,SO-33040,DN-1510,Côte d'Ivoire,PMO - US,From RDC,N/A - From RDC,Air,2009-07-24,2009-06-01,2009-12-01,2009-11-05,2009-11-05,ARV,Adult,SCMS from RDC,"Lamivudine/Nevirapine/Stavudine 150/200/30mg, tablets, 60 Tabs",Lamivudine/Nevirapine/Stavudine,Generic,150/200/30mg,Tablet - FDC,60,19937,139559.0,7.0,0.12,"Strides, Bangalore, India.",True,5340.0,5028.04,273.54
8412,84507,123-NG-T30,FPQ-4395,SO-32971,DN-1519,Nigeria,PMO - US,From RDC,N/A - From RDC,Air Charter,2009-07-27,2009-06-18,2009-12-18,2009-12-18,2009-12-18,ARV,Adult,SCMS from RDC,"Efavirenz 600mg, tablets, 30 Tabs",Efavirenz,Generic,600mg,Tablet,30,77386,447291.08,5.78,0.19,"Aurobindo Unit III, India",False,668.5,12601.07,876.69
8413,84508,114-UG-T30,FPQ-4275,SO-33980,DN-1517,Uganda,PMO - US,From RDC,N/A - From RDC,Air,2009-09-17,2009-05-27,2009-11-27,2009-12-02,2009-12-02,ARV,Adult,SCMS from RDC,"Nevirapine 200mg, tablets, 60 Tabs",Nevirapine,Generic,200mg,Tablet,60,10453,30313.7,2.9,0.05,"Aurobindo Unit III, India",True,1001.0,3228.26,59.41
8414,84509,106-HT-T30,FPQ-4469,SO-34240,DN-1530,Haiti,PMO - US,From RDC,N/A - From RDC,Air,2009-09-23,2009-05-30,2009-11-30,2009-11-30,2009-11-30,ARV,Adult,SCMS from RDC,"Stavudine 15mg, capsules, 60 Caps",Stavudine,Generic,15mg,Capsule,60,108,162.0,1.5,0.02,"Aurobindo Unit III, India",False,78.0,2946.7200000000003,0.35
8415,84510,104-CI-T30,FPQ-4187,SO-33491,DN-1535,Côte d'Ivoire,PMO - US,From RDC,N/A - From RDC,Air,2009-09-09,2009-06-04,2009-12-04,2009-12-02,2009-12-02,ARV,Adult,SCMS from RDC,"Lamivudine 150mg, tablets, 60 Tabs",Lamivudine,Generic,150mg,Tablet,60,1833,4472.52,2.44,0.04,"Aurobindo Unit III, India",True,88.0,1211.48,8.77
8416,84511,104-CI-T30,FPQ-4378,SO-34411,DN-1545,Côte d'Ivoire,PMO - US,From RDC,N/A - From RDC,Air,2009-10-15,2009-06-04,2009-12-04,2009-12-02,2009-12-02,ARV,Pediatric,SCMS from RDC,"Zidovudine 100mg, capsules, 100 Caps",Zidovudine,Generic,100mg,Capsule,100,284,1420.0,5.0,0.05,"Aurobindo Unit III, India",True,22.0,1211.49,2.78
8417,84512,114-UG-T30,FPQ-4454,SO-34280,DN-1540,Uganda,PMO - US,From RDC,N/A - From RDC,Air,2009-09-25,2009-06-07,2009-12-07,2009-12-02,2009-12-02,ARV,Adult,SCMS from RDC,"Nevirapine 200mg, tablets, 60 Tabs",Nevirapine,Generic,200mg,Tablet,60,1300,3770.0,2.9,0.05,"Aurobindo Unit III, India",True,125.0,2697.65,7.39
8418,84513,104-CI-T30,FPQ-3964,SO-34750,DN-1547,Côte d'Ivoire,PMO - US,From RDC,N/A - From RDC,Air,2009-07-24,2009-06-10,2009-12-10,2009-12-02,2009-12-02,ARV,Adult,SCMS from RDC,"Efavirenz 600mg, tablets, 30 Tabs",Efavirenz,Generic,600mg,Tablet,30,8660,50054.8,5.78,0.19,"Aurobindo Unit III, India",True,742.0,1211.49,98.11
8419,84514,113-ZW-T30,FPQ-4472,SO-27200,DN-1554,Zimbabwe,PMO - US,From RDC,N/A - From RDC,Truck,2009-03-17,2009-06-18,2009-12-18,2009-12-07,2009-12-07,ARV,Adult,SCMS from RDC,"Lamivudine/Nevirapine/Stavudine 150/200/30mg, tablets, 60 Tabs",Lamivudine/Nevirapine/Stavudine,Generic,150/200/30mg,Tablet - FDC,60,76000,506160.0,6.66,0.11,"Cipla, Goa, India",True,8280.0,15328.58,992.07
8420,84515,151-NG-T30,FPQ-4105,SO-33142,DN-1563,Nigeria,PMO - US,From RDC,N/A - From RDC,Air Charter,2009-08-13,2009-06-18,2009-12-18,2009-12-18,2009-12-18,ARV,Adult,SCMS from RDC,"Lamivudine/Nevirapine/Zidovudine 150/200/300mg, tablets, 60 Tabs",Lamivudine/Nevirapine/Zidovudine,Generic,150/300/200mg,Tablet - FDC,60,11242,127596.7,11.35,0.19,"Aurobindo Unit III, India",True,1261.0,11637.64,250.09
8421,84516,106-HT-T30,FPQ-4384,SO-34670,DN-1559,Haiti,PMO - US,From RDC,N/A - From RDC,Air,2009-10-23,2009-06-09,2009-12-09,2009-12-01,2009-12-01,ARV,Adult,SCMS from RDC,"Stavudine 20mg, capsules, 60 Caps",Stavudine,Generic,20mg,Capsule,60,252,420.84,1.67,0.03,"Aurobindo Unit III, India",False,17.0,2946.7200000000003,0.91
8422,84517,106-HT-T30,FPQ-4384,SO-34670,DN-1559,Haiti,PMO - US,From RDC,N/A - From RDC,Air,2009-10-23,2009-06-09,2009-12-09,2009-12-01,2009-12-01,ARV,Adult,SCMS from RDC,"Stavudine 20mg, capsules, 60 Caps",Stavudine,Generic,20mg,Capsule,60,230,384.1,1.67,0.03,"Aurobindo Unit III, India",False,132.0,2946.7200000000003,0.83
8423,84518,151-NG-T30,FPQ-4105,SO-33143,DN-1564,Nigeria,PMO - US,From RDC,N/A - From RDC,Air Charter,2009-08-13,2009-06-18,2009-12-18,2009-12-18,2009-12-18,ARV,Adult,SCMS from RDC,"Emtricitabine/Tenofovir Disoproxil Fumarate 200/300mg, tablets, 30 Tabs",Emtricitabine/Tenofovir Disoproxil Fumarate,Generic,200/300mg,Tablet - FDC,30,63732,748851.0,11.75,0.39,Mylan (formerly Matrix) Nashik,True,5144.0,11637.64,1467.75
8424,84519,151-NG-T30,FPQ-4105,SO-33144,DN-1569,Nigeria,PMO - US,From RDC,N/A - From RDC,Air Charter,2009-08-13,2009-06-18,2009-12-18,2009-12-18,2009-12-18,ARV,Adult,SCMS from RDC,"Lamivudine/Tenofovir Disoproxil Fumarate 300/300mg, tablets, 30 Tabs",Lamivudine/Tenofovir Disoproxil Fumarate,Generic,300/300mg,Tablet - FDC,30,50040,500400.0,10.0,0.33,Mylan (formerly Matrix) Nashik,True,4161.0,11637.64,980.78
8425,84520,106-HT-T30,FPQ-4384,SO-34880,DN-1575,Haiti,PMO - US,From RDC,N/A - From RDC,Air,2009-10-23,2009-06-09,2009-12-09,2009-12-05,2009-12-05,ARV,Adult,SCMS from RDC,"Abacavir 300mg, tablets, 60 Tabs",Abacavir,Generic,300mg,Tablet,60,315,6747.3,21.42,0.36,"Aurobindo Unit III, India",True,1045.0,750.9,14.55
8426,84521,110-ZM-T30,FPQ-4481,SO-34180,DN-1578,Zambia,PMO - US,From RDC,N/A - From RDC,Truck,2009-07-14,2009-07-15,2010-01-15,2009-12-08,2009-12-08,ARV,Adult,SCMS from RDC,"Lamivudine/Zidovudine 150/300mg, tablets, 60 Tabs",Lamivudine/Zidovudine,Generic,150/300mg,Tablet - FDC,60,36760,322017.6,8.76,0.15,"Aurobindo Unit III, India",True,3294.0,9942.26,631.15
8427,84522,110-ZM-T30,FPQ-4035,SO-34930,DN-1583,Zambia,PMO - US,From RDC,N/A - From RDC,Truck,2009-08-05,2009-07-15,2010-01-15,2009-12-14,2009-12-14,ARV,Adult,SCMS from RDC,"Nevirapine 200mg, tablets, 60 Tabs",Nevirapine,Generic,200mg,Tablet,60,80000,232000.0,2.9,0.05,"Cipla, Goa, India",True,8756.0,13844.72,454.72
8428,84523,106-HT-T30,FPQ-4384,SO-34700,DN-1609,Haiti,PMO - US,From RDC,N/A - From RDC,Air,2009-10-23,2009-07-18,2010-01-18,2010-01-27,2010-01-27,ARV,Adult,SCMS from RDC,"Zidovudine 300mg, tablets, 60 Tabs",Zidovudine,Generic,300mg,Tablet,60,120,903.6,7.53,0.13,"Aurobindo Unit III, India",False,22.0,2946.7200000000003,1.95
8429,84524,105-GY-T30,FPQ-4915,SO-35700,DN-1637,Guyana,PMO - US,From RDC,N/A - From RDC,Air,2010-01-14,2009-08-26,2010-02-26,2010-02-09,2010-02-09,ARV,Adult,SCMS from RDC,"Nevirapine 200mg, tablets, 60 Tabs",Nevirapine,Generic,200mg,Tablet,60,2475,6756.75,2.73,0.05,"Aurobindo Unit III, India",True,347.0,4293.82,14.57
8430,84525,105-GY-T30,FPQ-4915,SO-35700,DN-1637,Guyana,PMO - US,From RDC,N/A - From RDC,Air,2010-01-14,2009-08-26,2010-02-26,2010-02-09,2010-02-09,ARV,Adult,SCMS from RDC,"Zidovudine 300mg, tablets, 60 Tabs",Zidovudine,Generic,300mg,Tablet,60,1063,8004.39,7.53,0.13,"Aurobindo Unit III, India",False,668.5,1924.4650000000001,17.26
8431,84526,114-UG-T30,FPQ-4275,SO-35610,DN-1638,Uganda,PMO - US,From RDC,N/A - From RDC,Truck,2009-09-17,2009-08-25,2010-02-25,2010-02-18,2010-02-18,ARV,Adult,SCMS from RDC,"Lamivudine/Nevirapine/Zidovudine 150/200/300mg, tablets, 60 Tabs",Lamivudine/Nevirapine/Zidovudine,Generic,150/300/200mg,Tablet - FDC,60,29,325.38,11.22,0.19,"Aurobindo Unit III, India",True,5134.0,9348.0,0.64
8432,84527,104-CI-T30,FPQ-4393,SO-34490,DN-1653,Côte d'Ivoire,PMO - US,From RDC,N/A - From RDC,Air,2009-10-15,2009-09-09,2010-03-09,2010-03-02,2010-03-02,ARV,Adult,SCMS from RDC,"Emtricitabine/Tenofovir Disoproxil Fumarate 200/300mg [Truvada], tablets, 30 Tabs",Emtricitabine/Tenofovir Disoproxil Fumarate,Truvada,300/200mg,Tablet - FDC,30,3120,81900.0,26.25,0.88,"Aspen-OSD, Port Elizabeth, SA",True,275.0,1949.42,176.58
8433,84528,104-CI-T30,FPQ-4378,SO-34410,DN-1662,Côte d'Ivoire,PMO - US,From RDC,N/A - From RDC,Air,2009-10-15,2009-09-09,2010-03-09,2010-03-01,2010-03-01,ARV,Pediatric,SCMS from RDC,"Zidovudine 100mg, capsules, 100 Caps",Zidovudine,Generic,100mg,Capsule,100,2152,10760.0,5.0,0.05,"Aurobindo Unit III, India",False,668.5,4063.81,21.09
8434,84529,106-HT-T30,FPQ-4384,SO-35430,DN-1665,Haiti,PMO - US,From RDC,N/A - From RDC,Air,2009-10-23,2009-09-24,2010-03-24,2010-03-03,2010-03-03,ARV,Pediatric,SCMS from RDC,"Nevirapine 10mg/ml, oral suspension, Bottle, 240 ml",Nevirapine,Generic,10mg/ml,Oral suspension,240,1069,2052.48,1.92,0.01,"Aurobindo Unit III, India",True,396.0,6036.96,4.43
8435,84530,104-CI-T30,FPQ-4378,SO-34410,DN-1662,Côte d'Ivoire,PMO - US,From RDC,N/A - From RDC,Air,2009-10-15,2009-09-09,2010-03-09,2010-03-01,2010-03-01,ARV,Pediatric,SCMS from RDC,"Efavirenz 50mg, capsule, 30 Caps",Efavirenz,Generic,50mg,Capsule,30,1596,3575.04,2.24,0.07,"Aurobindo Unit III, India",False,668.5,4063.81,7.01
8436,84531,104-CI-T30,FPQ-4378,SO-34410,DN-1662,Côte d'Ivoire,PMO - US,From RDC,N/A - From RDC,Air,2009-10-15,2009-09-09,2010-03-09,2010-03-01,2010-03-01,ARV,Adult,SCMS from RDC,"Lamivudine/Zidovudine 150/300mg, tablets, 60 Tabs",Lamivudine/Zidovudine,Generic,150/300mg,Tablet - FDC,60,6584,57675.84,8.76,0.15,Mylan (formerly Matrix) Nashik,False,668.5,4063.81,113.04
8437,84532,104-CI-T30,FPQ-4378,SO-34410,DN-1662,Côte d'Ivoire,PMO - US,From RDC,N/A - From RDC,Air,2009-10-15,2009-09-09,2010-03-09,2010-03-01,2010-03-01,ARV,Pediatric,SCMS from RDC,"Nevirapine 10mg/ml, oral suspension, Bottle, 240 ml",Nevirapine,Generic,10mg/ml,Oral suspension,240,1431,2747.52,1.92,0.01,"Aurobindo Unit III, India",False,668.5,4063.81,5.39
8438,84533,106-HT-T30,FPQ-4384,SO-35920,DN-1667,Haiti,PMO - US,From RDC,N/A - From RDC,Air,2009-10-23,2009-09-10,2010-03-10,2010-03-03,2010-03-03,ARV,Pediatric,SCMS from RDC,"Abacavir 20mg/ml, oral solution, Bottle, 240 ml",Abacavir,Generic,20mg/ml,Oral solution,240,288,3916.8,13.6,0.06,"Aurobindo Unit III, India",False,61.0,2946.7200000000003,8.44
8439,84534,106-HT-T30,FPQ-4384,SO-35930,DN-1668,Haiti,PMO - US,From RDC,N/A - From RDC,Air,2009-10-23,2009-10-07,2010-04-07,2010-03-03,2010-03-03,ARV,Adult,SCMS from RDC,"Stavudine 30mg, capsules, 60 Caps",Stavudine,Generic,30mg,Capsule,60,7056,10301.76,1.46,0.02,"Strides, Bangalore, India.",False,668.5,2946.7200000000003,22.21
8440,84535,104-CI-T30,FPQ-4378,SO-34451,DN-1670,Côte d'Ivoire,PMO - US,From RDC,N/A - From RDC,Air,2009-10-15,2009-09-16,2010-03-16,2010-03-10,2010-03-10,ARV,Pediatric,SCMS from RDC,"Lamivudine 10mg/ml, oral solution, Bottle, 240 ml",Lamivudine,Generic,10mg/ml,Oral solution,240,2345,4455.5,1.9,0.01,"Cipla, Goa, India",False,239.0,4063.81,8.73
8441,84536,106-HT-T30,FPQ-4469,SO-35480,DN-1672,Haiti,PMO - US,From RDC,N/A - From RDC,Air,2009-09-23,2009-09-16,2010-03-16,2010-03-15,2010-03-15,ARV,Pediatric,SCMS from RDC,"Lamivudine 10mg/ml, oral solution, Bottle, 240 ml",Lamivudine,Generic,10mg/ml,Oral solution,240,1628,3093.2,1.9,0.01,"Cipla, Goa, India",True,622.0,13122.39,6.67
8442,84537,151-NG-T30,FPQ-4537,SO-35072,DN-1688,Nigeria,PMO - US,From RDC,N/A - From RDC,Air Charter,2009-11-06,2009-10-19,2010-04-19,2010-03-31,2010-03-31,ARV,Adult,SCMS from RDC,"Emtricitabine/Tenofovir Disoproxil Fumarate 200/300mg, tablets, 30 Tabs",Emtricitabine/Tenofovir Disoproxil Fumarate,Generic,200/300mg,Tablet - FDC,30,578,6791.5,11.75,0.39,Mylan (formerly Matrix) Nashik,True,47.0,0.0,14.64
8443,84538,151-NG-T30,FPQ-4537,SO-35040,DN-1700,Nigeria,PMO - US,From RDC,N/A - From RDC,Air Charter,2009-11-06,2009-10-19,2010-04-19,2010-03-31,2010-03-31,ARV,Adult,SCMS from RDC,"Lamivudine/Nevirapine/Stavudine 150/200/30mg, tablets, 60 Tabs",Lamivudine/Nevirapine/Stavudine,Generic,150/200/30mg,Tablet - FDC,60,1500,9165.0,6.11,0.1,"Strides, Bangalore, India.",True,113.0,0.0,19.76
8444,84561,104-CI-T30,FPQ-4659,SO-35560,DN-1799,Côte d'Ivoire,PMO - US,From RDC,N/A - From RDC,Air,2009-12-08,2009-11-10,2010-05-10,2010-05-07,2010-05-07,ARV,Adult,SCMS from RDC,"Lamivudine 150mg, tablets, 60 Tabs",Lamivudine,Generic,150mg,Tablet,60,5664,13820.16,2.44,0.04,"Aurobindo Unit III, India",False,668.5,4063.81,29.8
8445,84539,151-NG-T30,FPQ-4537,SO-35041,DN-1701,Nigeria,PMO - US,From RDC,N/A - From RDC,Air Charter,2009-11-06,2009-10-19,2010-04-19,2010-03-31,2010-03-31,ARV,Adult,SCMS from RDC,"Lamivudine/Nevirapine/Stavudine 150/200/30mg, tablets, 60 Tabs",Lamivudine/Nevirapine/Stavudine,Generic,150/200/30mg,Tablet - FDC,60,20,122.2,6.11,0.1,"Strides, Bangalore, India.",True,2.0,0.0,0.26
8446,84540,151-NG-T30,FPQ-4537,SO-35063,DN-1724,Nigeria,PMO - US,From RDC,N/A - From RDC,Air Charter,2009-11-06,2009-10-19,2010-04-19,2010-05-18,2010-05-18,ARV,Adult,SCMS from RDC,"Lamivudine/Nevirapine/Zidovudine 150/200/300mg, tablets, 60 Tabs",Lamivudine/Nevirapine/Zidovudine,Generic,150/300/200mg,Tablet - FDC,60,20000,224400.0,11.22,0.19,"Aurobindo Unit III, India",True,2347.0,9736.1,483.81
8447,84542,151-NG-T30,FPQ-4537,SO-35094,DN-1748,Nigeria,PMO - US,From RDC,N/A - From RDC,Air Charter,2009-11-06,2009-10-19,2010-04-19,2010-03-30,2010-03-30,ARV,Adult,SCMS from RDC,"Zidovudine 300mg, tablets, 60 Tabs",Zidovudine,Generic,300mg,Tablet,60,270,2025.0,7.5,0.12,Mylan (formerly Matrix) Nashik,True,15.0,0.0,4.37
8448,84543,114-UG-T30,FPQ-4495,SO-34950,DN-1750,Uganda,PMO - US,From RDC,N/A - From RDC,Truck,2009-10-28,2009-10-30,2010-04-30,2010-03-25,2010-03-25,ARV,Adult,SCMS from RDC,"Efavirenz 600mg, tablets, 30 Tabs",Efavirenz,Generic,600mg,Tablet,30,4200,21546.0,5.13,0.17,Mylan (formerly Matrix) Nashik,True,238.0,2021.53,46.45
8449,84544,114-UG-T30,FPQ-4495,SO-34970,DN-1755,Uganda,PMO - US,From RDC,N/A - From RDC,Truck,2009-10-28,2009-10-01,2010-04-01,2010-03-25,2010-03-25,ARV,Adult,SCMS from RDC,"Lamivudine/Nevirapine/Zidovudine 150/200/300mg, tablets, 60 Tabs",Lamivudine/Nevirapine/Zidovudine,Generic,150/300/200mg,Tablet - FDC,60,20000,224400.0,11.22,0.19,"Aurobindo Unit III, India",True,2356.0,16682.66,483.81
8450,84545,114-UG-T30,FPQ-5014,SO-35890,DN-1757,Uganda,PMO - US,From RDC,N/A - From RDC,Truck,2010-01-29,2009-10-07,2010-04-07,2010-03-25,2010-03-25,ARV,Adult,SCMS from RDC,"Efavirenz 600mg, tablets, 30 Tabs",Efavirenz,Generic,600mg,Tablet,30,4500,24075.0,5.35,0.18,Mylan (formerly Matrix) Nashik,True,350.0,1854.0,51.91
8451,84546,114-UG-T30,FPQ-4497,SO-34860,DN-1758,Uganda,PMO - US,From RDC,N/A - From RDC,Truck,2009-10-28,2009-10-28,2010-04-28,2010-03-25,2010-03-25,ARV,Adult,SCMS from RDC,"Lamivudine/Nevirapine/Zidovudine 150/200/300mg, tablets, 60 Tabs",Lamivudine/Nevirapine/Zidovudine,Generic,150/300/200mg,Tablet - FDC,60,3000,33660.0,11.22,0.19,"Aurobindo Unit III, India",True,359.0,3302.05,72.57
8452,84547,114-UG-T30,FPQ-5238,SO-36100,DN-1760,Uganda,PMO - US,From RDC,N/A - From RDC,Air,2010-03-02,2009-11-26,2010-05-26,2010-04-08,2010-04-08,ARV,Adult,SCMS from RDC,"Zidovudine 300mg, tablets, 60 Tabs",Zidovudine,Generic,300mg,Tablet,60,50,375.0,7.5,0.12,"Aurobindo Unit III, India",False,35.0,2485.92,0.81
8453,84548,114-UG-T30,FPQ-5238,SO-36080,DN-1765,Uganda,PMO - US,From RDC,N/A - From RDC,Air,2010-03-02,2009-11-26,2010-05-26,2010-04-12,2010-04-12,ARV,Adult,SCMS from RDC,"Efavirenz 600mg, tablets, 30 Tabs",Efavirenz,Generic,600mg,Tablet,30,5000,25650.0,5.13,0.17,Mylan (formerly Matrix) Nashik,False,452.0,2485.92,55.3
8454,84549,109-TZ-T30,FPQ-5237,SO-36210,DN-1767,Tanzania,PMO - US,From RDC,N/A - From RDC,Air,2010-03-01,2010-01-21,2010-07-21,2010-03-31,2010-03-31,ARV,Adult,SCMS from RDC,"Nevirapine 200mg, tablets, 60 Tabs",Nevirapine,Generic,200mg,Tablet,60,4800,13104.0,2.73,0.05,"Aurobindo Unit III, India",True,460.0,0.0,28.25
8455,84550,110-ZM-T30,FPQ-4273,SO-33720,DN-1775,Zambia,PMO - US,From RDC,N/A - From RDC,Truck,2009-09-17,2009-10-30,2010-04-30,2010-04-16,2010-04-16,ARV,Adult,SCMS from RDC,"Abacavir 300mg, tablets, 60 Tabs",Abacavir,Generic,300mg,Tablet,60,2600,54574.0,20.99,0.35,Mylan (formerly Matrix) Nashik,True,8819.0,8022.59,106.97
8456,84551,151-NG-T30,FPQ-4537,SO-35112,DN-1787,Nigeria,PMO - US,From RDC,N/A - From RDC,Air Charter,2009-11-06,2009-11-30,2010-05-31,2010-05-18,2010-05-18,ARV,Adult,SCMS from RDC,"Lamivudine/Zidovudine+Efavirenz 150/300mg+600mg, tablets, co-blister 60+30 Tabs",Lamivudine/Zidovudine+Efavirenz,Generic,150/300mg+600mg,Tablet - FDC + co-blister,90,309,8497.5,27.5,0.31,"Aurobindo Unit III, India",True,51.0,9736.1,18.32
8457,84552,151-NG-T30,FPQ-4537,SO-36111,DN-1789,Nigeria,PMO - US,From RDC,N/A - From RDC,Air Charter,2009-11-06,2009-11-30,2010-05-31,2010-05-18,2010-05-18,ARV,Adult,SCMS from RDC,"Efavirenz 600mg, tablets, 30 Tabs",Efavirenz,Generic,600mg,Tablet,30,7118,33810.5,4.75,0.16,"Aurobindo Unit III, India",True,628.0,9736.1,72.9
8458,84553,151-NG-T30,FPQ-4537,SO-36112,DN-1790,Nigeria,PMO - US,From RDC,N/A - From RDC,Air Charter,2009-11-06,2009-11-30,2010-05-31,2010-05-18,2010-05-18,ARV,Adult,SCMS from RDC,"Zidovudine 300mg, tablets, 60 Tabs",Zidovudine,Generic,300mg,Tablet,60,10076,75872.28,7.53,0.13,"Aurobindo Unit III, India",True,553.0,9736.1,163.58
8459,84554,151-NG-T30,FPQ-4537,SO-36007,DN-1793,Nigeria,PMO - US,From RDC,N/A - From RDC,Air Charter,2009-11-06,2009-11-30,2010-05-31,2010-05-18,2010-05-18,ARV,Adult,SCMS from RDC,"Lamivudine/Nevirapine/Zidovudine 150/200/300mg, tablets, 60 Tabs",Lamivudine/Nevirapine/Zidovudine,Generic,150/300/200mg,Tablet - FDC,60,40000,448800.0,11.22,0.19,"Aurobindo Unit III, India",True,4693.0,9736.1,967.61
8460,84555,114-UG-T30,FPQ-5071,SO-35940,DN-1798,Uganda,PMO - US,From RDC,N/A - From RDC,Air,2010-02-09,2009-11-07,2010-05-07,2010-05-19,2010-05-19,ARV,Adult,SCMS from RDC,"Lamivudine/Nevirapine/Stavudine 150/200/30mg, tablets, 60 Tabs",Lamivudine/Nevirapine/Stavudine,Generic,150/200/30mg,Tablet - FDC,60,200,1170.0,5.85,0.1,"Cipla, Goa, India",True,21.0,1000.05,2.52
8461,84556,114-UG-T30,FPQ-4495,SO-34940,DN-1801,Uganda,PMO - US,From RDC,N/A - From RDC,Air,2009-10-28,2009-11-03,2010-05-03,2010-05-03,2010-05-03,ARV,Adult,SCMS from RDC,"Efavirenz 600mg, tablets, 30 Tabs",Efavirenz,Generic,600mg,Tablet,30,1621,7699.75,4.75,0.16,Mylan (formerly Matrix) Nashik,False,668.5,2485.92,16.6
8462,84557,151-NG-T30,FPQ-4537,SO-36004,DN-1809,Nigeria,PMO - US,From RDC,N/A - From RDC,Air Charter,2009-11-06,2009-11-30,2010-05-31,2010-05-18,2010-05-18,ARV,Adult,SCMS from RDC,"Nevirapine 200mg, tablets, 60 Tabs",Nevirapine,Generic,200mg,Tablet,60,15299,40695.34,2.66,0.04,"Aurobindo Unit III, India",True,1792.0,9736.1,87.74
8463,84558,151-NG-T30,FPQ-4537,SO-35059,DN-1719,Nigeria,PMO - US,From RDC,N/A - From RDC,Air Charter,2009-11-06,2009-11-30,2010-05-31,2010-05-18,2010-05-18,ARV,Adult,SCMS from RDC,"Lamivudine/Zidovudine 150/300mg, tablets, 60 Tabs",Lamivudine/Zidovudine,Generic,150/300mg,Tablet - FDC,60,488,4274.88,8.76,0.15,Mylan (formerly Matrix) Nashik,True,39.0,9736.1,9.22
8464,84559,114-UG-T30,FPQ-5275,SO-36260,DN-1819,Uganda,PMO - US,From RDC,N/A - From RDC,Air,2010-03-04,2010-01-09,2010-07-09,2010-05-03,2010-05-03,ARV,Adult,SCMS from RDC,"Lamivudine/Zidovudine 150/300mg, tablets, 60 Tabs",Lamivudine/Zidovudine,Generic,150/300mg,Tablet - FDC,60,3600,31536.0,8.76,0.15,Hetero Unit III Hyderabad IN,True,238.0,3299.67,67.99
8465,84560,104-CI-T30,FPQ-4659,SO-35560,DN-1799,Côte d'Ivoire,PMO - US,From RDC,N/A - From RDC,Air,2009-12-08,2009-11-10,2010-05-10,2010-05-07,2010-05-07,ARV,Adult,SCMS from RDC,"Efavirenz 600mg, tablets, 30 Tabs",Efavirenz,Generic,600mg,Tablet,30,45108,214263.0,4.75,0.16,"Aurobindo Unit III, India",True,9863.0,19150.15,461.95
8466,84562,104-CI-T30,FPQ-4659,SO-35600,DN-1825,Côte d'Ivoire,PMO - US,From RDC,N/A - From RDC,Air,2009-12-08,2009-11-30,2010-05-31,2010-05-20,2010-05-20,ARV,Pediatric,SCMS from RDC,"Stavudine 1mg/ml, powder for oral solution, 200 ml",Stavudine,Generic,1mg/ml,Oral solution,200,4550,6370.0,1.4,0.01,"Aurobindo Unit III, India",False,668.5,4063.81,13.73
8467,84563,113-ZW-T30,FPQ-4694,SO-35400,DN-1829,Zimbabwe,PMO - US,From RDC,N/A - From RDC,Truck,2009-12-08,2009-11-30,2010-05-31,2010-05-31,2010-05-31,ARV,Adult,SCMS from RDC,"Lamivudine/Nevirapine/Stavudine 150/200/30mg, tablets, 60 Tabs",Lamivudine/Nevirapine/Stavudine,Generic,150/200/30mg,Tablet - FDC,60,112100,655785.0,5.85,0.1,"Cipla, Goa, India",False,668.5,6721.705,1413.87
8468,84564,113-ZW-T30,FPQ-4472,SO-35910,DN-1831,Zimbabwe,PMO - US,From RDC,N/A - From RDC,Air,2009-03-17,2009-11-28,2010-05-28,2010-05-31,2010-05-31,ARV,Adult,SCMS from RDC,"Lamivudine/Nevirapine/Stavudine 150/200/30mg, tablets, 60 Tabs",Lamivudine/Nevirapine/Stavudine,Generic,150/200/30mg,Tablet - FDC,60,47390,277231.5,5.85,0.1,"Cipla, Goa, India",True,7112.0,3833.17,543.37
8469,84565,106-HT-T30,FPQ-4384,SO-34650,DN-1833,Haiti,PMO - US,From RDC,N/A - From RDC,Air,2009-10-23,2009-11-19,2010-05-19,2010-05-19,2010-05-19,ARV,Adult,SCMS from RDC,"Efavirenz 600mg, tablets, 30 Tabs",Efavirenz,Generic,600mg,Tablet,30,34080,161880.0,4.75,0.16,"Aurobindo Unit III, India",True,3318.0,23890.83,349.01
8470,84566,106-HT-T30,FPQ-4384,SO-34660,DN-1837,Haiti,PMO - US,From RDC,N/A - From RDC,Air,2009-10-23,2009-11-30,2010-05-31,2010-06-01,2010-06-01,ARV,Adult,SCMS from RDC,"Lamivudine/Zidovudine 150/300mg, tablets, 60 Tabs",Lamivudine/Zidovudine,Generic,150/300mg,Tablet - FDC,60,14875,130305.0,8.76,0.15,Mylan (formerly Matrix) Nashik,False,668.5,2946.7200000000003,280.94
8471,84567,114-UG-T30,FPQ-5238,SO-36090,DN-1840,Uganda,PMO - US,From RDC,N/A - From RDC,Air,2010-03-02,2009-11-26,2010-05-26,2010-05-27,2010-05-27,ARV,Adult,SCMS from RDC,"Lamivudine/Nevirapine/Zidovudine 150/200/300mg, tablets, 60 Tabs",Lamivudine/Nevirapine/Zidovudine,Generic,150/300/200mg,Tablet - FDC,60,20000,224400.0,11.22,0.19,Mylan (formerly Matrix) Nashik,True,2560.0,20654.81,483.81
8472,84568,106-HT-T30,FPQ-4384,SO-34640,DN-1842,Haiti,PMO - US,From RDC,N/A - From RDC,Air,2009-10-23,2009-12-02,2010-06-02,2010-06-09,2010-06-09,ARV,Adult,SCMS from RDC,"Stavudine 20mg, capsules, 60 Caps",Stavudine,Generic,20mg,Capsule,60,168,240.24,1.43,0.02,"Aurobindo Unit III, India",False,23.0,2946.7200000000003,0.52
8473,84569,114-UG-T30,FPQ-5239,SO-36130,DN-1856,Uganda,PMO - US,From RDC,N/A - From RDC,Air,2010-03-02,2009-12-30,2010-06-30,2010-06-22,2010-06-22,ARV,Adult,SCMS from RDC,"Lamivudine/Zidovudine 150/300mg, tablets, 60 Tabs",Lamivudine/Zidovudine,Generic,150/300mg,Tablet - FDC,60,700,6132.0,8.76,0.15,Hetero Unit III Hyderabad IN,False,548.0,2485.92,13.22
8474,84570,114-UG-T30,FPQ-5451,SO-36832,DN-1860,Uganda,PMO - US,From RDC,N/A - From RDC,Air,2010-05-07,2009-12-30,2010-06-30,2010-06-22,2010-06-22,ARV,Adult,SCMS from RDC,"Efavirenz 600mg, tablets, 30 Tabs",Efavirenz,Generic,600mg,Tablet,30,17550,83362.5,4.75,0.16,Mylan (formerly Matrix) Nashik,True,1325.0,4600.45,179.73
8475,84571,104-CI-T30,FPQ-4659,SO-35590,DN-1868,Côte d'Ivoire,PMO - US,From RDC,N/A - From RDC,Air,2009-12-08,2009-12-30,2010-06-30,2010-06-21,2010-06-21,ARV,Pediatric,SCMS from RDC,"Efavirenz 50mg, capsule, 30 Caps",Efavirenz,Generic,50mg,Capsule,30,1596,3575.04,2.24,0.07,"Aurobindo Unit III, India",False,668.5,4063.81,7.71
8476,84572,104-CI-T30,FPQ-5201,SO-36350,DN-1878,Côte d'Ivoire,PMO - US,From RDC,N/A - From RDC,Air,2010-03-03,2010-01-09,2010-07-09,2010-07-05,2010-07-05,ARV,Adult,SCMS from RDC,"Lamivudine 150mg, tablets, 60 Tabs",Lamivudine,Generic,150mg,Tablet,60,10980,26791.2,2.44,0.04,"Aurobindo Unit III, India",True,698.0,5121.68,57.76
8477,84573,151-NG-T30,FPQ-5023,SO-36435,DN-1886,Nigeria,PMO - US,From RDC,N/A - From RDC,Air,2010-02-10,2010-01-15,2010-07-15,2010-06-28,2010-06-28,ARV,Adult,SCMS from RDC,"Lamivudine/Nevirapine/Zidovudine 150/200/300mg, tablets, 60 Tabs",Lamivudine/Nevirapine/Zidovudine,Generic,150/300/200mg,Tablet - FDC,60,1000,11220.0,11.22,0.19,"Aurobindo Unit III, India",True,117.0,0.0,24.19
8478,84574,151-NG-T30,FPQ-5023,SO-36446,DN-1904,Nigeria,PMO - US,From RDC,N/A - From RDC,Air,2010-02-10,2010-01-15,2010-07-15,2010-06-28,2010-06-28,ARV,Adult,SCMS from RDC,"Efavirenz 600mg, tablets, 30 Tabs",Efavirenz,Generic,600mg,Tablet,30,200,920.0,4.6,0.15,"Aurobindo Unit III, India",True,17.0,0.0,1.98
8479,84575,151-NG-T30,FPQ-5023,SO-36447,DN-1905,Nigeria,PMO - US,From RDC,N/A - From RDC,Air,2010-02-10,2010-01-15,2010-07-15,2010-06-28,2010-06-28,ARV,Adult,SCMS from RDC,"Efavirenz 600mg, tablets, 30 Tabs",Efavirenz,Generic,600mg,Tablet,30,188,864.8,4.6,0.15,"Aurobindo Unit III, India",True,16.0,0.0,1.86
8480,84576,151-NG-T30,FPQ-5023,SO-36530,DN-1924,Nigeria,PMO - US,From RDC,N/A - From RDC,Air,2010-02-10,2010-01-15,2010-07-15,2010-06-28,2010-06-28,ARV,Adult,SCMS from RDC,"Lamivudine/Zidovudine+Efavirenz 150/300mg+600mg, tablets, co-blister 60+30 Tabs",Lamivudine/Zidovudine+Efavirenz,Generic,150/300mg+600mg,Tablet - FDC + co-blister,90,87,1827.0,21.0,0.23,"Aurobindo Unit III, India",True,42.0,0.0,3.94
8481,84577,151-NG-T30,FPQ-4537,SO-36671,DN-1925,Nigeria,PMO - US,From RDC,N/A - From RDC,Air,2009-11-06,2010-01-21,2010-07-21,2010-06-28,2010-06-28,ARV,Adult,SCMS from RDC,"Lamivudine/Zidovudine 150/300mg, tablets, 60 Tabs",Lamivudine/Zidovudine,Generic,150/300mg,Tablet - FDC,60,53086,465033.36,8.76,0.15,Hetero Unit III Hyderabad IN,False,668.5,0.0,1002.61
8482,84578,151-NG-T30,FPQ-5023,SO-36420,DN-1930,Nigeria,PMO - US,From RDC,N/A - From RDC,Air,2010-02-10,2010-01-15,2010-07-15,2010-06-28,2010-06-28,ARV,Adult,SCMS from RDC,"Efavirenz/Emtricitabine/Tenofovir Disoproxil Fumarate 600/200/300mg, tablets, 30 Tabs",Efavirenz/Emtricitabine/Tenofovir Disoproxil Fumarate,Generic,600/200/300mg,Tablet - FDC,30,58500,1165320.0,19.92,0.66,Mylan (formerly Matrix) Nashik,True,6433.0,0.0,2512.43
8483,84579,106-HT-T30,FPQ-4384,SO-35420,DN-1944,Haiti,PMO - US,From RDC,N/A - From RDC,Air,2009-10-23,2010-02-01,2010-08-01,2010-07-21,2010-07-21,ARV,Adult,SCMS from RDC,"Lamivudine/Zidovudine 150/300mg, tablets, 60 Tabs",Lamivudine/Zidovudine,Generic,150/300mg,Tablet - FDC,60,31836,278883.36,8.76,0.15,Mylan (formerly Matrix) Nashik,True,2565.0,25670.1,601.27
8484,84580,111-MZ-T30,FPQ-4711,SO-35740,DN-1962,Mozambique,PMO - US,From RDC,N/A - From RDC,Truck,2009-12-23,2010-02-28,2010-08-31,2010-08-18,2010-08-18,ARV,Adult,SCMS from RDC,"Lamivudine/Nevirapine/Stavudine 150/200/30mg, tablets, 60 Tabs",Lamivudine/Nevirapine/Stavudine,Generic,150/200/30mg,Tablet - FDC,60,30630,175509.9,5.73,0.1,"Cipla, Goa, India",False,668.5,5192.68,378.4
8485,84581,106-HT-T30,FPQ-5523,SO-36760,DN-1964,Haiti,PMO - US,From RDC,N/A - From RDC,Air,2010-04-19,2010-02-10,2010-08-10,2010-08-23,2010-08-23,ARV,Pediatric,SCMS from RDC,"Lamivudine 10mg/ml, oral solution, Bottle, 240 ml",Lamivudine,Generic,10mg/ml,Oral solution,240,3840,7411.2,1.93,0.01,"Cipla, Goa, India",False,668.5,2946.7200000000003,15.98
8486,84582,151-NG-T30,FPQ-5688,SO-36934,DN-1978,Nigeria,PMO - US,From RDC,N/A - From RDC,Air Charter,2010-05-27,2010-02-28,2010-08-31,2010-08-17,2010-08-17,ARV,Adult,SCMS from RDC,"Lamivudine/Nevirapine/Zidovudine 150/200/300mg, tablets, 60 Tabs",Lamivudine/Nevirapine/Zidovudine,Generic,150/300/200mg,Tablet - FDC,60,6000,67320.0,11.22,0.19,"Aurobindo Unit III, India",True,789.0,6147.18,145.14
8487,84583,104-CI-T30,FPQ-5201,SO-36311,DN-1982,Côte d'Ivoire,PMO - US,From RDC,N/A - From RDC,Air,2010-03-03,2010-02-23,2010-08-23,2010-08-23,2010-08-23,ARV,Adult,SCMS from RDC,"Zidovudine 300mg, tablets, 60 Tabs",Zidovudine,Generic,300mg,Tablet,60,12060,86952.6,7.21,0.12,"Aurobindo Unit III, India",False,668.5,4063.81,187.47
8488,84584,104-CI-T30,FPQ-5201,SO-36311,DN-1982,Côte d'Ivoire,PMO - US,From RDC,N/A - From RDC,Air,2010-03-03,2010-02-23,2010-08-23,2010-08-23,2010-08-23,ARV,Pediatric,SCMS from RDC,"Stavudine 1mg/ml, powder for oral solution, 200 ml",Stavudine,Generic,1mg/ml,Oral solution,200,2400,3240.0,1.35,0.01,"Aurobindo Unit III, India",False,469.5,4063.81,6.99
8489,84585,104-CI-T30,FPQ-5623,SO-36890,DN-1984,Côte d'Ivoire,PMO - US,From RDC,N/A - From RDC,Air,2010-05-07,2010-02-28,2010-08-31,2010-08-23,2010-08-23,ARV,Adult,SCMS from RDC,"Lamivudine 150mg, tablets, 60 Tabs",Lamivudine,Generic,150mg,Tablet,60,6594,15364.02,2.33,0.04,"Strides, Bangalore, India.",False,668.5,4063.81,33.12
8490,84588,102-UG-T30,FPQ-6202,SO-37250,DN-1997,Uganda,PMO - US,From RDC,N/A - From RDC,Air,2010-08-06,2010-04-29,2010-10-29,2010-09-27,2010-09-27,ARV,Adult,SCMS from RDC,"Lamivudine/Zidovudine 150/300mg, tablets, 60 Tabs",Lamivudine/Zidovudine,Generic,150/300mg,Tablet - FDC,60,63148,539915.4,8.55,0.14,"Aurobindo Unit III, India",False,668.5,2485.92,1164.06
8491,84589,102-UG-T30,FPQ-6202,SO-37260,DN-1998,Uganda,PMO - US,From RDC,N/A - From RDC,Air,2010-08-06,2010-03-30,2010-09-30,2010-08-23,2010-08-23,ARV,Adult,SCMS from RDC,"Efavirenz 600mg, tablets, 30 Tabs",Efavirenz,Generic,600mg,Tablet,30,71991,320359.95,4.45,0.15,"Strides, Bangalore, India.",True,7187.0,16285.97,690.7
8492,84590,102-UG-T30,FPQ-6202,SO-37260,DN-1998,Uganda,PMO - US,From RDC,N/A - From RDC,Air,2010-08-06,2010-03-30,2010-09-30,2010-08-23,2010-08-23,ARV,Adult,SCMS from RDC,"Lamivudine/Zidovudine 150/300mg, tablets, 60 Tabs",Lamivudine/Zidovudine,Generic,150/300mg,Tablet - FDC,60,26991,230773.05,8.55,0.14,"Aurobindo Unit III, India",False,1842.0,2485.92,497.55
8493,84591,104-CI-T30,FPQ-5623,SO-36880,DN-2011,Côte d'Ivoire,PMO - US,From RDC,N/A - From RDC,Air,2010-05-07,2010-03-30,2010-09-30,2010-09-25,2010-09-25,ARV,Pediatric,SCMS from RDC,"Didanosine 200mg, chewable/dispersible tablets, 60 Tabs",Didanosine,Generic,200mg,Chewable/dispersible tablet,60,6016,93248.0,15.5,0.26,"Aurobindo Unit III, India",False,668.5,4063.81,201.04
8494,84592,104-CI-T30,FPQ-5623,SO-36880,DN-2011,Côte d'Ivoire,PMO - US,From RDC,N/A - From RDC,Air,2010-05-07,2010-03-30,2010-09-30,2010-09-25,2010-09-25,ARV,Adult,SCMS from RDC,"Stavudine 20mg, capsules, 60 Caps",Stavudine,Generic,20mg,Capsule,60,540,772.2,1.43,0.02,"Aurobindo Unit III, India",False,519.0,4063.81,1.66
8495,84593,104-CI-T30,FPQ-5623,SO-36881,DN-2012,Côte d'Ivoire,PMO - US,From RDC,N/A - From RDC,Truck,2010-05-07,2010-04-19,2010-10-19,2010-09-25,2010-09-25,ARV,Adult,SCMS from RDC,"Lamivudine/Stavudine 150/30mg, tablets, 60 Tabs",Lamivudine/Stavudine,Generic,150/30mg,Tablet - FDC,60,5624,18446.72,3.28,0.05,Mylan (formerly Matrix) Nashik,False,668.5,6757.815,39.77
8496,84594,105-GY-T30,FPQ-6307,SO-37400,DN-2017,Guyana,PMO - US,From RDC,N/A - From RDC,Air,2010-08-30,2010-05-23,2010-11-23,2010-09-19,2010-09-19,ARV,Pediatric,SCMS from RDC,"Lamivudine 10mg/ml, oral solution, Bottle, 240 ml",Lamivudine,Generic,10mg/ml,Oral solution,240,316,609.88,1.93,0.01,"Aurobindo Unit III, India",False,415.0,1924.4650000000001,1.31
8497,84595,102-UG-T30,FPQ-6403,SO-37460,DN-2026,Uganda,PMO - US,From RDC,N/A - From RDC,Air,2010-09-16,2010-04-20,2010-10-20,2010-10-25,2010-10-25,ARV,Adult,SCMS from RDC,"Lamivudine/Nevirapine/Zidovudine 150/200/300mg, tablets, 60 Tabs",Lamivudine/Nevirapine/Zidovudine,Generic,150/300/200mg,Tablet - FDC,60,31932,358277.04,11.22,0.19,"Aurobindo Unit III, India",False,668.5,2485.92,772.45
8498,84596,109-TZ-T30,FPQ-5436,SO-36600,DN-2039,Tanzania,PMO - US,From RDC,N/A - From RDC,Air,2010-04-01,2010-06-03,2010-12-03,2010-12-03,2010-12-03,ARV,Pediatric,SCMS from RDC,"Didanosine 100mg, chewable/dispersible tablets, 60 Tabs",Didanosine,Generic,100mg,Chewable/dispersible tablet,60,2864,22110.08,7.72,0.13,"Aurobindo Unit III, India",True,612.0,1979.75,47.67
8499,84597,104-CI-T30,FPQ-5201,SO-36380,DN-2034,Côte d'Ivoire,PMO - US,From RDC,N/A - From RDC,Air,2010-03-03,2010-04-30,2010-10-30,2010-11-23,2010-11-23,ARV,Pediatric,SCMS from RDC,"Efavirenz 200mg, capsule, 90 Caps",Efavirenz,Generic,200mg,Capsule,90,1785,17974.95,10.07,0.11,"Aurobindo Unit III, India",True,168.0,7816.45,38.75
8500,84598,104-CI-T30,FPQ-5925,SO-37150,DN-2035,Côte d'Ivoire,PMO - US,From RDC,N/A - From RDC,Truck,2010-06-23,2010-05-30,2010-11-30,2010-11-26,2010-11-26,ARV,Pediatric,SCMS from RDC,"Stavudine 1mg/ml, powder for oral solution, 200 ml",Stavudine,Generic,1mg/ml,Oral solution,200,2449,3306.15,1.35,0.01,"Aurobindo Unit III, India",False,668.5,6757.815,7.13
8501,84599,104-CI-T30,FPQ-5925,SO-37150,DN-2035,Côte d'Ivoire,PMO - US,From RDC,N/A - From RDC,Truck,2010-06-23,2010-05-30,2010-11-30,2010-11-26,2010-11-26,ARV,Adult,SCMS from RDC,"Stavudine 20mg, capsules, 60 Caps",Stavudine,Generic,20mg,Capsule,60,2551,3647.93,1.43,0.02,"Aurobindo Unit III, India",False,668.5,6757.815,7.86
8502,84600,151-NG-T30,FPQ-5688,SO-36952,DN-2044,Nigeria,PMO - US,From RDC,N/A - From RDC,Air Charter,2010-05-27,2010-05-18,2010-11-18,2010-11-10,2010-11-10,ARV,Adult,SCMS from RDC,"Nevirapine 200mg, tablets, 60 Tabs",Nevirapine,Generic,200mg,Tablet,60,10000,25800.0,2.58,0.04,"Aurobindo Unit III, India",True,1130.0,20264.93,55.62
8503,84601,111-MZ-T30,FPQ-6426,SO-37590,DN-2051,Mozambique,PMO - US,From RDC,N/A - From RDC,Truck,2010-09-23,2010-06-20,2010-12-20,2010-12-23,2010-12-23,ARV,Adult,SCMS from RDC,"Efavirenz 600mg, tablets, 30 Tabs",Efavirenz,Generic,600mg,Tablet,30,30000,130200.0,4.34,0.14,Mylan (formerly Matrix) Nashik,False,3136.0,5192.68,280.71
8504,84602,111-MZ-T30,FPQ-6426,SO-37590,DN-2051,Mozambique,PMO - US,From RDC,N/A - From RDC,Truck,2010-09-23,2010-06-20,2010-12-20,2010-12-23,2010-12-23,ARV,Adult,SCMS from RDC,"Lamivudine/Nevirapine/Stavudine 150/200/30mg, tablets, 60 Tabs",Lamivudine/Nevirapine/Stavudine,Generic,150/200/30mg,Tablet - FDC,60,30000,162900.0,5.43,0.09,"Cipla, Goa, India",False,3136.0,5192.68,351.21
8505,84603,110-ZM-T30,FPQ-6221,SO-37320,DN-2054,Zambia,PMO - US,From RDC,N/A - From RDC,Truck,2010-08-20,2010-06-30,2010-12-31,2010-11-25,2010-11-25,ARV,Adult,SCMS from RDC,"Lamivudine/Nevirapine/Stavudine 150/200/30mg, tablets, 60 Tabs",Lamivudine/Nevirapine/Stavudine,Generic,150/200/30mg,Tablet - FDC,60,3653,19835.79,5.43,0.09,"Cipla, Goa, India",False,668.5,6476.695,42.77
8506,84604,102-UG-T30,FPQ-6403,SO-37470,DN-2056,Uganda,PMO - US,From RDC,N/A - From RDC,Air,2010-09-16,2010-06-02,2010-12-02,2010-11-29,2010-11-29,ARV,Adult,SCMS from RDC,"Efavirenz/Emtricitabine/Tenofovir Disoproxil Fumarate 600/200/300mg, tablets, 30 Tabs",Efavirenz/Emtricitabine/Tenofovir Disoproxil Fumarate,Generic,600/200/300mg,Tablet - FDC,30,2661,53007.12,19.92,0.66,Mylan (formerly Matrix) Nashik,True,909.0,5166.39,114.28
8507,84605,114-UG-T30,FPQ-6427,SO-37580,DN-2058,Uganda,PMO - US,From RDC,N/A - From RDC,Truck,2010-09-29,2010-06-02,2010-12-02,2010-11-29,2010-11-29,ARV,Adult,SCMS from RDC,"Nevirapine 200mg, tablets, 60 Tabs",Nevirapine,Generic,200mg,Tablet,60,23787,63273.42,2.66,0.04,Hetero Unit III Hyderabad IN,True,1378.0,2559.88,136.42
8508,84606,106-HT-T30,FPQ-5523,SO-36730,DN-2059,Haiti,PMO - US,From RDC,N/A - From RDC,Air,2010-04-19,2010-05-26,2010-11-26,2010-12-15,2010-12-15,ARV,Adult,SCMS from RDC,"Nevirapine 200mg, tablets, 60 Tabs",Nevirapine,Generic,200mg,Tablet,60,53200,141512.0,2.66,0.04,"Strides, Bangalore, India.",False,668.5,2946.7200000000003,305.1
8509,84607,106-HT-T30,FPQ-5523,SO-36730,DN-2059,Haiti,PMO - US,From RDC,N/A - From RDC,Air,2010-04-19,2010-05-26,2010-11-26,2010-12-15,2010-12-15,ARV,Pediatric,SCMS from RDC,"Efavirenz 50mg, capsule, 30 Caps",Efavirenz,Generic,50mg,Capsule,30,1778,3982.72,2.24,0.07,"Aurobindo Unit III, India",False,716.0,2946.7200000000003,8.59
8510,84608,104-CI-T30,FPQ-5925,SO-37740,DN-2064,Côte d'Ivoire,PMO - US,From RDC,N/A - From RDC,Air,2010-06-23,2010-05-30,2010-11-30,2010-12-09,2010-12-09,ARV,Adult,SCMS from RDC,"Abacavir 300mg, tablets, 60 Tabs",Abacavir,Generic,300mg,Tablet,60,600,9864.0,16.44,0.27,"Aurobindo Unit III, India",False,231.5,4063.81,21.27
8511,84609,104-CI-T30,FPQ-5925,SO-37740,DN-2064,Côte d'Ivoire,PMO - US,From RDC,N/A - From RDC,Air,2010-06-23,2010-05-30,2010-11-30,2010-12-09,2010-12-09,ARV,Pediatric,SCMS from RDC,"Stavudine 1mg/ml, powder for oral solution w/syringe, 200 ml",Stavudine,Generic,1mg/ml,Powder for oral solution,200,6551,8778.34,1.34,0.01,"Aurobindo Unit III, India",False,668.5,4063.81,18.93
8512,84612,106-HT-T30,FPQ-6484,SO-37760,DN-2073,Haiti,PMO - US,From RDC,N/A - From RDC,Air,2010-10-13,2010-06-20,2010-12-20,2011-01-05,2011-01-05,ARV,Adult,SCMS from RDC,"Abacavir 300mg, tablets, 60 Tabs",Abacavir,Generic,300mg,Tablet,60,600,9864.0,16.44,0.27,"Aurobindo Unit III, India",False,231.5,2946.7200000000003,21.27
8513,84613,110-ZM-T30,FPQ-6222,SO-38150,DN-2078,Zambia,PMO - US,From RDC,N/A - From RDC,Truck,2010-08-20,2010-10-01,2011-04-01,2011-01-13,2011-01-13,ARV,Adult,SCMS from RDC,"Lamivudine 150mg, tablets, 60 Tabs",Lamivudine,Generic,150mg,Tablet,60,12080,28146.4,2.33,0.04,Hetero Unit III Hyderabad IN,True,503.0,2355.79,60.68
8514,84614,202-GT-T30,FPQ-6943,SO-38260,DN-2089,Guatemala,PMO - US,From RDC,N/A - From RDC,Air,2010-12-29,2010-07-31,2011-01-31,2011-01-24,2011-01-24,ARV,Adult,SCMS from RDC,"Emtricitabine/Tenofovir Disoproxil Fumarate 200/300mg, tablets, 30 Tabs",Emtricitabine/Tenofovir Disoproxil Fumarate,Generic,200/300mg,Tablet - FDC,30,7987,87218.04,10.92,0.36,Mylan (formerly Matrix) Nashik,False,668.5,104.685,143.91
8515,84615,202-GT-T30,FPQ-6943,SO-38260,DN-2089,Guatemala,PMO - US,From RDC,N/A - From RDC,Air,2010-12-29,2010-07-31,2011-01-31,2011-01-24,2011-01-24,ARV,Pediatric,SCMS from RDC,"Efavirenz 200mg, capsule, 90 Caps",Efavirenz,Generic,200mg,Capsule,90,680,6589.2,9.69,0.11,"Aurobindo Unit III, India",False,1299.0,104.685,10.87
8516,84616,110-ZM-T30,FPQ-6222,SO-38280,DN-2091,Zambia,PMO - US,From RDC,N/A - From RDC,Truck,2010-08-20,2010-07-31,2011-01-31,2011-01-18,2011-01-18,ARV,Adult,SCMS from RDC,"Lamivudine 150mg, tablets, 60 Tabs",Lamivudine,Generic,150mg,Tablet,60,22242,51823.86,2.33,0.04,Hetero Unit III Hyderabad IN,True,1207.0,7487.51,111.73
8517,84617,104-CI-T30,FPQ-6495,SO-37710,DN-2098,Côte d'Ivoire,PMO - US,From RDC,N/A - From RDC,Truck,2010-10-04,2010-07-31,2011-01-31,2011-02-22,2011-02-22,ARV,Adult,SCMS from RDC,"Emtricitabine/Tenofovir Disoproxil Fumarate 200/300mg, tablets, 30 Tabs",Emtricitabine/Tenofovir Disoproxil Fumarate,Generic,200/300mg,Tablet - FDC,30,9920,108326.4,10.92,0.36,Mylan (formerly Matrix) Nashik,False,668.5,6757.815,233.55
8518,84618,106-HT-T30,FPQ-6484,SO-38120,DN-2113,Haiti,PMO - US,From RDC,N/A - From RDC,Air,2010-10-13,2010-08-28,2011-02-28,2011-02-14,2011-02-14,ARV,Adult,SCMS from RDC,"Lamivudine 150mg, tablets, 60 Tabs",Lamivudine,Generic,150mg,Tablet,60,5980,13933.4,2.33,0.04,"Aurobindo Unit III, India",False,668.5,2946.7200000000003,30.04
8519,84619,106-HT-T30,FPQ-6801,SO-38620,DN-2114,Haiti,PMO - US,From RDC,N/A - From RDC,Air,2010-12-14,2010-08-28,2011-02-28,2011-02-14,2011-02-14,ARV,Pediatric,SCMS from RDC,"Stavudine 1mg/ml, powder for oral solution w/syringe, 200 ml",Stavudine,Generic,1mg/ml,Powder for oral solution,200,600,804.0,1.34,0.01,"Aurobindo Unit III, India",False,231.5,2946.7200000000003,1.33
8520,84620,110-ZM-T30,FPQ-6221,SO-37330,DN-2116,Zambia,PMO - US,From RDC,N/A - From RDC,Truck,2010-08-20,2010-08-11,2011-02-11,2011-02-15,2011-02-15,ARV,Adult,SCMS from RDC,"Nevirapine 200mg, tablets, 60 Tabs",Nevirapine,Generic,200mg,Tablet,60,140000,351400.0,2.51,0.04,Hetero Unit III Hyderabad IN,True,8783.0,8045.77,757.62
8521,84621,114-UG-T30,FPQ-6427,SO-37560,DN-2121,Uganda,PMO - US,From RDC,N/A - From RDC,Truck,2010-09-29,2010-08-28,2011-02-28,2011-03-22,2011-03-22,ARV,Adult,SCMS from RDC,"Lamivudine/Nevirapine/Zidovudine 150/200/300mg, tablets, 60 Tabs",Lamivudine/Nevirapine/Zidovudine,Generic,150/300/200mg,Tablet - FDC,60,8988,100845.36,11.22,0.19,Mylan (formerly Matrix) Nashik,False,668.5,5458.45,217.42
8522,84622,104-CI-T30,FPQ-6495,SO-37720,DN-2122,Côte d'Ivoire,PMO - US,From RDC,N/A - From RDC,Air,2010-10-04,2010-09-30,2011-03-31,2011-03-15,2011-03-15,ARV,Adult,SCMS from RDC,"Tenofovir Disoproxil Fumarate 300mg, tablets, 30 Tabs",Tenofovir Disoproxil Fumarate,Generic,300mg,Tablet,30,2240,14716.8,6.57,0.22,Mylan (formerly Matrix) Nashik,True,6542.0,18611.93,31.73
8523,84623,113-ZW-T30,FPQ-6470,SO-37830,DN-2127,Zimbabwe,PMO - US,From RDC,N/A - From RDC,Truck,2010-10-13,2010-09-30,2011-03-31,2011-03-17,2011-03-17,ARV,Adult,SCMS from RDC,"Lamivudine/Nevirapine/Stavudine 150/200/30mg, tablets, 60 Tabs",Lamivudine/Nevirapine/Stavudine,Generic,150/200/30mg,Tablet - FDC,60,66645,370546.2,5.56,0.09,"Strides, Bangalore, India.",False,668.5,6721.705,798.9
8524,84624,113-ZW-T30,FPQ-6470,SO-38830,DN-2128,Zimbabwe,PMO - US,From RDC,N/A - From RDC,Truck,2010-10-13,2010-09-30,2011-03-31,2011-03-18,2011-03-18,ARV,Adult,SCMS from RDC,"Nevirapine 200mg, tablets, 60 Tabs",Nevirapine,Generic,200mg,Tablet,60,9073,22773.23,2.51,0.04,Hetero Unit III Hyderabad IN,True,2102.0,7765.17,49.1
8525,84625,113-ZW-T30,FPQ-6470,SO-38830,DN-2128,Zimbabwe,PMO - US,From RDC,N/A - From RDC,Truck,2010-10-13,2010-09-30,2011-03-31,2011-03-18,2011-03-18,ARV,Adult,SCMS from RDC,"Lamivudine/Stavudine 150/30mg, tablets, 60 Tabs",Lamivudine/Stavudine,Generic,150/30mg,Tablet - FDC,60,1883,6025.6,3.2,0.05,"Cipla, Goa, India",False,668.5,6721.705,12.99
8526,84626,117-ET-T30,FPQ-6428,SO-37630,DN-2130,Ethiopia,PMO - US,From RDC,N/A - From RDC,Air,2010-09-24,2010-09-10,2011-03-10,2011-03-11,2011-03-11,ARV,Adult,SCMS from RDC,"Lopinavir/Ritonavir 200/50mg [Aluvia], tablets, 120 Tabs",Lopinavir/Ritonavir,Aluvia,200/50mg,Tablet,120,8000,289280.0,36.16,0.3,ABBVIE Ludwigshafen Germany,True,1647.0,3600.65,623.69
8527,84627,114-UG-T30,FPQ-7166,SO-38890,DN-2135,Uganda,PMO - US,From RDC,N/A - From RDC,Air,2011-02-11,2010-10-18,2011-04-18,2011-03-15,2011-03-15,ARV,Adult,SCMS from RDC,"Zidovudine 300mg, tablets, 60 Tabs",Zidovudine,Generic,300mg,Tablet,60,46113,332474.73,7.21,0.12,"Aurobindo Unit III, India",True,2534.0,16629.49,548.58
8528,84628,106-HT-T30,FPQ-6484,SO-38240,DN-2136,Haiti,PMO - US,From RDC,N/A - From RDC,Air,2010-10-13,2010-09-14,2011-03-14,2011-04-20,2011-04-20,ARV,Adult,SCMS from RDC,"Lopinavir/Ritonavir 200/50mg [Aluvia], tablets, 120 Tabs",Lopinavir/Ritonavir,Aluvia,200/50mg,Tablet,120,1320,47731.2,36.16,0.3,ABBVIE Ludwigshafen Germany,True,276.0,2080.2,102.91
8529,84629,104-CI-T30,FPQ-6495,SO-37700,DN-2137,Côte d'Ivoire,PMO - US,From RDC,N/A - From RDC,Air,2010-10-04,2010-09-30,2011-03-31,2011-03-29,2011-03-29,ARV,Adult,SCMS from RDC,"Lamivudine/Nevirapine/Zidovudine 150/200/300mg, tablets, 60 Tabs",Lamivudine/Nevirapine/Zidovudine,Generic,150/300/200mg,Tablet - FDC,60,99957,1121517.54,11.22,0.19,"Aurobindo Unit III, India",False,668.5,4063.81,2417.99
8530,84630,104-CI-T30,FPQ-6144,SO-38480,DN-2138,Côte d'Ivoire,PMO - US,From RDC,N/A - From RDC,Air,2010-08-03,2010-09-15,2011-03-15,2011-03-29,2011-03-29,ARV,Pediatric,SCMS from RDC,"Didanosine 200mg, chewable/dispersible tablets, 60 Tabs",Didanosine,Generic,200mg,Chewable/dispersible tablet,60,3008,46624.0,15.5,0.26,"Aurobindo Unit III, India",False,668.5,4063.81,100.52
8531,84631,104-CI-T30,FPQ-6144,SO-38480,DN-2138,Côte d'Ivoire,PMO - US,From RDC,N/A - From RDC,Air,2010-08-03,2010-09-15,2011-03-15,2011-03-29,2011-03-29,ARV,Adult,SCMS from RDC,"Lamivudine/Zidovudine 150/300mg, tablets, 60 Tabs",Lamivudine/Zidovudine,Generic,150/300mg,Tablet - FDC,60,15621,133559.55,8.55,0.14,Hetero Unit III Hyderabad IN,False,668.5,4063.81,287.95
8532,84632,110-ZM-T30,FPQ-6677,SO-38050,DN-2143,Zambia,PMO - US,From RDC,N/A - From RDC,Truck,2010-11-08,2010-10-15,2011-04-15,2011-04-05,2011-04-05,ARV,Adult,SCMS from RDC,"Abacavir 300mg, tablets, 60 Tabs",Abacavir,Generic,300mg,Tablet,60,4875,77463.75,15.89,0.26,"Cipla, Patalganga, India",True,2556.0,4471.07,127.82
8533,84633,104-CI-T30,FPQ-6891,SO-38540,DN-2153,Côte d'Ivoire,PMO - US,From RDC,N/A - From RDC,Air,2010-12-21,2010-10-20,2011-04-20,2011-06-10,2011-06-10,ARV,Pediatric,SCMS from RDC,"Lamivudine 10mg/ml, oral solution w/syringe, Bottle, 240 ml",Lamivudine,Generic,10mg/ml,Oral solution,240,7420,13727.0,1.85,0.01,"Aurobindo Unit III, India",False,668.5,4063.81,22.65
8534,84634,109-TZ-T30,FPQ-7347,SO-39010,DN-2151,Tanzania,PMO - US,From RDC,N/A - From RDC,Air,2011-03-07,2010-10-07,2011-04-07,2011-03-31,2011-03-31,ARV,Adult,SCMS from RDC,"Efavirenz 600mg, tablets, 30 Tabs",Efavirenz,Generic,600mg,Tablet,30,4738,19994.36,4.22,0.14,Mylan (formerly Matrix) Nashik,False,668.5,8925.0,32.99
8535,84638,104-CI-T30,FPQ-6144,SO-38980,DN-2159,Côte d'Ivoire,PMO - US,From RDC,N/A - From RDC,Air,2010-08-03,2010-09-30,2011-03-31,2011-06-07,2011-06-07,ARV,Pediatric,SCMS from RDC,"Efavirenz 200mg, capsule, 90 Caps",Efavirenz,Generic,200mg,Capsule,90,20,194.2,9.71,0.11,"Aurobindo Unit III, India",True,5.0,3380.36,0.42
8536,84639,104-CI-T30,FPQ-6891,SO-38570,DN-2161,Côte d'Ivoire,PMO - US,From RDC,N/A - From RDC,Air,2010-12-21,2010-12-30,2011-06-30,2011-06-07,2011-06-07,ARV,Adult,SCMS from RDC,"Abacavir 300mg, tablets, 60 Tabs",Abacavir,Generic,300mg,Tablet,60,2383,36936.5,15.5,0.26,"Aurobindo Unit III, India",True,882.0,4516.67,60.95
8537,84640,113-ZW-T30,FPQ-6470,SO-37850,DN-2181,Zimbabwe,PMO - US,From RDC,N/A - From RDC,Truck,2010-10-13,2010-09-30,2011-03-31,2011-05-20,2011-05-20,ARV,Adult,SCMS from RDC,"Lamivudine/Nevirapine/Stavudine 150/200/30mg, tablets, 60 Tabs",Lamivudine/Nevirapine/Stavudine,Generic,150/200/30mg,Tablet - FDC,60,88719,493277.64,5.56,0.09,"Cipla, Goa, India",True,11668.0,15697.15,1063.51
8538,84641,113-ZW-T30,FPQ-6470,SO-37850,DN-2181,Zimbabwe,PMO - US,From RDC,N/A - From RDC,Truck,2010-10-13,2010-09-30,2011-03-31,2011-05-20,2011-05-20,ARV,Adult,SCMS from RDC,"Lamivudine/Nevirapine/Stavudine 150/200/30mg, tablets, 60 Tabs",Lamivudine/Nevirapine/Stavudine,Generic,150/200/30mg,Tablet - FDC,60,22074,122731.44,5.56,0.09,"Cipla, Goa, India",False,668.5,6721.705,264.61
8539,84642,104-CI-T30,FPQ-6144,SO-38990,DN-2187,Côte d'Ivoire,PMO - US,From RDC,N/A - From RDC,Air,2010-08-03,2010-09-23,2011-03-23,2011-06-07,2011-06-07,ARV,Pediatric,SCMS from RDC,"Efavirenz 200mg, capsule, 90 Caps",Efavirenz,Generic,200mg,Capsule,90,20,194.2,9.71,0.11,"Aurobindo Unit III, India",True,3.0,1355.31,0.42
8540,84643,114-UG-T30,FPQ-6901,SO-39320,DN-2190,Uganda,PMO - US,From RDC,N/A - From RDC,Truck,2010-12-22,2010-10-20,2011-04-20,2011-05-03,2011-05-03,ARV,Adult,SCMS from RDC,"Efavirenz/Emtricitabine/Tenofovir Disoproxil Fumarate 600/200/300mg, tablets, 30 Tabs",Efavirenz/Emtricitabine/Tenofovir Disoproxil Fumarate,Generic,600/200/300mg,Tablet - FDC,30,6600,131472.0,19.92,0.66,Mylan (formerly Matrix) Nashik,True,720.0,4647.66,216.93
8541,84644,114-UG-T30,FPQ-7395,SO-39140,DN-2201,Uganda,PMO - US,From RDC,N/A - From RDC,Truck,2011-03-11,2010-12-06,2011-06-06,2011-06-01,2011-06-01,ARV,Adult,SCMS from RDC,"Lamivudine/Tenofovir Disoproxil Fumarate 300/300mg, tablets, 30 Tabs",Lamivudine/Tenofovir Disoproxil Fumarate,Generic,300/300mg,Tablet - FDC,30,2559,22570.38,8.82,0.29,Mylan (formerly Matrix) Nashik,True,338.0,3397.95,37.24
8542,84645,200-ZW-T30,FPQ-6483,SO-37880,DN-2203,Zimbabwe,PMO - US,From RDC,N/A - From RDC,Truck,2010-10-13,2010-11-30,2011-05-31,2011-06-13,2011-06-13,ARV,Pediatric,SCMS from RDC,"Efavirenz 50mg, capsule, 30 Caps",Efavirenz,Generic,50mg,Capsule,30,4250,9520.0,2.24,0.07,"Aurobindo Unit III, India",False,430.5,6721.705,20.53
8543,84646,105-GY-T30,FPQ-7464,SO-39360,DN-2204,Guyana,PMO - US,From RDC,N/A - From RDC,Air,2011-03-22,2010-12-20,2011-06-20,2011-05-16,2011-05-16,ARV,Pediatric,SCMS from RDC,"Nevirapine 10mg/ml, oral suspension w/syringe, Bottle, 240 ml",Nevirapine,Generic,10mg/ml,Oral suspension,240,600,1170.0,1.95,0.01,"Aurobindo Unit III, India",True,239.0,3106.89,1.93
8544,84647,113-ZW-T30,FPQ-6470,SO-39510,DN-2205,Zimbabwe,PMO - US,From RDC,N/A - From RDC,Truck,2010-10-13,2010-11-30,2011-05-31,2011-06-15,2011-06-15,ARV,Adult,SCMS from RDC,"Lamivudine/Nevirapine/Stavudine 150/200/30mg, tablets, 60 Tabs",Lamivudine/Nevirapine/Stavudine,Generic,150/200/30mg,Tablet - FDC,60,69207,372333.66,5.38,0.09,"Cipla, Goa, India",False,668.5,6721.705,802.75
8545,84648,113-ZW-T30,FPQ-6470,SO-39510,DN-2205,Zimbabwe,PMO - US,From RDC,N/A - From RDC,Truck,2010-10-13,2010-11-30,2011-05-31,2011-06-15,2011-06-15,ARV,Adult,SCMS from RDC,"Lamivudine/Tenofovir Disoproxil Fumarate 300/300mg, tablets, 30 Tabs",Lamivudine/Tenofovir Disoproxil Fumarate,Generic,300/300mg,Tablet - FDC,30,10114,87283.82,8.63,0.29,Mylan (formerly Matrix) Nashik,False,1019.0,6721.705,188.18
8546,84649,151-NG-T30,FPQ-6800,SO-38250,DN-2175,Nigeria,PMO - US,From RDC,N/A - From RDC,Air Charter,2010-12-07,2010-12-21,2011-06-21,2011-05-11,2011-05-11,ARV,Adult,SCMS from RDC,"Nevirapine 200mg, tablets, 60 Tabs",Nevirapine,Generic,200mg,Tablet,60,41142,103266.42,2.51,0.04,"Strides, Bangalore, India.",True,2822.0,12601.12,170.39
8547,84650,151-NG-T30,FPQ-7217,SO-39610,DN-2225,Nigeria,PMO - US,From RDC,N/A - From RDC,Air Charter,2011-02-21,2010-12-15,2011-06-15,2011-07-06,2011-07-06,ARV,Adult,SCMS from RDC,"Lamivudine/Nevirapine/Zidovudine 150/200/300mg, tablets, 60 Tabs",Lamivudine/Nevirapine/Zidovudine,Generic,150/300/200mg,Tablet - FDC,60,53109,595882.98,11.22,0.19,"Aurobindo Unit III, India",True,19464.0,13398.06,983.21
8548,84651,100-BJ-T30,FPQ-7658,SO-39790,DN-2237,Benin,PMO - US,From RDC,N/A - From RDC,Air,2011-05-15,2010-12-13,2011-06-13,2011-06-09,2011-06-09,ARV,Adult,SCMS from RDC,"Lamivudine/Tenofovir Disoproxil Fumarate 300/300mg, tablets, 30 Tabs",Lamivudine/Tenofovir Disoproxil Fumarate,Generic,300/300mg,Tablet - FDC,30,4545,39223.35,8.63,0.29,Mylan (formerly Matrix) Nashik,False,668.5,6477.67,64.72
8549,84652,100-BJ-T30,FPQ-7658,SO-39790,DN-2237,Benin,PMO - US,From RDC,N/A - From RDC,Air,2011-05-15,2010-12-13,2011-06-13,2011-06-09,2011-06-09,ARV,Adult,SCMS from RDC,"Efavirenz 600mg, tablets, 30 Tabs",Efavirenz,Generic,600mg,Tablet,30,575,2426.5,4.22,0.14,"Aurobindo Unit III, India",False,668.5,6477.67,4.0
8550,84653,100-BJ-T30,FPQ-7658,SO-39790,DN-2237,Benin,PMO - US,From RDC,N/A - From RDC,Air,2011-05-15,2010-12-13,2011-06-13,2011-06-09,2011-06-09,ARV,Adult,SCMS from RDC,"Lamivudine/Nevirapine/Zidovudine 150/200/300mg, tablets, 60 Tabs",Lamivudine/Nevirapine/Zidovudine,Generic,150/300/200mg,Tablet - FDC,60,2590,29059.8,11.22,0.19,Mylan (formerly Matrix) Nashik,False,257.0,6477.67,47.95
8551,84654,111-MZ-T30,FPQ-7053,SO-39820,DN-2242,Mozambique,PMO - US,From RDC,N/A - From RDC,Truck,2011-01-24,2011-02-10,2011-08-10,2011-08-04,2011-08-04,ARV,Pediatric,SCMS from RDC,"Nevirapine 10mg/ml, oral suspension w/syringe, Bottle, 240 ml",Nevirapine,Generic,10mg/ml,Oral suspension,240,14000,27300.0,1.95,0.01,"Aurobindo Unit III, India",True,14413.0,5491.01,45.04
8552,84655,110-ZM-T30,FPQ-7233,SO-39920,DN-2255,Zambia,PMO - US,From RDC,N/A - From RDC,Truck,2011-03-01,2011-01-15,2011-07-15,2011-07-11,2011-07-11,ARV,Pediatric,SCMS from RDC,"Nevirapine 10mg/ml, oral suspension, Bottle, 240 ml",Nevirapine,Generic,10mg/ml,Oral suspension,240,20000,36000.0,1.8,0.01,"Aurobindo Unit III, India",True,7482.0,6801.72,59.4
8553,84656,114-UG-T30,FPQ-7652,SO-39490,DN-2256,Uganda,PMO - US,From RDC,N/A - From RDC,Truck,2011-04-29,2011-02-01,2011-08-01,2011-06-28,2011-06-28,ARV,Adult,SCMS from RDC,"Tenofovir Disoproxil Fumarate 300mg, tablets, 30 Tabs",Tenofovir Disoproxil Fumarate,Generic,300mg,Tablet,30,2011,13212.27,6.57,0.22,Mylan (formerly Matrix) Nashik,True,126.0,1661.0,21.8
8554,84657,109-TZ-T30,FPQ-6713,SO-38160,DN-2261,Tanzania,PMO - US,From RDC,N/A - From RDC,Truck,2010-12-02,2010-10-28,2011-04-28,2011-07-15,2011-07-15,ARV,Adult,SCMS from RDC,"Efavirenz/Emtricitabine/Tenofovir Disoproxil Fumarate 600/200/300mg, tablets, 30 Tabs",Efavirenz/Emtricitabine/Tenofovir Disoproxil Fumarate,Generic,600/200/300mg,Tablet - FDC,30,54375,1083150.0,19.92,0.66,Mylan (formerly Matrix) Nashik,True,11129.0,13838.17,1787.2
8555,84658,100-GH-T30,FPQ-7799,SO-39980,DN-2262,Ghana,PMO - US,From RDC,N/A - From RDC,Air,2011-06-06,2011-01-04,2011-07-04,2011-06-09,2011-06-09,ARV,Adult,SCMS from RDC,"Tenofovir Disoproxil Fumarate 300mg, tablets, 30 Tabs",Tenofovir Disoproxil Fumarate,Generic,300mg,Tablet,30,1086,6972.12,6.42,0.21,"Aurobindo Unit III, India",True,90.0,226.25,11.5
8556,84659,100-ZW-T30,FPQ-7559,SO-40040,DN-2266,Zimbabwe,PMO - US,From RDC,N/A - From RDC,Truck,2011-04-29,2011-02-15,2011-08-15,2011-08-11,2011-08-11,ARV,Pediatric,SCMS from RDC,"Abacavir 20mg/ml, oral solution, Bottle, 240 ml",Abacavir,Generic,20mg/ml,Oral solution,240,1191,16197.6,13.6,0.06,"Aurobindo Unit III, India",True,445.0,2143.48,26.73
8557,84660,111-MZ-T30,FPQ-7053,SO-38660,DN-2269,Mozambique,PMO - US,From RDC,N/A - From RDC,Truck,2011-01-24,2011-02-28,2011-08-31,2011-09-01,2011-09-01,ARV,Adult,SCMS from RDC,"Lamivudine/Zidovudine 150/300mg, tablets, 60 Tabs",Lamivudine/Zidovudine,Generic,150/300mg,Tablet - FDC,60,39636,338887.8,8.55,0.14,"Aurobindo Unit III, India",True,3666.0,3525.04,559.16
8558,84661,106-HT-T30,FPQ-6801,SO-38212,DN-2291,Haiti,PMO - US,From RDC,N/A - From RDC,Air,2010-12-14,2011-01-19,2011-07-19,2011-07-17,2011-07-17,ARV,Pediatric,SCMS from RDC,"Lamivudine 10mg/ml, oral solution w/syringe, Bottle, 240 ml",Lamivudine,Generic,10mg/ml,Oral solution,240,5110,9862.3,1.93,0.01,"Aurobindo Unit III, India",True,1840.0,14866.14,16.27
8559,84662,109-TZ-T30,FPQ-8002,SO-40190,DN-2306,Tanzania,PMO - US,From RDC,N/A - From RDC,Truck,2011-07-04,2011-02-05,2011-08-05,2011-08-16,2011-08-16,ARV,Adult,SCMS from RDC,"Lopinavir/Ritonavir 200/50mg [Aluvia], tablets, 120 Tabs",Lopinavir/Ritonavir,Aluvia,200/50mg,Tablet,120,4389,148084.86,33.74,0.28,ABBVIE Ludwigshafen Germany,True,880.0,3175.7,244.34
8560,84663,111-MZ-T30,FPQ-7053,SO-38634,DN-2303,Mozambique,PMO - US,From RDC,N/A - From RDC,Truck,2011-01-24,2011-03-30,2011-09-30,2011-09-15,2011-09-15,ARV,Adult,SCMS from RDC,"Nevirapine 200mg, tablets, 60 Tabs",Nevirapine,Generic,200mg,Tablet,60,1890,4876.2,2.58,0.04,"Aurobindo Unit VII, IN",True,183.0,112.87,8.05
8561,84664,106-HT-T30,FPQ-6801,SO-38213,DN-2310,Haiti,PMO - US,From RDC,N/A - From RDC,Air,2010-12-14,2011-01-19,2011-07-19,2011-08-11,2011-08-11,ARV,Adult,SCMS from RDC,"Lamivudine/Zidovudine 150/300mg, tablets, 60 Tabs",Lamivudine/Zidovudine,Generic,150/300mg,Tablet - FDC,60,18958,162090.9,8.55,0.14,Mylan (formerly Matrix) Nashik,False,668.5,2946.7200000000003,267.45
8562,84665,104-CI-T30,FPQ-7659,SO-40110,DN-2311,Côte d'Ivoire,PMO - US,From RDC,N/A - From RDC,Air,2011-05-03,2011-04-25,2011-10-25,2011-08-05,2011-08-05,ARV,Pediatric,SCMS from RDC,"Abacavir 20mg/ml, oral solution w/syringe, Bottle, 240 ml",Abacavir,Generic,20mg/ml,Oral solution,240,576,7200.0,12.5,0.05,"Aurobindo Unit III, India",True,212.0,1771.26,11.88
8563,84667,110-ZM-T30,FPQ-7233,SO-39030,DN-2338,Zambia,PMO - US,From RDC,N/A - From RDC,Truck,2011-03-01,2011-03-26,2011-09-26,2011-09-26,2011-09-26,ARV,Adult,SCMS from RDC,"Emtricitabine/Tenofovir Disoproxil Fumarate 200/300mg, tablets, 30 Tabs",Emtricitabine/Tenofovir Disoproxil Fumarate,Generic,200/300mg,Tablet - FDC,30,169985,1665853.0,9.8,0.33,Mylan (formerly Matrix) Nashik,True,18994.0,21077.51,2748.66
8564,84668,110-ZM-T30,FPQ-7085,SO-38742,DN-2342,Zambia,PMO - US,From RDC,N/A - From RDC,Truck,2011-02-03,2011-03-29,2011-09-29,2011-09-26,2011-09-26,ARV,Adult,SCMS from RDC,"Lamivudine/Zidovudine 150/300mg, tablets, 60 Tabs",Lamivudine/Zidovudine,Generic,150/300mg,Tablet - FDC,60,176308,1456304.08,8.26,0.14,"Aurobindo Unit VII, IN",True,17967.0,21180.7,2402.9
8565,84671,151-NG-T30,FPQ-7812,SO-39992,DN-2351,Nigeria,PMO - US,From RDC,N/A - From RDC,Air Charter,2011-06-06,2011-05-03,2011-11-03,2011-09-28,2011-09-28,ARV,Adult,SCMS from RDC,"Nevirapine 200mg, tablets, 60 Tabs",Nevirapine,Generic,200mg,Tablet,60,164398,412638.98,2.51,0.04,Hetero Unit III Hyderabad IN,True,9988.0,18495.9,680.85
8566,84753,104-CI-T30,FPQ-9063,SO-41361,DN-2851,Côte d'Ivoire,PMO - US,From RDC,N/A - From RDC,Truck,2011-12-21,2012-03-28,2012-09-28,2012-09-10,2012-09-10,ARV,Adult,SCMS from RDC,"Efavirenz 600mg, tablets, 30 Tabs",Efavirenz,Generic,600mg,Tablet,30,34760,132435.6,3.81,0.13,"Aurobindo Unit III, India",True,3367.0,12589.74,185.67
8567,84672,901-SZ-T30,FPQ-8360,SO-40580,DN-2359,Swaziland,PMO - US,From RDC,N/A - From RDC,Air,2011-09-02,2011-03-30,2011-09-30,2011-10-06,2011-10-06,ARV,Adult,SCMS from RDC,"Lopinavir/Ritonavir 200/50mg, tablets, 120 Tabs",Lopinavir/Ritonavir,Generic,200/50mg,Tablet,120,5410,181776.0,33.6,0.28,"Aurobindo Unit III, India",False,668.5,3467.885,299.93
8568,84673,105-GY-T30,FPQ-8024,SO-40450,DN-2361,Guyana,PMO - US,From RDC,N/A - From RDC,Air,2011-08-19,2011-06-15,2011-12-15,2011-09-28,2011-09-28,ARV,Adult,SCMS from RDC,"Stavudine 15mg, capsules, 60 Caps",Stavudine,Generic,15mg,Capsule,60,21,27.72,1.32,0.02,"Aurobindo Unit III, India",True,294.0,4338.44,0.05
8569,84674,104-CI-T30,FPQ-7659,SO-40123,DN-2369,Côte d'Ivoire,PMO - US,From RDC,N/A - From RDC,Air,2011-05-03,2011-04-14,2011-10-14,2011-10-08,2011-10-08,ARV,Adult,SCMS from RDC,"Efavirenz 600mg, tablets, 30 Tabs",Efavirenz,Generic,600mg,Tablet,30,62231,262614.82,4.22,0.14,"Strides, Bangalore, India.",True,3789.0,13956.38,433.31
8570,84675,901-SZ-T30,FPQ-8360,SO-40591,DN-2371,Swaziland,PMO - US,From RDC,N/A - From RDC,Air,2011-09-02,2011-03-30,2011-09-30,2011-09-29,2011-09-29,ARV,Adult,SCMS from RDC,"Lamivudine/Nevirapine/Zidovudine 150/200/300mg, tablets, 60 Tabs",Lamivudine/Nevirapine/Zidovudine,Generic,150/300/200mg,Tablet - FDC,60,19100,214302.0,11.22,0.19,"Aurobindo Unit VII, IN",True,2237.0,3148.12,353.6
8571,84676,109-TZ-T30,FPQ-6713,SO-40710,DN-2375,Tanzania,PMO - US,From RDC,N/A - From RDC,Truck,2010-12-02,2011-03-29,2011-09-29,2011-09-23,2011-09-23,ARV,Adult,SCMS from RDC,"Efavirenz/Emtricitabine/Tenofovir Disoproxil Fumarate 600/200/300mg, tablets, 30 Tabs",Efavirenz/Emtricitabine/Tenofovir Disoproxil Fumarate,Generic,600/200/300mg,Tablet - FDC,30,68235,1359241.2,19.92,0.66,Mylan (formerly Matrix) Nashik,True,83.0,2094.34,2242.75
8572,84677,110-ZM-T30,FPQ-7085,SO-38730,DN-2385,Zambia,PMO - US,From RDC,N/A - From RDC,Truck,2011-02-03,2011-04-30,2011-10-31,2011-11-04,2011-11-04,ARV,Adult,SCMS from RDC,"Efavirenz 600mg, tablets, 30 Tabs",Efavirenz,Generic,600mg,Tablet,30,72974,315247.68,4.32,0.14,"Strides, Bangalore, India.",True,4471.0,10370.59,520.16
8573,84678,113-ZW-T30,FPQ-7052,SO-38513,DN-2410,Zimbabwe,PMO - US,From RDC,N/A - From RDC,Truck,2011-01-19,2011-05-14,2011-11-14,2011-11-21,2011-11-21,ARV,Adult,SCMS from RDC,"Lamivudine/Stavudine 150/30mg, tablets, 60 Tabs",Lamivudine/Stavudine,Generic,150/30mg,Tablet - FDC,60,76,224.2,2.95,0.05,"Cipla, Goa, India",True,248.0,481.71,0.37
8574,84679,151-NG-T30,FPQ-8364,SO-40726,DN-2403,Nigeria,PMO - US,From RDC,N/A - From RDC,Air Charter,2011-08-29,2011-09-16,2012-03-16,2011-10-13,2011-10-13,ARV,Adult,SCMS from RDC,"Lamivudine/Tenofovir Disoproxil Fumarate 300/300mg, tablets, 30 Tabs",Lamivudine/Tenofovir Disoproxil Fumarate,Generic,300/300mg,Tablet - FDC,30,18354,151053.42,8.23,0.27,Mylan (formerly Matrix) Nashik,True,1794.0,21326.7,249.24
8575,84680,200-ZW-T30,FPQ-6483,SO-37900,DN-2411,Zimbabwe,PMO - US,From RDC,N/A - From RDC,Truck,2010-10-13,2011-05-30,2011-11-30,2011-11-21,2011-11-21,ARV,Pediatric,SCMS from RDC,"Lamivudine/Nevirapine/Zidovudine 30/50/60mg, dispersible tablets, 60 Tabs",Lamivudine/Nevirapine/Zidovudine,Generic,30/50/60mg,Chewable/dispersible tablet - FDC,60,30060,127755.0,4.25,0.07,Mylan (formerly Matrix) Nashik,True,1754.0,3537.26,275.44
8576,84681,104-CI-T30,FPQ-7659,SO-40090,DN-2419,Côte d'Ivoire,PMO - US,From RDC,N/A - From RDC,Air,2011-05-03,2011-06-20,2011-12-20,2011-11-19,2011-11-19,ARV,Pediatric,SCMS from RDC,"Didanosine 200mg, chewable/dispersible tablets, 60 Tabs",Didanosine,Generic,200mg,Chewable/dispersible tablet,60,5184,77760.0,15.0,0.25,"Aurobindo Unit III, India",True,1103.0,3296.34,128.3
8577,84682,104-CI-T30,FPQ-8295,SO-40750,DN-2420,Côte d'Ivoire,PMO - US,From RDC,N/A - From RDC,Truck,2011-08-25,2011-06-09,2011-12-09,2011-11-19,2011-11-19,ARV,Adult,SCMS from RDC,"Tenofovir Disoproxil Fumarate 300mg, tablets, 30 Tabs",Tenofovir Disoproxil Fumarate,Generic,300mg,Tablet,30,3040,19516.8,6.42,0.21,Mylan (formerly Matrix) Nashik,False,163.0,6757.815,32.2
8578,84683,900-SZ-T30,FPQ-8417,SO-40700,DN-2426,Swaziland,PMO - US,From RDC,N/A - From RDC,Air,2011-09-14,2011-05-17,2011-11-17,2011-11-07,2011-11-07,ARV,Adult,SCMS from RDC,"Lamivudine/Nevirapine/Zidovudine 150/200/300mg, tablets, 60 Tabs",Lamivudine/Nevirapine/Zidovudine,Generic,150/300/200mg,Tablet - FDC,60,45113,506167.86,11.22,0.19,Mylan (formerly Matrix) Nashik,True,5856.0,22711.84,835.18
8579,84684,110-ZM-T30,FPQ-7767,SO-40272,DN-2434,Zambia,PMO - US,From RDC,N/A - From RDC,Truck,2011-07-26,2011-08-28,2012-02-28,2011-11-28,2011-11-28,ARV,Adult,SCMS from RDC,"Zidovudine 300mg, tablets, 60 Tabs",Zidovudine,Generic,300mg,Tablet,60,6376,44759.52,7.02,0.12,Hetero Unit III Hyderabad IN,True,639.0,889.94,73.85
8580,84685,114-UG-T30,FPQ-8520,SO-40911,DN-2435,Uganda,PMO - US,From RDC,N/A - From RDC,Truck,2011-10-05,2011-07-09,2012-01-09,2011-12-01,2011-12-01,ARV,Adult,SCMS from RDC,"Lamivudine/Zidovudine 150/300mg, tablets, 60 Tabs",Lamivudine/Zidovudine,Generic,150/300mg,Tablet - FDC,60,1529,12629.54,8.26,0.14,"Aurobindo Unit III, India",False,668.5,5458.45,20.84
8581,84686,151-NG-T30,FPQ-7812,SO-40728,DN-2451,Nigeria,PMO - US,From RDC,N/A - From RDC,Air Charter,2011-06-06,2011-06-20,2011-12-20,2011-12-18,2011-12-18,ARV,Adult,SCMS from RDC,"Efavirenz 600mg, tablets, 30 Tabs",Efavirenz,Generic,600mg,Tablet,30,15802,66684.44,4.22,0.14,"Strides, Bangalore, India.",True,1086.0,15322.73,110.03
8582,84687,151-NG-T30,FPQ-8364,SO-40661,DN-2465,Nigeria,PMO - US,From RDC,N/A - From RDC,Air Charter,2011-08-29,2011-09-16,2012-03-16,2011-12-18,2011-12-18,ARV,Adult,SCMS from RDC,"Lamivudine/Nevirapine/Zidovudine 150/200/300mg, tablets, 60 Tabs",Lamivudine/Nevirapine/Zidovudine,Generic,150/300/200mg,Tablet - FDC,60,45042,505371.24,11.22,0.19,"Aurobindo Unit III, India",False,668.5,12601.07,833.86
8583,84688,104-CI-T30,FPQ-8363,SO-40831,DN-2469,Côte d'Ivoire,PMO - US,From RDC,N/A - From RDC,Air Charter,2011-08-29,2011-10-27,2012-04-27,2012-02-08,2012-02-08,ARV,Adult,SCMS from RDC,"Lamivudine/Zidovudine 150/300mg, tablets, 60 Tabs",Lamivudine/Zidovudine,Generic,150/300mg,Tablet - FDC,60,57061,471323.86,8.26,0.14,"Cipla, Goa, India",False,668.5,2330.215,777.68
8584,84689,110-ZM-T30,FPQ-8383,SO-40740,DN-2476,Zambia,PMO - US,From RDC,N/A - From RDC,Truck,2011-09-11,2011-07-19,2012-01-19,2011-12-23,2011-12-23,ARV,Adult,SCMS from RDC,"Emtricitabine/Tenofovir Disoproxil Fumarate 200/300mg, tablets, 30 Tabs",Emtricitabine/Tenofovir Disoproxil Fumarate,Generic,200/300mg,Tablet - FDC,30,113925,1021907.25,8.97,0.3,Mylan (formerly Matrix) Nashik,True,9875.0,14325.71,1686.15
8585,84690,109-TZ-T30,FPQ-8297,SO-40641,DN-2484,Tanzania,PMO - US,From RDC,N/A - From RDC,Truck,2011-08-22,2011-09-12,2012-03-12,2012-03-12,2012-03-12,ARV,Adult,SCMS from RDC,"Abacavir 300mg, tablets, 60 Tabs",Abacavir,Generic,300mg,Tablet,60,23940,350242.2,14.63,0.24,Mylan (formerly Matrix) Nashik,True,1500.0,1698.83,577.9
8586,84691,101-CD-T30,FPQ-8840,SO-41132,DN-2494,"Congo, DRC",PMO - US,From RDC,N/A - From RDC,Air,2011-11-21,2011-09-16,2012-03-16,2012-02-14,2012-02-14,ARV,Adult,SCMS from RDC,"Efavirenz 600mg, tablets, 30 Tabs",Efavirenz,Generic,600mg,Tablet,30,27,111.24,4.12,0.14,"Strides, Bangalore, India.",False,5.0,2346.5699999999997,0.16
8587,84692,101-CD-T30,FPQ-8840,SO-41132,DN-2494,"Congo, DRC",PMO - US,From RDC,N/A - From RDC,Air,2011-11-21,2011-09-16,2012-03-16,2012-02-14,2012-02-14,ARV,Adult,SCMS from RDC,"Lamivudine/Nevirapine/Zidovudine 150/200/300mg, tablets, 60 Tabs",Lamivudine/Nevirapine/Zidovudine,Generic,150/300/200mg,Tablet - FDC,60,226,2486.0,11.0,0.18,Mylan (formerly Matrix) Nashik,False,668.5,2346.5699999999997,3.49
8588,84693,101-CD-T30,FPQ-8840,SO-41132,DN-2494,"Congo, DRC",PMO - US,From RDC,N/A - From RDC,Air,2011-11-21,2011-09-16,2012-03-16,2012-02-14,2012-02-14,ARV,Adult,SCMS from RDC,"Lopinavir/Ritonavir 200/50mg, tablets, 120 Tabs",Lopinavir/Ritonavir,Generic,200/50mg,Tablet,120,20,674.8,33.74,0.28,"Aurobindo Unit III, India",False,35.5,2346.5699999999997,0.95
8589,84694,101-CD-T30,FPQ-8840,SO-41133,DN-2495,"Congo, DRC",PMO - US,From RDC,N/A - From RDC,Air,2011-11-21,2011-09-16,2012-03-16,2012-02-14,2012-02-14,ARV,Adult,SCMS from RDC,"Abacavir 300mg, tablets, 60 Tabs",Abacavir,Generic,300mg,Tablet,60,23,336.49,14.63,0.24,Mylan (formerly Matrix) Nashik,False,27.0,2346.5699999999997,0.47
8590,84695,101-CD-T30,FPQ-8840,SO-41134,DN-2496,"Congo, DRC",PMO - US,From RDC,N/A - From RDC,Air,2011-11-21,2011-09-16,2012-03-16,2012-02-14,2012-02-14,ARV,Adult,SCMS from RDC,"Efavirenz 600mg, tablets, 30 Tabs",Efavirenz,Generic,600mg,Tablet,30,19,78.28,4.12,0.14,"Strides, Bangalore, India.",False,668.5,2346.5699999999997,0.11
8591,84696,101-CD-T30,FPQ-8840,SO-41134,DN-2496,"Congo, DRC",PMO - US,From RDC,N/A - From RDC,Air,2011-11-21,2011-09-16,2012-03-16,2012-02-14,2012-02-14,ARV,Adult,SCMS from RDC,"Lopinavir/Ritonavir 200/50mg, tablets, 120 Tabs",Lopinavir/Ritonavir,Generic,200/50mg,Tablet,120,17,573.58,33.74,0.28,"Aurobindo Unit III, India",False,50.0,2346.5699999999997,0.8
8592,84697,101-CD-T30,FPQ-8840,SO-41134,DN-2496,"Congo, DRC",PMO - US,From RDC,N/A - From RDC,Air,2011-11-21,2011-09-16,2012-03-16,2012-02-14,2012-02-14,ARV,Adult,SCMS from RDC,"Nevirapine 200mg, tablets, 60 Tabs",Nevirapine,Generic,200mg,Tablet,60,40,103.2,2.58,0.04,"Strides, Bangalore, India.",False,56.5,2346.5699999999997,0.14
8593,84698,101-CD-T30,FPQ-8840,SO-41135,DN-2497,"Congo, DRC",PMO - US,From RDC,N/A - From RDC,Air,2011-11-21,2011-09-16,2012-03-16,2012-02-14,2012-02-14,ARV,Adult,SCMS from RDC,"Abacavir 300mg, tablets, 60 Tabs",Abacavir,Generic,300mg,Tablet,60,9,131.67,14.63,0.24,Mylan (formerly Matrix) Nashik,False,1.0,2346.5699999999997,0.18
8594,84699,101-CD-T30,FPQ-8840,SO-41136,DN-2498,"Congo, DRC",PMO - US,From RDC,N/A - From RDC,Air,2011-11-21,2011-09-16,2012-03-16,2012-02-14,2012-02-14,ARV,Adult,SCMS from RDC,"Lamivudine/Zidovudine 150/300mg, tablets, 60 Tabs",Lamivudine/Zidovudine,Generic,150/300mg,Tablet - FDC,60,45,371.7,8.26,0.14,"Aurobindo Unit III, India",False,13.0,2346.5699999999997,0.52
8595,84700,101-CD-T30,FPQ-8840,SO-41136,DN-2498,"Congo, DRC",PMO - US,From RDC,N/A - From RDC,Air,2011-11-21,2011-09-16,2012-03-16,2012-02-14,2012-02-14,ARV,Adult,SCMS from RDC,"Lopinavir/Ritonavir 200/50mg, tablets, 120 Tabs",Lopinavir/Ritonavir,Generic,200/50mg,Tablet,120,9,303.66,33.74,0.28,"Aurobindo Unit III, India",False,1.0,2346.5699999999997,0.43
8596,84701,101-CD-T30,FPQ-8840,SO-41137,DN-2499,"Congo, DRC",PMO - US,From RDC,N/A - From RDC,Air,2011-11-21,2011-09-16,2012-03-16,2012-02-14,2012-02-14,ARV,Adult,SCMS from RDC,"Lamivudine/Nevirapine/Zidovudine 150/200/300mg, tablets, 60 Tabs",Lamivudine/Nevirapine/Zidovudine,Generic,150/300/200mg,Tablet - FDC,60,680,7480.0,11.0,0.18,Mylan (formerly Matrix) Nashik,False,1299.0,2346.5699999999997,10.49
8597,84702,101-CD-T30,FPQ-8840,SO-41147,DN-2511,"Congo, DRC",PMO - US,From RDC,N/A - From RDC,Air,2011-11-21,2011-09-16,2012-03-16,2012-03-14,2012-03-14,ARV,Adult,SCMS from RDC,"Lamivudine/Tenofovir Disoproxil Fumarate 300/300mg, tablets, 30 Tabs",Lamivudine/Tenofovir Disoproxil Fumarate,Generic,300/300mg,Tablet - FDC,30,45,273.6,6.08,0.2,Mylan (formerly Matrix) Nashik,False,13.0,2346.5699999999997,0.38
8598,84704,106-HT-T30,FPQ-9056,SO-41320,DN-2521,Haiti,PMO - US,From RDC,N/A - From RDC,Air,2011-12-20,2011-09-30,2012-03-30,2012-02-13,2012-02-13,ARV,Adult,SCMS from RDC,"Lamivudine/Nevirapine/Stavudine 150/200/30mg, tablets, 60 Tabs",Lamivudine/Nevirapine/Stavudine,Generic,150/200/30mg,Tablet - FDC,60,180,968.4,5.38,0.09,"Strides, Bangalore, India.",True,37.0,1221.01,1.36
8599,84705,101-CD-T30,FPQ-8840,SO-41384,DN-2525,"Congo, DRC",PMO - US,From RDC,N/A - From RDC,Air,2011-11-21,2011-09-22,2012-03-22,2012-03-22,2012-03-22,ARV,Adult,SCMS from RDC,"Lamivudine 150mg, tablets, 60 Tabs",Lamivudine,Generic,150mg,Tablet,60,43,100.19,2.33,0.04,Hetero Unit III Hyderabad IN,True,2.0,91.42,0.14
8600,84706,101-CD-T30,FPQ-8840,SO-41385,DN-2526,"Congo, DRC",PMO - US,From RDC,N/A - From RDC,Air,2011-11-21,2011-09-22,2012-03-22,2012-03-22,2012-03-22,ARV,Adult,SCMS from RDC,"Lamivudine 150mg, tablets, 60 Tabs",Lamivudine,Generic,150mg,Tablet,60,23,53.59,2.33,0.04,Hetero Unit III Hyderabad IN,True,1.0,522.42,0.08
8601,84707,101-CD-T30,FPQ-8840,SO-41386,DN-2527,"Congo, DRC",PMO - US,From RDC,N/A - From RDC,Air,2011-11-21,2011-09-22,2012-03-22,2012-03-22,2012-03-22,ARV,Adult,SCMS from RDC,"Lamivudine 150mg, tablets, 60 Tabs",Lamivudine,Generic,150mg,Tablet,60,24,55.92,2.33,0.04,Hetero Unit III Hyderabad IN,True,2.0,522.42,0.08
8602,84708,106-HT-T30,FPQ-9056,SO-41300,DN-2535,Haiti,PMO - US,From RDC,N/A - From RDC,Air,2011-12-20,2011-09-02,2012-03-02,2012-03-12,2012-03-12,ARV,Adult,SCMS from RDC,"Lamivudine/Nevirapine/Zidovudine 150/200/300mg, tablets, 60 Tabs",Lamivudine/Nevirapine/Zidovudine,Generic,150/300/200mg,Tablet - FDC,60,66672,733392.0,11.0,0.18,"Aurobindo Unit III, India",False,668.5,2946.7200000000003,1028.22
8603,84709,114-UG-T30,FPQ-8522,SO-40920,DN-2549,Uganda,PMO - US,From RDC,N/A - From RDC,Truck,2011-10-05,2011-09-30,2012-03-30,2012-02-17,2012-02-17,ARV,Adult,SCMS from RDC,"Lamivudine 150mg, tablets, 60 Tabs",Lamivudine,Generic,150mg,Tablet,60,2596,6048.68,2.33,0.04,"Aurobindo Unit III, India",True,125.0,1831.41,9.98
8604,84710,104-CI-T30,FPQ-8363,SO-40820,DN-2551,Côte d'Ivoire,PMO - US,From RDC,N/A - From RDC,Truck,2011-08-29,2011-09-02,2012-03-02,2012-02-24,2012-02-24,ARV,Adult,SCMS from RDC,"Emtricitabine/Tenofovir Disoproxil Fumarate 200/300mg, tablets, 30 Tabs",Emtricitabine/Tenofovir Disoproxil Fumarate,Generic,200/300mg,Tablet - FDC,30,10760,94150.0,8.75,0.29,"Aurobindo Unit III, India",False,668.5,6757.815,155.35
8605,84711,109-TZ-T30,FPQ-8297,SO-40600,DN-2571,Tanzania,PMO - US,From RDC,N/A - From RDC,Truck,2011-08-22,2011-10-11,2012-04-11,2012-04-11,2012-04-11,ARV,Adult,SCMS from RDC,"Efavirenz 600mg, tablets, 30 Tabs",Efavirenz,Generic,600mg,Tablet,30,137269,579275.18,4.22,0.14,"Strides, Bangalore, India.",True,8474.0,3279.25,955.8
8606,84712,102-BI-T30,FPQ-9229,SO-41530,DN-2594,Burundi,PMO - US,From RDC,N/A - From RDC,Air,2012-01-25,2011-10-26,2012-04-26,2012-05-04,2012-05-04,ARV,Adult,SCMS from RDC,"Efavirenz 600mg, tablets, 30 Tabs",Efavirenz,Generic,600mg,Tablet,30,27000,111240.0,4.12,0.14,"Strides, Bangalore, India.",False,668.5,3544.4849999999997,155.96
8607,84713,102-BI-T30,FPQ-9229,SO-41540,DN-2595,Burundi,PMO - US,From RDC,N/A - From RDC,Air,2012-01-25,2011-10-26,2012-04-26,2012-04-09,2012-04-09,ARV,Pediatric,SCMS from RDC,"Lamivudine 10mg/ml, oral solution w/syringe, Bottle, 240 ml",Lamivudine,Generic,10mg/ml,Oral solution,240,240,444.0,1.85,0.01,"Aurobindo Unit III, India",False,25.0,3544.4849999999997,0.62
8608,84714,109-TZ-T30,FPQ-8297,SO-40610,DN-2598,Tanzania,PMO - US,From RDC,N/A - From RDC,Truck,2011-08-22,2011-11-04,2012-05-04,2012-04-11,2012-04-11,ARV,Adult,SCMS from RDC,"Lamivudine/Zidovudine 150/300mg, tablets, 60 Tabs",Lamivudine/Zidovudine,Generic,150/300mg,Tablet - FDC,60,150446,1242683.96,8.26,0.14,Hetero Unit III Hyderabad IN,False,668.5,3623.2,2050.43
8609,84715,114-UG-T30,FPQ-8522,SO-40932,DN-2602,Uganda,PMO - US,From RDC,N/A - From RDC,Truck,2011-10-05,2011-10-16,2012-04-16,2012-03-27,2012-03-27,ARV,Adult,SCMS from RDC,"Efavirenz 600mg, tablets, 30 Tabs",Efavirenz,Generic,600mg,Tablet,30,24657,101586.84,4.12,0.14,"Strides, Bangalore, India.",True,1511.0,7403.01,167.62
8610,84716,114-UG-T30,FPQ-9354,SO-41640,DN-2609,Uganda,PMO - US,From RDC,N/A - From RDC,Air,2012-02-20,2011-12-21,2012-06-21,2012-03-27,2012-03-27,ARV,Adult,SCMS from RDC,"Efavirenz/Emtricitabine/Tenofovir Disoproxil Fumarate 600/200/300mg, tablets, 30 Tabs",Efavirenz/Emtricitabine/Tenofovir Disoproxil Fumarate,Generic,600/200/300mg,Tablet - FDC,30,11852,198283.96,16.73,0.56,Mylan (formerly Matrix) Nashik,True,1342.0,6340.2,277.99
8611,84717,113-ZW-T30,FPQ-8464,SO-40860,DN-2621,Zimbabwe,PMO - US,From RDC,N/A - From RDC,Truck,2011-10-04,2011-10-17,2012-04-17,2012-05-07,2012-05-07,ARV,Adult,SCMS from RDC,"Lamivudine/Zidovudine 150/300mg, tablets, 60 Tabs",Lamivudine/Zidovudine,Generic,150/300mg,Tablet - FDC,60,3345,27629.7,8.26,0.14,"Cipla, Goa, India",False,7114.0,6721.705,45.59
8612,84718,104-CI-T30,FPQ-8787,SO-41150,DN-2623,Côte d'Ivoire,PMO - US,From RDC,N/A - From RDC,Air,2011-11-11,2011-10-16,2012-04-16,2012-04-11,2012-04-11,ARV,Pediatric,SCMS from RDC,"Didanosine 200mg, delayed-release capsules, 30 Caps",Didanosine,Generic,200mg,Delayed-release capsules,30,3765,41415.0,11.0,0.37,"Aurobindo Unit III, India",False,303.0,4063.81,58.06
8613,84719,107-RW-T30,FPQ-9190,SO-41430,DN-2625,Rwanda,PMO - US,From RDC,N/A - From RDC,Air,2012-01-27,2011-12-29,2012-06-29,2012-04-17,2012-04-17,ARV,Pediatric,SCMS from RDC,"Efavirenz 200mg, capsule, 90 Caps",Efavirenz,Generic,200mg,Capsule,90,487,4207.68,8.64,0.1,"Aurobindo Unit III, India",True,66.0,585.42,5.9
8614,84720,102-DO-T30,FPQ-9676,SO-41870,DN-2639,Dominican Republic,PMO - US,From RDC,N/A - From RDC,Air,2012-04-09,2011-11-21,2012-05-21,2012-05-16,2012-05-16,ARV,Pediatric,SCMS from RDC,"Zidovudine 10mg/ml, oral solution w/syringe, Bottle, 240 ml",Zidovudine,Generic,10mg/ml,Oral solution,240,1100,2310.0,2.1,0.01,"Aurobindo Unit III, India",False,127.0,3026.24,3.24
8615,84721,102-LY-T30,FPQ-9665,SO-41890,DN-2640,Libya,PMO - US,From RDC,N/A - From RDC,Air,2012-04-04,2011-12-06,2012-06-06,2012-05-08,2012-05-08,ARV,Adult,SCMS from RDC,"Tenofovir Disoproxil Fumarate 300mg, tablets, 30 Tabs",Tenofovir Disoproxil Fumarate,Generic,300mg,Tablet,30,150,825.0,5.5,0.18,Mylan (formerly Matrix) Nashik,False,53.5,2268.54,1.16
8616,84722,151-NG-T30,FPQ-8952,SO-41922,DN-2649,Nigeria,PMO - US,From RDC,N/A - From RDC,Air Charter,2011-12-08,2011-12-20,2012-06-20,2012-04-30,2012-04-30,ARV,Adult,SCMS from RDC,"Lamivudine/Tenofovir Disoproxil Fumarate 300/300mg, tablets, 30 Tabs",Lamivudine/Tenofovir Disoproxil Fumarate,Generic,300/300mg,Tablet - FDC,30,140273,777112.42,5.54,0.18,Mylan (formerly Matrix) Nashik,True,11734.0,27441.22,1089.51
8617,84723,107-RW-T30,FPQ-9637,SO-41820,DN-2653,Rwanda,PMO - US,From RDC,N/A - From RDC,Air,2012-03-28,2011-12-29,2012-06-29,2012-05-15,2012-05-15,ARV,Adult,SCMS from RDC,"Efavirenz 600mg, tablets, 30 Tabs",Efavirenz,Generic,600mg,Tablet,30,24126,94332.66,3.91,0.13,"Strides, Bangalore, India.",True,1444.0,15842.34,132.25
8618,84724,107-RW-T30,FPQ-9911,SO-42090,DN-2670,Rwanda,PMO - US,From RDC,N/A - From RDC,Air,2012-05-11,2011-12-08,2012-06-08,2012-06-01,2012-06-01,ARV,Pediatric,SCMS from RDC,"Abacavir 20mg/ml, oral solution, Bottle, 240 ml",Abacavir,Generic,20mg/ml,Oral solution,240,1004,8534.0,8.5,0.04,"Cipla, Goa, India",True,1.0,3253.88,11.96
8619,84725,113-ZW-T30,FPQ-8464,SO-40882,DN-2682,Zimbabwe,PMO - US,From RDC,N/A - From RDC,Truck,2011-10-04,2012-02-14,2012-08-14,2012-05-10,2012-05-10,ARV,Adult,SCMS from RDC,"Lamivudine/Nevirapine/Stavudine 150/200/30mg, tablets, 60 Tabs",Lamivudine/Nevirapine/Stavudine,Generic,150/200/30mg,Tablet - FDC,60,4050,19035.0,4.7,0.08,"Strides, Bangalore, India.",True,195.0,6721.705,31.41
8620,84726,107-RW-T30,FPQ-9912,SO-42150,DN-2674,Rwanda,PMO - US,From RDC,N/A - From RDC,Air,2012-05-11,2011-12-29,2012-06-29,2012-06-01,2012-06-01,ARV,Adult,SCMS from RDC,"Lamivudine/Zidovudine 150/300mg, tablets, 60 Tabs",Lamivudine/Zidovudine,Generic,150/300mg,Tablet - FDC,60,30480,237134.4,7.78,0.13,Mylan (formerly Matrix) Nashik,True,698.0,26845.35,332.46
8621,84727,114-UG-T30,FPQ-9875,SO-42050,DN-2675,Uganda,PMO - US,From RDC,N/A - From RDC,Air,2012-05-09,2012-01-04,2012-07-04,2012-06-12,2012-06-12,ARV,Adult,SCMS from RDC,"Nevirapine 200mg, tablets, 60 Tabs",Nevirapine,Generic,200mg,Tablet,60,12974,31656.56,2.44,0.04,Mylan (formerly Matrix) Nashik,False,668.5,2485.92,44.38
8622,84728,111-MZ-T30,FPQ-8157,SO-40384,DN-2680,Mozambique,PMO - US,From RDC,N/A - From RDC,Truck,2011-08-04,2011-11-16,2012-05-16,2012-05-10,2012-05-10,ARV,Adult,SCMS from RDC,"Lamivudine/Nevirapine/Stavudine 150/200/30mg, tablets, 60 Tabs",Lamivudine/Nevirapine/Stavudine,Generic,150/200/30mg,Tablet - FDC,60,4050,19035.0,4.7,0.08,"Strides, Bangalore, India.",True,195.0,5192.68,31.41
8623,84729,107-RW-T30,FPQ-9888,SO-42110,DN-2673,Rwanda,PMO - US,From RDC,N/A - From RDC,Air,2012-05-11,2011-12-15,2012-06-15,2012-06-01,2012-06-01,ARV,Adult,SCMS from RDC,"Abacavir 300mg, tablets, 60 Tabs",Abacavir,Generic,300mg,Tablet,60,12000,157800.0,13.15,0.22,Mylan (formerly Matrix) Nashik,True,1239.0,28202.0,221.24
8624,84730,105-GY-T30,FPQ-9819,SO-42030,DN-2700,Guyana,PMO - US,From RDC,N/A - From RDC,Air,2012-05-04,2012-01-10,2012-07-10,2012-06-18,2012-06-18,ARV,Adult,SCMS from RDC,"Zidovudine 300mg, tablets, 60 Tabs",Zidovudine,Generic,300mg,Tablet,60,852,5802.12,6.81,0.11,"Aurobindo Unit III, India",True,46.0,1255.62,8.13
8625,84731,113-ZW-T30,FPQ-8464,SO-40891,DN-2694,Zimbabwe,PMO - US,From RDC,N/A - From RDC,Truck,2011-10-04,2012-04-16,2012-10-16,2012-06-27,2012-06-27,ARV,Adult,SCMS from RDC,"Lamivudine/Nevirapine/Zidovudine 150/200/300mg, tablets, 60 Tabs",Lamivudine/Nevirapine/Zidovudine,Generic,150/300/200mg,Tablet - FDC,60,11574,119096.46,10.29,0.17,Mylan (formerly Matrix) Nashik,False,793.0,6721.705,196.51
8626,84732,151-NG-T30,FPQ-9432,SO-42643,DN-2734,Nigeria,PMO - US,From RDC,N/A - From RDC,Air Charter,2012-03-01,2012-02-02,2012-08-02,2012-07-10,2012-07-10,ARV,Adult,SCMS from RDC,"Emtricitabine/Tenofovir Disoproxil Fumarate 200/300mg, tablets, 30 Tabs",Emtricitabine/Tenofovir Disoproxil Fumarate,Generic,200/300mg,Tablet - FDC,30,53000,376830.0,7.11,0.24,"Aurobindo Unit III, India",True,5252.0,21347.13,528.32
8627,84733,113-ZW-T30,FPQ-8464,SO-40890,DN-2741,Zimbabwe,PMO - US,From RDC,N/A - From RDC,Truck,2011-10-04,2012-04-16,2012-10-16,2012-07-23,2012-07-23,ARV,Adult,SCMS from RDC,"Lamivudine/Tenofovir Disoproxil Fumarate 300/300mg, tablets, 30 Tabs",Lamivudine/Tenofovir Disoproxil Fumarate,Generic,300/300mg,Tablet - FDC,30,78082,418519.52,5.36,0.18,Mylan (formerly Matrix) Nashik,False,10902.0,6721.705,690.56
8628,84734,114-UG-T30,FPQ-9355,SO-41593,DN-2744,Uganda,PMO - US,From RDC,N/A - From RDC,Truck,2012-02-20,2012-03-05,2012-09-05,2012-07-26,2012-07-26,ARV,Adult,SCMS from RDC,"Efavirenz/Emtricitabine/Tenofovir Disoproxil Fumarate 600/200/300mg, tablets, 30 Tabs",Efavirenz/Emtricitabine/Tenofovir Disoproxil Fumarate,Generic,600/200/300mg,Tablet - FDC,30,6150,92496.0,15.04,0.5,Mylan (formerly Matrix) Nashik,False,668.5,5458.45,129.68
8629,84735,114-UG-T30,FPQ-9355,SO-41593,DN-2744,Uganda,PMO - US,From RDC,N/A - From RDC,Truck,2012-02-20,2012-03-05,2012-09-05,2012-07-26,2012-07-26,ARV,Adult,SCMS from RDC,"Tenofovir Disoproxil Fumarate 300mg, tablets, 30 Tabs",Tenofovir Disoproxil Fumarate,Generic,300mg,Tablet,30,804,3875.28,4.82,0.16,Mylan (formerly Matrix) Nashik,False,68.0,5458.45,5.43
8630,84736,110-ZM-T30,FPQ-9081,SO-41282,DN-2748,Zambia,PMO - US,From RDC,N/A - From RDC,Truck,2011-12-22,2012-01-31,2012-07-31,2012-07-30,2012-07-30,ARV,Adult,SCMS from RDC,"Nevirapine 200mg, tablets, 60 Tabs",Nevirapine,Generic,200mg,Tablet,60,16947,41011.74,2.42,0.04,Mylan (formerly Matrix) Nashik,True,1956.0,8709.0,57.5
8631,84737,104-CI-T30,FPQ-8790,SO-41202,DN-2752,Côte d'Ivoire,PMO - US,From RDC,N/A - From RDC,Air,2011-11-11,2012-01-31,2012-07-31,2012-07-31,2012-07-31,ARV,Adult,SCMS from RDC,"Lamivudine/Zidovudine 150/300mg, tablets, 60 Tabs",Lamivudine/Zidovudine,Generic,150/300mg,Tablet - FDC,60,336,2614.08,7.78,0.13,Mylan (formerly Matrix) Nashik,True,27.0,1845.31,3.66
8632,84738,151-NG-T30,FPQ-9432,SO-42930,DN-2791,Nigeria,PMO - US,From RDC,N/A - From RDC,Air Charter,2012-03-01,2012-02-20,2012-08-20,2012-08-14,2012-08-14,ARV,Adult,SCMS from RDC,"Lamivudine/Zidovudine 150/300mg, tablets, 60 Tabs",Lamivudine/Zidovudine,Generic,150/300mg,Tablet - FDC,60,12616,100928.0,8.0,0.13,Hetero Unit III Hyderabad IN,False,668.5,12601.07,141.5
8633,84739,151-NG-T30,FPQ-9432,SO-42932,DN-2793,Nigeria,PMO - US,From RDC,N/A - From RDC,Air Charter,2012-03-01,2012-02-20,2012-08-20,2012-08-14,2012-08-14,ARV,Adult,SCMS from RDC,"Emtricitabine/Tenofovir Disoproxil Fumarate 200/300mg, tablets, 30 Tabs",Emtricitabine/Tenofovir Disoproxil Fumarate,Generic,200/300mg,Tablet - FDC,30,41665,296238.15,7.11,0.24,"Aurobindo Unit III, India",True,5110.0,18461.22,415.33
8634,84740,107-RW-T30,FPQ-9888,SO-42134,DN-2797,Rwanda,PMO - US,From RDC,N/A - From RDC,Air,2012-05-11,2012-02-29,2012-08-31,2012-08-23,2012-08-23,ARV,Adult,SCMS from RDC,"Abacavir 300mg, tablets, 60 Tabs",Abacavir,Generic,300mg,Tablet,60,6985,91852.75,13.15,0.22,"Aurobindo Unit III, India",True,718.0,12688.85,128.78
8635,84741,107-RW-T30,FPQ-10042,SO-42490,DN-2798,Rwanda,PMO - US,From RDC,N/A - From RDC,Air,2012-06-04,2012-02-29,2012-08-31,2012-08-23,2012-08-23,ARV,Adult,SCMS from RDC,"Efavirenz 600mg, tablets, 30 Tabs",Efavirenz,Generic,600mg,Tablet,30,2000,7820.0,3.91,0.13,"Aurobindo Unit III, India",False,274.0,5865.805,10.96
8636,84742,104-CI-T30,FPQ-9749,SO-42350,DN-2806,Côte d'Ivoire,PMO - US,From RDC,N/A - From RDC,Truck,2012-04-19,2012-04-01,2012-10-01,2012-08-27,2012-08-27,ARV,Adult,SCMS from RDC,"Abacavir/Lamivudine/Zidovudine 300/150/300mg, tablets, 60 Tabs",Abacavir/Lamivudine/Zidovudine,Generic,300/150/300mg,Tablet - FDC,60,2050,57400.0,28.0,0.47,Mylan (formerly Matrix) Nashik,True,312.0,2128.15,80.47
8637,84743,104-CI-T30,FPQ-9261,SO-41490,DN-2809,Côte d'Ivoire,PMO - US,From RDC,N/A - From RDC,Truck,2012-01-30,2012-03-17,2012-09-17,2012-08-27,2012-08-27,ARV,Adult,SCMS from RDC,"Lopinavir/Ritonavir 200/50mg, tablets, 120 Tabs",Lopinavir/Ritonavir,Generic,200/50mg,Tablet,120,13033,381997.23,29.31,0.24,"Aurobindo Unit III, India",False,668.5,6757.815,535.56
8638,84744,102-CD-T30,FPQ-9906,SO-42340,DN-2812,"Congo, DRC",PMO - US,From RDC,N/A - From RDC,Air,2012-05-15,2012-08-14,2013-02-14,2013-02-14,2013-02-14,ARV,Adult,SCMS from RDC,"Nevirapine 200mg, tablets, 60 Tabs",Nevirapine,Generic,200mg,Tablet,60,739,1803.16,2.44,0.04,Hetero Unit III Hyderabad IN,False,668.5,2346.5699999999997,2.53
8639,84745,104-CI-T30,FPQ-9749,SO-42401,DN-2814,Côte d'Ivoire,PMO - US,From RDC,N/A - From RDC,Truck,2012-04-19,2012-04-30,2012-10-30,2012-08-27,2012-08-27,ARV,Adult,SCMS from RDC,"Efavirenz/Lamivudine/Tenofovir Disoproxil Fumarate 600/300/300mg, tablets, 30 Tabs",Efavirenz/Lamivudine/Tenofovir Disoproxil Fumarate,Generic,600/300/300mg,Tablet - FDC,30,40230,533852.1,13.27,0.44,Mylan (formerly Matrix) Nashik,True,4525.0,11874.85,748.46
8640,84746,114-UG-T30,FPQ-9355,SO-41594,DN-2815,Uganda,PMO - US,From RDC,N/A - From RDC,Truck,2012-02-20,2012-04-30,2012-10-30,2012-10-30,2012-10-30,ARV,Adult,SCMS from RDC,"Lamivudine/Zidovudine 150/300mg, tablets, 60 Tabs",Lamivudine/Zidovudine,Generic,150/300mg,Tablet - FDC,60,5154,39788.88,7.72,0.13,Hetero Unit III Hyderabad IN,True,429.0,3293.34,55.78
8641,84747,104-CI-T30,FPQ-9063,SO-41360,DN-2816,Côte d'Ivoire,PMO - US,From RDC,N/A - From RDC,Truck,2011-12-21,2012-04-02,2012-10-02,2012-08-27,2012-08-27,ARV,Adult,SCMS from RDC,"Lamivudine/Nevirapine/Zidovudine 150/200/300mg, tablets, 60 Tabs",Lamivudine/Nevirapine/Zidovudine,Generic,150/300/200mg,Tablet - FDC,60,75000,735750.0,9.81,0.16,Mylan (formerly Matrix) Nashik,True,14413.0,11874.85,1031.52
8642,84748,900-TZ-T30,FPQ-10391,SO-43010,DN-2820,Tanzania,PMO - US,From RDC,N/A - From RDC,Air,2012-07-26,2012-04-26,2012-10-26,2012-10-26,2012-10-26,ARV,Adult,SCMS from RDC,"Lamivudine/Zidovudine 150/300mg, tablets, 60 Tabs",Lamivudine/Zidovudine,Generic,150/300mg,Tablet - FDC,60,147230,1136615.6,7.72,0.13,Hetero Unit III Hyderabad IN,False,668.5,8925.0,1593.54
8643,84749,900-TZ-T30,FPQ-10391,SO-43011,DN-2822,Tanzania,PMO - US,From RDC,N/A - From RDC,Air,2012-07-26,2012-04-26,2012-10-26,2012-10-26,2012-10-26,ARV,Adult,SCMS from RDC,"Efavirenz 600mg, tablets, 30 Tabs",Efavirenz,Generic,600mg,Tablet,30,90000,342900.0,3.81,0.13,"Aurobindo Unit III, India",True,7867.0,21567.19,480.75
8644,84750,900-UG-T30,FPQ-10048,SO-42620,DN-2824,Uganda,PMO - US,From RDC,N/A - From RDC,Air,2012-06-06,2012-04-30,2012-10-30,2012-10-30,2012-10-30,ARV,Adult,SCMS from RDC,"Nevirapine 200mg, tablets, 60 Tabs",Nevirapine,Generic,200mg,Tablet,60,36000,87840.0,2.44,0.04,"Strides, Bangalore, India.",True,2026.0,10095.9,123.15
8645,84751,114-UG-T30,FPQ-9875,SO-42052,DN-2830,Uganda,PMO - US,From RDC,N/A - From RDC,Air,2012-05-09,2012-04-18,2012-10-18,2012-10-18,2012-10-18,ARV,Adult,SCMS from RDC,"Nevirapine 200mg, tablets, 60 Tabs",Nevirapine,Generic,200mg,Tablet,60,635,1549.4,2.44,0.04,"Strides, Bangalore, India.",True,1779.0,9325.16,2.17
8646,84752,102-ZW-T30,FPQ-9927,SO-42281,DN-2835,Zimbabwe,PMO - US,From RDC,N/A - From RDC,Truck,2012-05-15,2012-03-25,2012-09-25,2012-09-03,2012-09-03,ARV,Adult,SCMS from RDC,"Nevirapine 200mg, tablets, 60 Tabs",Nevirapine,Generic,200mg,Tablet,60,60794,147121.48,2.42,0.04,Mylan (formerly Matrix) Nashik,True,6003.0,7423.38,206.26
8647,84754,104-CI-T30,FPQ-9063,SO-41361,DN-2851,Côte d'Ivoire,PMO - US,From RDC,N/A - From RDC,Truck,2011-12-21,2012-03-28,2012-09-28,2012-09-10,2012-09-10,ARV,Adult,SCMS from RDC,"Efavirenz 600mg, tablets, 30 Tabs",Efavirenz,Generic,600mg,Tablet,30,5308,20223.48,3.81,0.13,"Strides, Bangalore, India.",False,668.5,6757.815,28.35
8648,84755,107-RW-T30,FPQ-9888,SO-42140,DN-2853,Rwanda,PMO - US,From RDC,N/A - From RDC,Air,2012-05-11,2012-04-26,2012-10-26,2012-10-26,2012-10-26,ARV,Adult,SCMS from RDC,"Lopinavir/Ritonavir 200/50mg, tablets, 120 Tabs",Lopinavir/Ritonavir,Generic,200/50mg,Tablet,120,965,28641.2,29.68,0.25,Mylan (formerly Matrix) Nashik,False,344.0,5865.805,40.15
8649,84756,111-MZ-T30,FPQ-10210,SO-42831,DN-2864,Mozambique,PMO - US,From RDC,N/A - From RDC,Truck,2012-06-28,2012-05-30,2012-11-30,2012-10-10,2012-10-10,ARV,Adult,SCMS from RDC,"Efavirenz 600mg, tablets, 30 Tabs",Efavirenz,Generic,600mg,Tablet,30,22122,84284.82,3.81,0.13,"Strides, Bangalore, India.",True,1409.0,3855.95,118.17
8650,84757,110-ZM-T30,FPQ-9773,SO-41992,DN-2865,Zambia,PMO - US,From RDC,N/A - From RDC,Truck,2012-04-27,2012-04-10,2012-10-10,2012-10-05,2012-10-05,ARV,Adult,SCMS from RDC,"Nevirapine 200mg, tablets, 60 Tabs",Nevirapine,Generic,200mg,Tablet,60,100000,242000.0,2.42,0.04,Hetero Unit III Hyderabad IN,False,9389.5,6476.695,339.28
8651,84758,114-UG-T30,FPQ-10503,SO-43090,DN-2873,Uganda,PMO - US,From RDC,N/A - From RDC,Air,2012-08-15,2012-04-25,2012-10-25,2012-10-22,2012-10-22,ARV,Adult,SCMS from RDC,"Lamivudine/Zidovudine 150/300mg, tablets, 60 Tabs",Lamivudine/Zidovudine,Generic,150/300mg,Tablet - FDC,60,7126,55012.72,7.72,0.13,Mylan (formerly Matrix) Nashik,False,2261.0,2485.92,77.13
8652,84759,109-TZ-T30,FPQ-9774,SO-42650,DN-2883,Tanzania,PMO - US,From RDC,N/A - From RDC,Truck,2012-05-02,2012-05-30,2012-11-30,2012-10-31,2012-10-31,ARV,Adult,SCMS from RDC,"Abacavir 300mg, tablets, 60 Tabs",Abacavir,Generic,300mg,Tablet,60,13784,178640.64,12.96,0.22,Mylan (formerly Matrix) Nashik,False,668.5,3623.2,250.45
8653,84760,109-TZ-T30,FPQ-9303,SO-41551,DN-2889,Tanzania,PMO - US,From RDC,N/A - From RDC,Truck,2012-02-15,2012-05-30,2012-11-30,2012-11-06,2012-11-06,ARV,Pediatric,SCMS from RDC,"Lamivudine/Nevirapine/Stavudine 30/50/6mg, dispersible tablets, 60 Tabs",Lamivudine/Nevirapine/Stavudine,Generic,30/50/6mg,Chewable/dispersible tablet - FDC,60,1975,4542.5,2.3,0.04,"Cipla, Goa, India",False,668.5,3623.2,6.37
8654,84761,151-NG-T30,FPQ-9968,SO-42686,DN-2905,Nigeria,PMO - US,From RDC,N/A - From RDC,Air,2012-05-23,2012-05-06,2012-11-06,2012-11-06,2012-11-06,ARV,Adult,SCMS from RDC,"Efavirenz 600mg, tablets, 30 Tabs",Efavirenz,Generic,600mg,Tablet,30,120954,440272.56,3.64,0.12,"Aurobindo Unit III, India",True,11369.0,15459.09,617.26
8655,84762,151-NG-T30,FPQ-9968,SO-42687,DN-2906,Nigeria,PMO - US,From RDC,N/A - From RDC,Air,2012-05-23,2012-05-06,2012-11-06,2012-11-06,2012-11-06,ARV,Pediatric,SCMS from RDC,"Efavirenz 200mg, capsule, 90 Caps",Efavirenz,Generic,200mg,Capsule,90,2548,21046.48,8.26,0.09,"Aurobindo Unit III, India",True,370.0,15459.09,29.51
8656,84763,151-NG-T30,FPQ-9968,SO-42688,DN-2907,Nigeria,PMO - US,From RDC,N/A - From RDC,Air,2012-05-23,2012-05-06,2012-11-06,2012-11-06,2012-11-06,ARV,Adult,SCMS from RDC,"Lamivudine 150mg, tablets, 60 Tabs",Lamivudine,Generic,150mg,Tablet,60,12847,27749.52,2.16,0.04,Hetero Unit III Hyderabad IN,True,798.0,15459.09,38.9
8657,84764,103-ZW-T30,FPQ-9907,SO-42200,DN-2913,Zimbabwe,PMO - US,From RDC,N/A - From RDC,Truck,2012-05-15,2012-05-19,2012-11-19,2012-11-19,2012-11-19,ARV,Pediatric,SCMS from RDC,"Lamivudine/Zidovudine 30/60mg, tablets, 60 Tabs",Lamivudine/Zidovudine,Generic,30/60mg,Tablet - FDC,60,53733,148303.08,2.76,0.05,Mylan (formerly Matrix) Nashik,True,2232.0,6933.76,207.92
8658,84765,114-UG-T30,FPQ-10357,SO-42900,DN-2921,Uganda,PMO - US,From RDC,N/A - From RDC,Truck,2012-07-18,2012-06-10,2012-12-10,2012-11-19,2012-11-19,ARV,Adult,SCMS from RDC,"Lamivudine/Tenofovir Disoproxil Fumarate 300/300mg, tablets, 30 Tabs",Lamivudine/Tenofovir Disoproxil Fumarate,Generic,300/300mg,Tablet - FDC,30,22783,122116.88,5.36,0.18,Hetero Unit III Hyderabad IN,False,1285.0,5458.45,171.21
8659,84766,114-UG-T30,FPQ-10780,SO-43510,DN-2926,Uganda,PMO - US,From RDC,N/A - From RDC,Air,2012-10-10,2012-06-20,2012-12-20,2012-11-28,2012-11-28,ARV,Adult,SCMS from RDC,"Abacavir 300mg, tablets, 60 Tabs",Abacavir,Generic,300mg,Tablet,60,2067,26788.32,12.96,0.22,Mylan (formerly Matrix) Nashik,True,220.0,1616.45,37.56
8660,84767,113-ZW-T30,FPQ-7560,SO-39480,DN-2930,Zimbabwe,PMO - US,From RDC,N/A - From RDC,Truck,2011-04-26,2012-06-19,2012-12-19,2012-12-13,2012-12-13,ARV,Adult,SCMS from RDC,"Zidovudine 300mg, tablets, 60 Tabs",Zidovudine,Generic,300mg,Tablet,60,35061,237012.36,6.76,0.11,"Cipla, Goa, India",True,2247.0,8194.09,391.07
8661,84768,106-HT-T30,FPQ-10883,SO-43600,DN-2934,Haiti,PMO - US,From RDC,N/A - From RDC,Air,2012-10-30,2012-06-03,2012-12-03,2012-11-14,2012-11-14,ARV,Adult,SCMS from RDC,"Abacavir 300mg, tablets, 60 Tabs",Abacavir,Generic,300mg,Tablet,60,1980,25660.8,12.96,0.22,"Aurobindo Unit III, India",False,126.0,2946.7200000000003,31.74
8662,84769,106-HT-T30,FPQ-10883,SO-43600,DN-2934,Haiti,PMO - US,From RDC,N/A - From RDC,Air,2012-10-30,2012-06-03,2012-12-03,2012-11-14,2012-11-14,ARV,Adult,SCMS from RDC,"Lamivudine/Nevirapine/Zidovudine 150/200/300mg, tablets, 60 Tabs",Lamivudine/Nevirapine/Zidovudine,Generic,150/300/200mg,Tablet - FDC,60,9696,93275.52,9.62,0.16,Mylan (formerly Matrix) Nashik,False,668.5,2946.7200000000003,115.38
8663,84770,104-CI-T30,FPQ-10405,SO-42990,DN-2936,Côte d'Ivoire,PMO - US,From RDC,N/A - From RDC,Truck,2012-07-24,2012-06-13,2012-12-13,2012-12-03,2012-12-03,ARV,Adult,SCMS from RDC,"Lamivudine/Zidovudine 150/300mg, tablets, 60 Tabs",Lamivudine/Zidovudine,Generic,150/300mg,Tablet - FDC,60,36180,279309.6,7.72,0.13,Mylan (formerly Matrix) Nashik,True,2907.0,11320.56,391.59
8664,84771,151-NG-T30,FPQ-9968,SO-43435,DN-2946,Nigeria,PMO - US,From RDC,N/A - From RDC,Air,2012-05-23,2012-06-04,2012-12-04,2012-12-04,2012-12-04,ARV,Adult,SCMS from RDC,"Nevirapine 200mg, tablets, 60 Tabs",Nevirapine,Generic,200mg,Tablet,60,728,1761.76,2.42,0.04,"Aurobindo Unit III, India",False,668.5,10144.765,2.47
8665,84772,151-NG-T30,FPQ-9968,SO-43435,DN-2946,Nigeria,PMO - US,From RDC,N/A - From RDC,Air,2012-05-23,2012-06-04,2012-12-04,2012-12-04,2012-12-04,ARV,Adult,SCMS from RDC,"Nevirapine 200mg, tablets, 60 Tabs",Nevirapine,Generic,200mg,Tablet,60,35011,84726.62,2.42,0.04,Hetero Unit III Hyderabad IN,False,668.5,10144.765,118.79
8666,84773,114-UG-T30,FPQ-10556,SO-43190,DN-2951,Uganda,PMO - US,From RDC,N/A - From RDC,Air,2012-08-30,2012-08-01,2013-02-01,2013-02-01,2013-02-01,ARV,Adult,SCMS from RDC,"Nevirapine 200mg, tablets, 60 Tabs",Nevirapine,Generic,200mg,Tablet,60,4290,10381.8,2.42,0.04,Hetero Unit III Hyderabad IN,False,668.5,2485.92,14.56
8667,84774,151-NG-T30,FPQ-9968,SO-43434,DN-2945,Nigeria,PMO - US,From RDC,N/A - From RDC,Air,2012-05-23,2012-05-30,2012-11-30,2012-12-04,2012-12-04,ARV,Adult,SCMS from RDC,"Lamivudine/Tenofovir Disoproxil Fumarate 300/300mg, tablets, 30 Tabs",Lamivudine/Tenofovir Disoproxil Fumarate,Generic,300/300mg,Tablet - FDC,30,149952,803742.72,5.36,0.18,Hetero Unit III Hyderabad IN,False,668.5,10144.765,1126.85
8668,84775,104-CI-T30,FPQ-9749,SO-42373,DN-2954,Côte d'Ivoire,PMO - US,From RDC,N/A - From RDC,Truck,2012-04-19,2012-06-30,2012-12-31,2012-12-06,2012-12-06,ARV,Adult,SCMS from RDC,"Efavirenz 600mg, tablets, 30 Tabs",Efavirenz,Generic,600mg,Tablet,30,7640,27809.6,3.64,0.12,"Aurobindo Unit III, India",False,668.5,6757.815,38.99
8669,84776,109-TZ-T30,FPQ-10545,SO-43110,DN-2963,Tanzania,PMO - US,From RDC,N/A - From RDC,Truck,2012-08-24,2012-08-28,2013-02-28,2013-02-18,2013-02-18,ARV,Pediatric,SCMS from RDC,"Lamivudine/Nevirapine/Stavudine 60/100/12mg, dispersible tablets, 60 Tabs",Lamivudine/Nevirapine/Stavudine,Generic,60/100/12mg,Chewable/dispersible tablet - FDC,60,10727,46126.1,4.3,0.07,"Cipla, Goa, India",True,945.0,7579.6,64.67
8670,84777,110-ZM-T30,FPQ-10530,SO-43150,DN-2973,Zambia,PMO - US,From RDC,N/A - From RDC,Truck,2012-08-21,2012-07-09,2013-01-09,2013-01-07,2013-01-07,ARV,Adult,SCMS from RDC,"Lamivudine 150mg, tablets, 60 Tabs",Lamivudine,Generic,150mg,Tablet,60,70647,156836.34,2.22,0.04,Hetero Unit III Hyderabad IN,True,4067.0,14050.13,219.88
8671,84778,104-CI-T30,FPQ-9749,SO-42410,DN-2957,Côte d'Ivoire,PMO - US,From RDC,N/A - From RDC,Truck,2012-04-19,2012-07-31,2013-01-31,2013-01-14,2013-01-14,ARV,Pediatric,SCMS from RDC,"Lamivudine/Nevirapine/Zidovudine 30/50/60mg, dispersible tablets, 60 Tabs",Lamivudine/Nevirapine/Zidovudine,Generic,30/50/60mg,Chewable/dispersible tablet - FDC,60,5701,23659.15,4.15,0.07,Mylan (formerly Matrix) Nashik,True,338.0,3487.55,33.17
8672,84779,114-UG-T30,FPQ-10556,SO-43160,DN-2952,Uganda,PMO - US,From RDC,N/A - From RDC,Air,2012-08-30,2012-08-02,2013-02-02,2013-02-02,2013-02-02,ARV,Adult,SCMS from RDC,"Lamivudine/Zidovudine 150/300mg, tablets, 60 Tabs",Lamivudine/Zidovudine,Generic,150/300mg,Tablet - FDC,60,1485,11464.2,7.72,0.13,Mylan (formerly Matrix) Nashik,False,914.0,2485.92,16.07
8673,84780,113-ZW-T30,FPQ-10632,SO-43220,DN-2989,Zimbabwe,PMO - US,From RDC,N/A - From RDC,Truck,2012-09-11,2012-08-11,2013-02-11,2013-02-11,2013-02-11,ARV,Adult,SCMS from RDC,"Efavirenz 600mg, tablets, 30 Tabs",Efavirenz,Generic,600mg,Tablet,30,636,2264.16,3.56,0.12,"Strides, Bangalore, India.",False,668.5,6721.705,3.17
8674,84781,113-ZW-T30,FPQ-10632,SO-43220,DN-2989,Zimbabwe,PMO - US,From RDC,N/A - From RDC,Truck,2012-09-11,2012-08-11,2013-02-11,2013-02-11,2013-02-11,ARV,Adult,SCMS from RDC,"Lamivudine/Zidovudine 150/300mg, tablets, 60 Tabs",Lamivudine/Zidovudine,Generic,150/300mg,Tablet - FDC,60,3600,26172.0,7.27,0.12,"Cipla, Goa, India",False,320.0,6721.705,36.69
8675,84782,113-ZW-T30,FPQ-10632,SO-43220,DN-2989,Zimbabwe,PMO - US,From RDC,N/A - From RDC,Truck,2012-09-11,2012-08-11,2013-02-11,2013-02-11,2013-02-11,ARV,Adult,SCMS from RDC,"Lamivudine/Tenofovir Disoproxil Fumarate 300/300mg, tablets, 30 Tabs",Lamivudine/Tenofovir Disoproxil Fumarate,Generic,300/300mg,Tablet - FDC,30,119481,574703.61,4.81,0.16,"Aurobindo Unit VII, IN",False,668.5,6721.705,805.73
8676,84783,151-NG-T30,FPQ-10477,SO-43042,DN-2994,Nigeria,PMO - US,From RDC,N/A - From RDC,Air Charter,2012-08-09,2012-08-11,2013-02-11,2013-02-11,2013-02-11,ARV,Adult,SCMS from RDC,"Emtricitabine/Tenofovir Disoproxil Fumarate 200/300mg, tablets, 30 Tabs",Emtricitabine/Tenofovir Disoproxil Fumarate,Generic,200/300mg,Tablet - FDC,30,8326,53119.88,6.38,0.21,"Aurobindo Unit III, India",False,668.5,12601.07,74.47
8677,84784,151-NG-T30,FPQ-10477,SO-43044,DN-2996,Nigeria,PMO - US,From RDC,N/A - From RDC,Air Charter,2012-08-09,2012-08-11,2013-02-11,2013-02-11,2013-02-11,ARV,Adult,SCMS from RDC,"Nevirapine 200mg, tablets, 60 Tabs",Nevirapine,Generic,200mg,Tablet,60,49295,113871.45,2.31,0.04,"Aurobindo Unit III, India",True,12032.0,29780.5,159.65
8678,84785,114-UG-T30,FPQ-11143,SO-43961,DN-3001,Uganda,PMO - US,From RDC,N/A - From RDC,Air,2012-12-13,2012-08-22,2013-02-22,2013-02-20,2013-02-20,ARV,Adult,SCMS from RDC,"Lopinavir/Ritonavir 200/50mg, tablets, 120 Tabs",Lopinavir/Ritonavir,Generic,200/50mg,Tablet,120,12440,308014.4,24.76,0.21,"Aurobindo Unit III, India",False,668.5,2485.92,381.01
8679,84786,114-UG-T30,FPQ-11143,SO-43961,DN-3001,Uganda,PMO - US,From RDC,N/A - From RDC,Air,2012-12-13,2012-08-22,2013-02-22,2013-02-20,2013-02-20,ARV,Adult,SCMS from RDC,"Tenofovir Disoproxil Fumarate 300mg, tablets, 30 Tabs",Tenofovir Disoproxil Fumarate,Generic,300mg,Tablet,30,240,969.6,4.04,0.13,Mylan (formerly Matrix) Nashik,False,25.0,2485.92,1.2
8680,84787,106-HT-T30,FPQ-11281,SO-44410,DN-3014,Haiti,PMO - US,From RDC,N/A - From RDC,Air,2013-01-16,2012-10-09,2013-04-09,2013-01-03,2013-01-03,ARV,Pediatric,SCMS from RDC,"Lamivudine/Nevirapine/Stavudine 30/50/6mg, dispersible tablets, 60 Tabs",Lamivudine/Nevirapine/Stavudine,Generic,30/50/6mg,Chewable/dispersible tablet - FDC,60,562,1292.6,2.3,0.04,"Cipla, Goa, India",False,668.5,2946.7200000000003,1.6
8681,84788,104-CI-T30,FPQ-10405,SO-43000,DN-3023,Côte d'Ivoire,PMO - US,From RDC,N/A - From RDC,Truck,2012-07-24,2012-09-27,2013-03-27,2013-02-28,2013-02-28,ARV,Adult,SCMS from RDC,"Efavirenz 600mg, tablets, 30 Tabs",Efavirenz,Generic,600mg,Tablet,30,30000,99900.0,3.33,0.11,"Hetero, Jadcherla, unit 5, IN",False,3136.0,6757.815,140.06
8682,84789,113-ZW-T30,FPQ-10632,SO-43210,DN-3030,Zimbabwe,PMO - US,From RDC,N/A - From RDC,Truck,2012-09-11,2012-09-14,2013-03-14,2013-03-14,2013-03-14,ARV,Adult,SCMS from RDC,"Lamivudine/Zidovudine 150/300mg, tablets, 60 Tabs",Lamivudine/Zidovudine,Generic,150/300mg,Tablet - FDC,60,3600,26172.0,7.27,0.12,"Aurobindo Unit III, India",False,320.0,6721.705,36.69
8683,84790,113-ZW-T30,FPQ-10632,SO-43210,DN-3030,Zimbabwe,PMO - US,From RDC,N/A - From RDC,Truck,2012-09-11,2012-09-14,2013-03-14,2013-03-14,2013-03-14,ARV,Adult,SCMS from RDC,"Nevirapine 200mg, tablets, 60 Tabs",Nevirapine,Generic,200mg,Tablet,60,176693,399326.18,2.26,0.04,Hetero Unit III Hyderabad IN,False,668.5,6721.705,559.86
8684,84791,114-UG-T30,FPQ-11143,SO-43940,DN-3034,Uganda,PMO - US,From RDC,N/A - From RDC,Air,2012-12-13,2012-09-29,2013-03-29,2013-03-01,2013-03-01,ARV,Adult,SCMS from RDC,"Lamivudine/Zidovudine 150/300mg, tablets, 60 Tabs",Lamivudine/Zidovudine,Generic,150/300mg,Tablet - FDC,60,25680,186693.6,7.27,0.12,"Aurobindo Unit III, India",True,3988.0,39037.7,230.94
8685,84792,106-HT-T30,FPQ-11526,SO-44450,DN-3043,Haiti,PMO - US,From RDC,N/A - From RDC,Air,2013-01-30,2012-10-30,2013-04-30,2013-03-15,2013-03-15,ARV,Adult,SCMS from RDC,"Stavudine 15mg, capsules, 60 Caps",Stavudine,Generic,15mg,Capsule,60,216,285.12,1.32,0.02,"Aurobindo Unit III, India",True,165.0,3048.08,0.35
8686,84793,106-HT-T30,FPQ-11281,SO-44400,DN-3015,Haiti,PMO - US,From RDC,N/A - From RDC,Air,2013-01-16,2012-10-09,2013-04-09,2013-03-14,2013-03-14,ARV,Adult,SCMS from RDC,"Lamivudine 150mg, tablets, 60 Tabs",Lamivudine,Generic,150mg,Tablet,60,1980,3940.2,1.99,0.03,Hetero Unit III Hyderabad IN,False,126.0,2946.7200000000003,4.87
8687,84794,106-HT-T30,FPQ-11281,SO-44400,DN-3015,Haiti,PMO - US,From RDC,N/A - From RDC,Air,2013-01-16,2012-10-09,2013-04-09,2013-03-14,2013-03-14,ARV,Pediatric,SCMS from RDC,"Lamivudine/Zidovudine 30/60mg, tablets, 60 Tabs",Lamivudine/Zidovudine,Generic,30/60mg,Tablet - FDC,60,7392,16705.92,2.26,0.04,"Aurobindo Unit III, India",False,668.5,2946.7200000000003,20.67
8688,84795,104-CI-T30,FPQ-10633,SO-43340,DN-3046,Côte d'Ivoire,PMO - US,From RDC,N/A - From RDC,Truck,2012-09-11,2012-10-30,2013-04-30,2013-03-08,2013-03-08,ARV,Adult,SCMS from RDC,"Tenofovir Disoproxil Fumarate 300mg, tablets, 30 Tabs",Tenofovir Disoproxil Fumarate,Generic,300mg,Tablet,30,4500,18180.0,4.04,0.13,Mylan (formerly Matrix) Nashik,False,380.0,6757.815,25.49
8689,84796,113-ZW-T30,FPQ-11002,SO-43701,DN-3049,Zimbabwe,PMO - US,From RDC,N/A - From RDC,Truck,2012-11-16,2012-10-30,2013-04-30,2013-03-23,2013-03-23,ARV,Adult,SCMS from RDC,"Nevirapine 200mg, tablets, 60 Tabs",Nevirapine,Generic,200mg,Tablet,60,40869,92363.94,2.26,0.04,Hetero Unit III Hyderabad IN,True,2520.0,15000.0,114.25
8690,84797,110-ZM-T30,FPQ-11553,SO-44473,DN-3053,Zambia,PMO - US,From RDC,N/A - From RDC,Truck,2013-01-28,2012-12-25,2013-06-25,2013-03-22,2013-03-22,ARV,Adult,SCMS from RDC,"Nevirapine 200mg, tablets, 60 Tabs",Nevirapine,Generic,200mg,Tablet,60,40000,92400.0,2.31,0.04,Hetero Unit III Hyderabad IN,True,2452.0,5520.86,114.3
8691,84798,113-ZW-T30,FPQ-10895,SO-43590,DN-3055,Zimbabwe,PMO - US,From RDC,N/A - From RDC,Truck,2012-10-25,2012-11-30,2013-05-31,2013-03-14,2013-03-14,ARV,Adult,SCMS from RDC,"Efavirenz/Lamivudine/Tenofovir Disoproxil Fumarate 600/300/300mg, tablets, 30 Tabs",Efavirenz/Lamivudine/Tenofovir Disoproxil Fumarate,Generic,600/300/300mg,Tablet - FDC,30,20160,244137.6,12.11,0.4,Mylan (formerly Matrix) Nashik,True,2268.0,9405.8,302.0
8692,84799,111-MZ-T30,FPQ-10211,SO-42860,DN-3063,Mozambique,PMO - US,From RDC,N/A - From RDC,Truck,2012-06-28,2012-10-08,2013-04-08,2013-04-16,2013-04-16,ARV,Adult,SCMS from RDC,"Efavirenz/Lamivudine/Tenofovir Disoproxil Fumarate 600/300/300mg, tablets, 30 Tabs",Efavirenz/Lamivudine/Tenofovir Disoproxil Fumarate,Generic,600/300/300mg,Tablet - FDC,30,97351,1178920.61,12.11,0.4,Mylan (formerly Matrix) Nashik,True,11667.0,4120.7,1652.85
8693,84800,114-UG-T30,FPQ-11143,SO-43941,DN-3069,Uganda,PMO - US,From RDC,N/A - From RDC,Air,2012-12-13,2012-10-25,2013-04-25,2013-04-25,2013-04-25,ARV,Adult,SCMS from RDC,"Nevirapine 200mg, tablets, 60 Tabs",Nevirapine,Generic,200mg,Tablet,60,1276,2883.76,2.26,0.04,Hetero Unit III Hyderabad IN,False,117.0,2485.92,3.57
8694,84801,103-SS-T30,FPQ-11489,SO-44620,DN-3080,South Sudan,PMO - US,From RDC,N/A - From RDC,Air,2013-01-16,2012-10-17,2013-04-17,2013-04-23,2013-04-23,ARV,Pediatric,SCMS from RDC,"Efavirenz 200mg, scored tablets, 90 Tabs",Efavirenz,Generic,200mg,Tablet,90,66,481.8,7.3,0.08,"Strides, Bangalore, India.",False,668.5,2575.925,0.6
8695,84802,103-ZW-T30,FPQ-11478,SO-44300,DN-3093,Zimbabwe,PMO - US,From RDC,N/A - From RDC,Truck,2013-01-16,2012-11-30,2013-05-31,2013-04-08,2013-04-08,ARV,Pediatric,SCMS from RDC,"Abacavir 20mg/ml, oral solution w/syringe, Bottle, 240 ml",Abacavir,Generic,20mg/ml,Oral solution,240,442,5339.36,12.08,0.05,"Aurobindo Unit III, India",True,118.0,8600.0,6.6
8696,84803,102-BI-T30,FPQ-11661,SO-44640,DN-3096,Burundi,PMO - US,From RDC,N/A - From RDC,Air,2013-02-20,2012-11-02,2013-05-02,2013-05-10,2013-05-10,ARV,Pediatric,SCMS from RDC,"Lamivudine 10mg/ml, oral solution w/syringe, Bottle, 240 ml",Lamivudine,Generic,10mg/ml,Oral solution,240,552,1021.2,1.85,0.01,"Aurobindo Unit III, India",False,668.5,3544.4849999999997,1.26
8697,84804,102-DO-T30,FPQ-11791,SO-44730,DN-3097,Dominican Republic,PMO - US,From RDC,N/A - From RDC,Air,2013-03-04,2012-10-24,2013-04-24,2013-04-02,2013-04-02,ARV,Pediatric,SCMS from RDC,"Lamivudine/Nevirapine/Zidovudine 30/50/60mg, dispersible tablets, 60 Tabs",Lamivudine/Nevirapine/Zidovudine,Generic,30/50/60mg,Chewable/dispersible tablet - FDC,60,1152,4780.8,4.15,0.07,Mylan (formerly Matrix) Nashik,True,78.0,1342.44,5.91
8698,84805,104-CI-T30,FPQ-10633,SO-43330,DN-3075,Côte d'Ivoire,PMO - US,From RDC,N/A - From RDC,Truck,2012-09-11,2012-09-28,2013-03-28,2013-03-30,2013-03-30,ARV,Adult,SCMS from RDC,"Lamivudine/Zidovudine 150/300mg, tablets, 60 Tabs",Lamivudine/Zidovudine,Generic,150/300mg,Tablet - FDC,60,86152,626325.04,7.27,0.12,"Aurobindo Unit III, India",False,668.5,6757.815,878.11
8699,84806,105-GY-T30,FPQ-11546,SO-44500,DN-3099,Guyana,PMO - US,From RDC,N/A - From RDC,Air,2013-01-28,2012-10-18,2013-04-18,2013-04-19,2013-04-19,ARV,Pediatric,SCMS from RDC,"Nevirapine 10mg/ml, oral suspension w/syringe, Bottle, 240 ml",Nevirapine,Generic,10mg/ml,Oral suspension,240,583,1136.85,1.95,0.01,"Aurobindo Unit III, India",False,668.5,1924.4650000000001,1.41
8700,84808,111-MZ-T30,FPQ-11882,SO-44810,DN-3108,Mozambique,PMO - US,From RDC,N/A - From RDC,Air,2013-03-19,2013-01-04,2013-07-04,2013-07-04,2013-07-04,ARV,Adult,SCMS from RDC,"Lamivudine/Stavudine 150/30mg, tablets, 60 Tabs",Lamivudine/Stavudine,Generic,150/30mg,Tablet - FDC,60,8807,22898.2,2.6,0.04,Hetero Unit III Hyderabad IN,False,668.5,3247.5699999999997,28.33
8701,84809,111-MZ-T30,FPQ-11882,SO-44830,DN-3110,Mozambique,PMO - US,From RDC,N/A - From RDC,Truck,2013-03-19,2012-12-06,2013-06-06,2013-06-20,2013-06-20,ARV,Adult,SCMS from RDC,"Lamivudine/Zidovudine 150/300mg, tablets, 60 Tabs",Lamivudine/Zidovudine,Generic,150/300mg,Tablet - FDC,60,100000,727000.0,7.27,0.12,Hetero Unit III Hyderabad IN,True,36920.0,7852.98,899.3
8702,84810,114-UG-T30,FPQ-11133,SO-43890,DN-3122,Uganda,PMO - US,From RDC,N/A - From RDC,Truck,2012-12-13,2012-12-07,2013-06-07,2013-06-07,2013-06-07,ARV,Adult,SCMS from RDC,"Tenofovir Disoproxil Fumarate 300mg, tablets, 30 Tabs",Tenofovir Disoproxil Fumarate,Generic,300mg,Tablet,30,192,775.68,4.04,0.13,Mylan (formerly Matrix) Nashik,False,47.0,5458.45,0.96
8703,84811,114-UG-T30,FPQ-10946,SO-43650,DN-3121,Uganda,PMO - US,From RDC,N/A - From RDC,Air,2012-11-01,2013-02-09,2013-08-09,2013-08-09,2013-08-09,ARV,Adult,SCMS from RDC,"Lamivudine/Tenofovir Disoproxil Fumarate 300/300mg, tablets, 30 Tabs",Lamivudine/Tenofovir Disoproxil Fumarate,Generic,300/300mg,Tablet - FDC,30,1613,7581.1,4.7,0.16,"Aurobindo Unit VII, IN",False,668.5,2485.92,9.38
8704,84812,113-ZW-T30,FPQ-11002,SO-43710,DN-3131,Zimbabwe,PMO - US,From RDC,N/A - From RDC,Truck,2012-11-16,2012-11-06,2013-05-06,2013-04-29,2013-04-29,ARV,Adult,SCMS from RDC,"Lamivudine/Tenofovir Disoproxil Fumarate 300/300mg, tablets, 30 Tabs",Lamivudine/Tenofovir Disoproxil Fumarate,Generic,300/300mg,Tablet - FDC,30,100000,470000.0,4.7,0.16,Hetero Unit III Hyderabad IN,False,9389.5,6721.705,581.39
8705,84813,900-SS-T30,FPQ-11637,SO-44690,DN-3134,South Sudan,PMO - US,From RDC,N/A - From RDC,Air,2013-02-27,2012-12-28,2013-06-28,2013-05-17,2013-05-17,ARV,Adult,SCMS from RDC,"Lamivudine 150mg, tablets, 60 Tabs",Lamivudine,Generic,150mg,Tablet,60,270,537.3,1.99,0.03,Hetero Unit III Hyderabad IN,True,15.0,735.24,0.66
8706,84814,151-NG-T30,FPQ-11022,SO-43851,DN-3143,Nigeria,PMO - US,From RDC,N/A - From RDC,Air Charter,2012-11-15,2012-12-04,2013-06-04,2013-05-03,2013-05-03,ARV,Adult,SCMS from RDC,"Efavirenz 600mg, tablets, 30 Tabs",Efavirenz,Generic,600mg,Tablet,30,80000,266400.0,3.33,0.11,"Strides, Bangalore, India.",True,4847.0,14547.55,329.54
8707,84816,114-UG-T30,FPQ-11133,SO-43873,DN-3153,Uganda,PMO - US,From RDC,N/A - From RDC,Truck,2012-12-13,2012-12-28,2013-06-28,2013-06-07,2013-06-07,ARV,Adult,SCMS from RDC,"Lamivudine/Zidovudine 150/300mg, tablets, 60 Tabs",Lamivudine/Zidovudine,Generic,150/300mg,Tablet - FDC,60,3173,22211.0,7.0,0.12,"Cipla, Goa, India",False,170.0,5458.45,27.48
8708,84817,109-TZ-T30,FPQ-12015,SO-44981,DN-3155,Tanzania,PMO - US,From RDC,N/A - From RDC,Truck,2013-04-02,2013-02-23,2013-08-23,2013-05-14,2013-05-14,ARV,Pediatric,SCMS from RDC,"Lamivudine/Nevirapine/Stavudine 60/100/12mg, dispersible tablets, 60 Tabs",Lamivudine/Nevirapine/Stavudine,Generic,60/100/12mg,Chewable/dispersible tablet - FDC,60,12106,52055.8,4.3,0.07,"Cipla, Goa, India",False,668.5,3623.2,64.39
8709,84819,110-ZM-T30,FPQ-10728,SO-44770,DN-3161,Zambia,PMO - US,From RDC,N/A - From RDC,Truck,2012-10-05,2012-11-30,2013-05-31,2013-05-28,2013-05-28,ARV,Adult,SCMS from RDC,"Efavirenz/Emtricitabine/Tenofovir Disoproxil Fumarate 600/200/300mg, tablets, 30 Tabs",Efavirenz/Emtricitabine/Tenofovir Disoproxil Fumarate,Generic,600/200/300mg,Tablet - FDC,30,249965,3239546.4,12.96,0.43,Mylan (formerly Matrix) Nashik,True,28182.0,17650.15,4541.84
8710,84820,151-NG-T30,FPQ-11022,SO-44261,DN-3163,Nigeria,PMO - US,From RDC,N/A - From RDC,Air Charter,2012-11-15,2012-11-28,2013-05-28,2013-05-03,2013-05-03,ARV,Adult,SCMS from RDC,"Efavirenz/Lamivudine/Tenofovir Disoproxil Fumarate 600/300/300mg, tablets, 30 Tabs",Efavirenz/Lamivudine/Tenofovir Disoproxil Fumarate,Generic,600/300/300mg,Tablet - FDC,30,100000,1052000.0,10.52,0.35,Hetero Unit III Hyderabad IN,True,14783.0,14547.55,1301.32
8711,84821,110-ZM-T30,FPQ-10728,SO-43460,DN-3186,Zambia,PMO - US,From RDC,N/A - From RDC,Truck,2012-10-05,2012-12-28,2013-06-28,2013-06-07,2013-06-07,ARV,Adult,SCMS from RDC,"Lamivudine/Zidovudine 150/300mg, tablets, 60 Tabs",Lamivudine/Zidovudine,Generic,150/300mg,Tablet - FDC,60,87384,611688.0,7.0,0.12,"Aurobindo Unit III, India",False,668.5,6476.695,857.59
8712,84822,111-MZ-T30,FPQ-11033,SO-43770,DN-3182,Mozambique,PMO - US,From RDC,N/A - From RDC,Truck,2012-11-12,2013-01-26,2013-07-26,2013-07-26,2013-07-26,ARV,Adult,SCMS from RDC,"Efavirenz/Lamivudine/Tenofovir Disoproxil Fumarate 600/300/300mg, tablets, 30 Tabs",Efavirenz/Lamivudine/Tenofovir Disoproxil Fumarate,Generic,600/300/300mg,Tablet - FDC,30,7044,74102.88,10.52,0.35,Mylan (formerly Matrix) Nashik,False,668.5,0.0,91.67
8713,84824,151-NG-T30,FPQ-11022,SO-43850,DN-3199,Nigeria,PMO - US,From RDC,N/A - From RDC,Air Charter,2012-11-15,2012-12-04,2013-06-04,2013-05-29,2013-05-29,ARV,Adult,SCMS from RDC,"Efavirenz 600mg, tablets, 30 Tabs",Efavirenz,Generic,600mg,Tablet,30,63610,211821.3,3.33,0.11,"Aurobindo Unit III, India",False,668.5,12601.07,262.02
8714,84825,104-CI-T30,FPQ-10633,SO-43310,DN-3200,Côte d'Ivoire,PMO - US,From RDC,N/A - From RDC,Truck,2012-09-11,2013-01-06,2013-07-06,2013-07-19,2013-07-19,ARV,Adult,SCMS from RDC,"Efavirenz/Lamivudine/Tenofovir Disoproxil Fumarate 600/300/300mg, tablets, 30 Tabs",Efavirenz/Lamivudine/Tenofovir Disoproxil Fumarate,Generic,600/300/300mg,Tablet - FDC,30,46600,490232.0,10.52,0.35,Hetero Unit III Hyderabad IN,True,6107.0,23753.64,687.31
8715,84826,110-ZM-T30,FPQ-11553,SO-44476,DN-3202,Zambia,PMO - US,From RDC,N/A - From RDC,Truck,2013-01-28,2012-12-25,2013-06-25,2013-06-07,2013-06-07,ARV,Adult,SCMS from RDC,"Nevirapine 200mg, tablets, 60 Tabs",Nevirapine,Generic,200mg,Tablet,60,120000,271200.0,2.26,0.04,"Aurobindo Unit III, India",True,11419.0,11941.65,335.47
8716,84827,151-NG-T30,FPQ-11022,SO-45680,DN-3206,Nigeria,PMO - US,From RDC,N/A - From RDC,Air Charter,2012-11-15,2012-11-30,2013-05-31,2013-05-30,2013-05-30,ARV,Adult,SCMS from RDC,"Lopinavir/Ritonavir 200/50mg, tablets, 120 Tabs",Lopinavir/Ritonavir,Generic,200/50mg,Tablet,120,3831,83439.18,21.78,0.18,"Aurobindo Unit III, India",True,1094.0,20761.0,103.21
8717,84828,114-UG-T30,FPQ-10945,SO-43632,DN-3219,Uganda,PMO - US,From RDC,N/A - From RDC,Air,2012-11-06,2013-01-31,2013-07-31,2013-07-18,2013-07-18,ARV,Adult,SCMS from RDC,"Efavirenz/Lamivudine/Tenofovir Disoproxil Fumarate 600/300/300mg, tablets, 30 Tabs",Efavirenz/Lamivudine/Tenofovir Disoproxil Fumarate,Generic,600/300/300mg,Tablet - FDC,30,10415,109565.8,10.52,0.35,Hetero Unit III Hyderabad IN,True,1400.0,5718.69,135.53
8718,84829,901-CM-T30,FPQ-12520,SO-45830,DN-3228,Cameroon,PMO - US,From RDC,N/A - From RDC,Air Charter,2013-06-21,2013-01-22,2013-07-22,2013-07-14,2013-07-14,ARV,Adult,SCMS from RDC,"Lamivudine/Tenofovir Disoproxil Fumarate 300/300mg, tablets, 30 Tabs",Lamivudine/Tenofovir Disoproxil Fumarate,Generic,300/300mg,Tablet - FDC,30,5800,27260.0,4.7,0.16,"Aurobindo Unit VII, IN",False,1415.5,67732.55,33.72
8719,84830,901-CM-T30,FPQ-12520,SO-45820,DN-3227,Cameroon,PMO - US,From RDC,N/A - From RDC,Air Charter,2013-06-21,2013-01-22,2013-07-22,2013-07-31,2013-07-31,ARV,Adult,SCMS from RDC,"Lamivudine/Nevirapine/Zidovudine 150/200/300mg, tablets, 60 Tabs",Lamivudine/Nevirapine/Zidovudine,Generic,150/300/200mg,Tablet - FDC,60,70000,600600.0,8.58,0.14,"Aurobindo Unit III, India",False,6406.0,67732.55,742.94
8720,84831,113-ZW-T30,FPQ-11545,SO-44340,DN-3231,Zimbabwe,PMO - US,From RDC,N/A - From RDC,Truck,2013-01-24,2013-01-31,2013-07-31,2013-08-06,2013-08-06,ARV,Adult,SCMS from RDC,"Nevirapine 200mg, tablets, 60 Tabs",Nevirapine,Generic,200mg,Tablet,60,23090,52183.4,2.26,0.04,"Strides, Bangalore, India.",True,394.0,11133.66,64.55
8721,84832,104-CI-T30,FPQ-11254,SO-44120,DN-3246,Côte d'Ivoire,PMO - US,From RDC,N/A - From RDC,Truck,2012-12-14,2013-02-01,2013-08-01,2013-07-23,2013-07-23,ARV,Adult,SCMS from RDC,"Tenofovir Disoproxil Fumarate 300mg, tablets, 30 Tabs",Tenofovir Disoproxil Fumarate,Generic,300mg,Tablet,30,3000,12120.0,4.04,0.13,Mylan (formerly Matrix) Nashik,True,188.0,1478.35,14.99
8722,84833,104-CI-T30,FPQ-11254,SO-44150,DN-3248,Côte d'Ivoire,PMO - US,From RDC,N/A - From RDC,Truck,2012-12-14,2013-04-30,2013-10-31,2013-08-21,2013-08-21,ARV,Adult,SCMS from RDC,"Tenofovir Disoproxil Fumarate 300mg, tablets, 30 Tabs",Tenofovir Disoproxil Fumarate,Generic,300mg,Tablet,30,1644,6641.76,4.04,0.13,Mylan (formerly Matrix) Nashik,True,97.0,1620.19,8.22
8723,84835,151-NG-T30,FPQ-11771,SO-44757,DN-3251,Nigeria,PMO - US,From RDC,N/A - From RDC,Air Charter,2013-02-28,2013-02-21,2013-08-21,2013-07-30,2013-07-30,ARV,Adult,SCMS from RDC,"Lopinavir/Ritonavir 200/50mg, tablets, 120 Tabs",Lopinavir/Ritonavir,Generic,200/50mg,Tablet,120,63353,1330413.0,21.0,0.18,Mylan (formerly Matrix) Nashik,True,32671.0,0.0,1645.72
8724,84836,151-NG-T30,FPQ-11771,SO-44757,DN-3251,Nigeria,PMO - US,From RDC,N/A - From RDC,Air Charter,2013-02-28,2013-02-21,2013-08-21,2013-07-30,2013-07-30,ARV,Adult,SCMS from RDC,"Lopinavir/Ritonavir 200/50mg, tablets, 120 Tabs",Lopinavir/Ritonavir,Generic,200/50mg,Tablet,120,6000,126000.0,21.0,0.18,Hetero Unit III Hyderabad IN,False,581.0,0.0,155.86
8725,84837,151-NG-T30,FPQ-11771,SO-44757,DN-3251,Nigeria,PMO - US,From RDC,N/A - From RDC,Air Charter,2013-02-28,2013-02-21,2013-08-21,2013-07-30,2013-07-30,ARV,Adult,SCMS from RDC,"Lopinavir/Ritonavir 200/50mg, tablets, 120 Tabs",Lopinavir/Ritonavir,Generic,200/50mg,Tablet,120,43169,906549.0,21.0,0.18,"Aurobindo Unit III, India",False,668.5,0.0,1121.4
8726,84838,900-SS-T30,FPQ-11637,SO-44701,DN-3259,South Sudan,PMO - US,From RDC,N/A - From RDC,Truck,2013-02-27,2013-02-26,2013-08-26,2013-08-26,2013-08-26,ARV,Adult,SCMS from RDC,"Nevirapine 200mg, tablets, 60 Tabs",Nevirapine,Generic,200mg,Tablet,60,225,508.5,2.26,0.04,Hetero Unit III Hyderabad IN,True,81.0,1641.0,0.63
8727,84839,102-BI-T30,FPQ-12065,SO-45152,DN-3261,Burundi,PMO - US,From RDC,N/A - From RDC,Air,2013-04-22,2013-02-16,2013-08-16,2013-08-22,2013-08-22,ARV,Adult,SCMS from RDC,"Lamivudine/Nevirapine/Zidovudine 150/200/300mg, tablets, 60 Tabs",Lamivudine/Nevirapine/Zidovudine,Generic,150/300/200mg,Tablet - FDC,60,960,7958.4,8.29,0.14,"Strides, Bangalore, India.",True,111.0,1047.34,9.84
8728,84841,114-UG-T30,FPQ-12473,SO-45870,DN-3267,Uganda,PMO - US,From RDC,N/A - From RDC,Air,2013-06-11,2013-02-28,2013-08-29,2013-09-13,2013-09-13,ARV,Adult,SCMS from RDC,"Lopinavir/Ritonavir 200/50mg [Aluvia], tablets, 120 Tabs",Lopinavir/Ritonavir,Aluvia,200/50mg,Tablet,120,12022,243084.84,20.22,0.17,ABBVIE Ludwigshafen Germany,False,668.5,2485.92,300.7
8729,84842,101-CD-T30,FPQ-12033,SO-45020,DN-3268,"Congo, DRC",PMO - US,From RDC,N/A - From RDC,Air,2013-04-08,2013-02-27,2013-08-27,2014-02-08,2014-03-11,ARV,Adult,SCMS from RDC,"Lamivudine/Nevirapine/Zidovudine 150/200/300mg, tablets, 60 Tabs",Lamivudine/Nevirapine/Zidovudine,Generic,150/300/200mg,Tablet - FDC,60,20697,177580.26,8.58,0.14,Mylan (formerly Matrix) Nashik,False,668.5,2346.5699999999997,219.67
8730,84843,104-CI-T30,FPQ-10633,SO-43362,DN-3282,Côte d'Ivoire,PMO - US,From RDC,N/A - From RDC,Truck,2012-09-11,2013-02-15,2013-08-15,2013-08-14,2013-08-14,ARV,Adult,SCMS from RDC,"Lamivudine/Tenofovir Disoproxil Fumarate 300/300mg, tablets, 30 Tabs",Lamivudine/Tenofovir Disoproxil Fumarate,Generic,300/300mg,Tablet - FDC,30,8000,37600.0,4.7,0.16,Hetero Unit III Hyderabad IN,True,315.0,10807.98,52.72
8731,84844,111-MZ-T30,FPQ-11884,SO-44863,DN-3289,Mozambique,PMO - US,From RDC,N/A - From RDC,Truck,2013-03-19,2013-05-13,2013-11-13,2013-11-13,2013-12-02,ARV,Adult,SCMS from RDC,"Zidovudine 300mg, tablets, 60 Tabs",Zidovudine,Generic,300mg,Tablet,60,43680,285667.2,6.54,0.11,"Aurobindo Unit III, India",True,6535.0,5950.16,353.37
8732,84846,109-TZ-T30,FPQ-12015,SO-44983,DN-3295,Tanzania,PMO - US,From RDC,N/A - From RDC,Truck,2013-04-02,2013-04-15,2013-10-15,2013-09-10,2013-09-10,ARV,Adult,SCMS from RDC,"Emtricitabine/Tenofovir Disoproxil Fumarate 200/300mg, tablets, 30 Tabs",Emtricitabine/Tenofovir Disoproxil Fumarate,Generic,200/300mg,Tablet - FDC,30,19086,112034.82,5.87,0.2,"Aurobindo Unit III, India",False,2389.0,3623.2,138.59
8733,84847,109-TZ-T30,FPQ-12015,SO-44983,DN-3295,Tanzania,PMO - US,From RDC,N/A - From RDC,Truck,2013-04-02,2013-04-15,2013-10-15,2013-09-10,2013-09-10,ARV,Adult,SCMS from RDC,"Abacavir 300mg, tablets, 60 Tabs",Abacavir,Generic,300mg,Tablet,60,3342,38299.32,11.46,0.19,"Aurobindo Unit III, India",False,668.5,3623.2,47.38
8734,84848,114-UG-T30,FPQ-12253,SO-45541,DN-3296,Uganda,PMO - US,From RDC,N/A - From RDC,Truck,2013-05-08,2013-03-12,2013-09-12,2013-10-16,2013-10-29,ARV,Adult,SCMS from RDC,"Abacavir 300mg, tablets, 60 Tabs",Abacavir,Generic,300mg,Tablet,60,2880,33004.8,11.46,0.19,"Aurobindo Unit III, India",False,440.5,5458.45,40.83
8735,84849,103-ZW-T30,FPQ-12086,SO-45131,DN-3319,Zimbabwe,PMO - US,From RDC,N/A - From RDC,Truck,2013-04-19,2013-03-30,2013-09-30,2013-09-20,2013-09-20,ARV,Pediatric,SCMS from RDC,"Abacavir 20mg/ml, oral solution w/syringe, Bottle, 240 ml",Abacavir,Generic,20mg/ml,Oral solution,240,435,5254.8,12.08,0.05,"Aurobindo Unit III, India",True,116.0,3100.0,6.5
8736,84850,109-TZ-T30,FPQ-12015,SO-44984,DN-3316,Tanzania,PMO - US,From RDC,N/A - From RDC,Truck,2013-04-02,2013-04-30,2013-10-31,2013-09-27,2013-09-27,ARV,Pediatric,SCMS from RDC,"Lamivudine/Nevirapine/Zidovudine 30/50/60mg, dispersible tablets, 60 Tabs",Lamivudine/Nevirapine/Zidovudine,Generic,30/50/60mg,Chewable/dispersible tablet - FDC,60,80322,312452.58,3.89,0.06,Mylan (formerly Matrix) Nashik,False,668.5,3623.2,386.5
8737,84851,110-ZM-T30,FPQ-12066,SO-45071,DN-3317,Zambia,PMO - US,From RDC,N/A - From RDC,Truck,2013-04-19,2013-04-22,2013-10-22,2013-10-22,2013-11-18,ARV,Adult,SCMS from RDC,"Nevirapine 200mg, tablets, 60 Tabs",Nevirapine,Generic,200mg,Tablet,60,52483,118611.58,2.26,0.04,Hetero Unit III Hyderabad IN,True,3832.0,4356.74,146.72
8738,84852,110-ZM-T30,FPQ-12066,SO-45071,DN-3317,Zambia,PMO - US,From RDC,N/A - From RDC,Truck,2013-04-19,2013-04-22,2013-10-22,2013-10-22,2013-11-18,ARV,Pediatric,SCMS from RDC,"Lamivudine/Nevirapine/Zidovudine 30/50/60mg, dispersible tablets, 60 Tabs",Lamivudine/Nevirapine/Zidovudine,Generic,30/50/60mg,Chewable/dispersible tablet - FDC,60,14404,56031.56,3.89,0.06,"Strides, Bangalore, India.",False,668.5,6476.695,69.31
8739,84853,111-MZ-T30,FPQ-11884,SO-44865,DN-3318,Mozambique,PMO - US,From RDC,N/A - From RDC,Truck,2013-03-19,2013-04-30,2013-10-31,2013-10-31,2013-11-12,ARV,Adult,SCMS from RDC,"Lamivudine/Nevirapine/Stavudine 150/200/30mg, tablets, 60 Tabs",Lamivudine/Nevirapine/Stavudine,Generic,150/200/30mg,Tablet - FDC,60,87707,378894.24,4.32,0.07,"Strides, Bangalore, India.",False,668.5,5192.68,468.69
8740,84854,151-NG-T30,FPQ-11864,SO-44931,DN-3324,Nigeria,PMO - US,From RDC,N/A - From RDC,Air Charter,2013-03-14,2013-03-18,2013-09-18,2013-09-12,2013-09-12,ARV,Adult,SCMS from RDC,"Lamivudine/Nevirapine/Zidovudine 150/200/300mg, tablets, 60 Tabs",Lamivudine/Nevirapine/Zidovudine,Generic,150/300/200mg,Tablet - FDC,60,17782,152569.56,8.58,0.14,Hetero Unit III Hyderabad IN,True,668.5,41352.75,188.73
8741,84855,104-CI-T30,FPQ-11253,SO-44190,DN-3330,Côte d'Ivoire,PMO - US,From RDC,N/A - From RDC,Truck,2012-12-14,2013-03-30,2013-09-30,2013-09-20,2013-09-20,ARV,Adult,SCMS from RDC,"Lamivudine/Nevirapine/Zidovudine 150/200/300mg, tablets, 60 Tabs",Lamivudine/Nevirapine/Zidovudine,Generic,150/300/200mg,Tablet - FDC,60,60000,495600.0,8.26,0.14,Hetero Unit III Hyderabad IN,True,8750.0,28864.27,613.06
8742,84856,105-GY-T30,FPQ-12619,SO-46080,DN-3334,Guyana,PMO - US,From RDC,N/A - From RDC,Air,2013-07-16,2013-04-14,2013-10-14,2013-10-07,2013-10-22,ARV,Adult,SCMS from RDC,"Lamivudine 150mg, tablets, 60 Tabs",Lamivudine,Generic,150mg,Tablet,60,140,278.6,1.99,0.03,Hetero Unit III Hyderabad IN,True,9.0,1118.22,0.34
8743,84857,113-ZW-T30,FPQ-11545,SO-44350,DN-3337,Zimbabwe,PMO - US,From RDC,N/A - From RDC,Truck,2013-01-24,2013-03-30,2013-09-30,2013-10-09,2013-11-01,ARV,Adult,SCMS from RDC,"Nevirapine 200mg, tablets, 60 Tabs",Nevirapine,Generic,200mg,Tablet,60,131520,303811.2,2.31,0.04,Hetero Unit III Hyderabad IN,False,10762.5,6721.705,375.81
8744,84858,111-MZ-T30,FPQ-11884,SO-44870,DN-3339,Mozambique,PMO - US,From RDC,N/A - From RDC,Truck,2013-03-19,2013-04-30,2013-10-31,2013-11-13,2013-12-02,ARV,Adult,SCMS from RDC,"Lamivudine/Zidovudine 150/300mg, tablets, 60 Tabs",Lamivudine/Zidovudine,Generic,150/300mg,Tablet - FDC,60,21984,159823.68,7.27,0.12,"Aurobindo Unit III, India",False,668.5,5192.68,197.7
8745,84859,105-GY-T30,FPQ-12047,SO-45051,DN-3344,Guyana,PMO - US,From RDC,N/A - From RDC,Air,2013-04-15,2013-03-30,2013-09-30,2013-10-11,2013-10-11,ARV,Adult,SCMS from RDC,"Zidovudine 300mg, tablets, 60 Tabs",Zidovudine,Generic,300mg,Tablet,60,1300,8333.0,6.41,0.11,Hetero Unit III Hyderabad IN,True,77.0,1149.07,10.31
8746,84860,109-TZ-T30,FPQ-12015,SO-44990,DN-3346,Tanzania,PMO - US,From RDC,N/A - From RDC,Truck,2013-04-02,2013-04-28,2013-10-28,2013-11-01,2013-11-06,ARV,Pediatric,SCMS from RDC,"Efavirenz 200mg, scored tablets, 90 Tabs",Efavirenz,Generic,200mg,Tablet,90,5117,47588.1,9.3,0.1,"Strides, Bangalore, India.",True,333.0,1956.0,58.87
8747,84863,100-ZM-T30,FPQ-12497,SO-45930,DN-3357,Zambia,PMO - US,From RDC,N/A - From RDC,Truck,2013-06-20,2013-05-24,2013-11-24,2013-11-29,2013-12-12,ARV,Adult,SCMS from RDC,"Efavirenz/Emtricitabine/Tenofovir Disoproxil Fumarate 600/200/300mg, tablets, 30 Tabs",Efavirenz/Emtricitabine/Tenofovir Disoproxil Fumarate,Generic,600/200/300mg,Tablet - FDC,30,66205,814321.5,12.3,0.41,Mylan (formerly Matrix) Nashik,True,12121.0,0.0,1007.32
8748,84864,110-ZM-T30,FPQ-12066,SO-45081,DN-3360,Zambia,PMO - US,From RDC,N/A - From RDC,Truck,2013-04-19,2013-07-24,2014-01-24,2014-01-24,2014-03-17,ARV,Adult,SCMS from RDC,"Efavirenz/Emtricitabine/Tenofovir Disoproxil Fumarate 600/200/300mg, tablets, 30 Tabs",Efavirenz/Emtricitabine/Tenofovir Disoproxil Fumarate,Generic,600/200/300mg,Tablet - FDC,30,100619,1237613.7,12.3,0.41,"Cipla, Goa, India",True,47387.0,30981.39,1530.93
8749,84865,151-NG-T30,FPQ-12248,SO-45661,DN-3368,Nigeria,PMO - US,From RDC,N/A - From RDC,Air Charter,2013-05-06,2013-05-18,2013-11-18,2013-10-14,2013-10-24,ARV,Adult,SCMS from RDC,"Efavirenz/Lamivudine/Tenofovir Disoproxil Fumarate 600/300/300mg, tablets, 30 Tabs",Efavirenz/Lamivudine/Tenofovir Disoproxil Fumarate,Generic,600/300/300mg,Tablet - FDC,30,100000,1115000.0,11.15,0.37,Mylan (formerly Matrix) Nashik,False,9389.5,12601.07,1379.26
8750,84866,110-ZM-T30,FPQ-12066,SO-46520,DN-3379,Zambia,PMO - US,From RDC,N/A - From RDC,Truck,2013-04-19,2013-05-20,2013-11-20,2013-11-29,2013-12-12,ARV,Adult,SCMS from RDC,"Abacavir 300mg, tablets, 60 Tabs",Abacavir,Generic,300mg,Tablet,60,11833,135606.18,11.46,0.19,Mylan (formerly Matrix) Nashik,True,668.5,6476.695,167.74
8751,84867,151-NG-T30,FPQ-13091,SO-46780,DN-3374,Nigeria,PMO - US,From RDC,N/A - From RDC,Air Charter,2013-10-10,2013-05-07,2013-11-07,2013-10-21,2013-10-29,ARV,Adult,SCMS from RDC,"Zidovudine 300mg, tablets, 60 Tabs",Zidovudine,Generic,300mg,Tablet,60,4068,25425.0,6.25,0.1,"Aurobindo Unit III, India",True,268.0,20225.07,26.14
8752,84868,107-RW-T30,FPQ-12190,SO-45390,DN-3421,Rwanda,PMO - US,From RDC,N/A - From RDC,Truck,2013-05-06,2013-07-31,2014-01-31,2013-12-23,2014-01-17,ARV,Pediatric,SCMS from RDC,"Abacavir 20mg/ml, oral solution w/syringe, Bottle, 240 ml",Abacavir,Generic,20mg/ml,Oral solution,240,6816,58004.16,8.51,0.04,"Aurobindo Unit III, India",False,2541.0,7173.3,71.75
8753,84869,105-GY-T30,FPQ-12619,SO-46090,DN-3425,Guyana,PMO - US,From RDC,N/A - From RDC,Air,2013-07-16,2013-06-30,2013-12-31,2013-12-02,2013-12-20,ARV,Pediatric,SCMS from RDC,"Zidovudine 10mg/ml, oral solution w/syringe, Bottle, 240 ml",Zidovudine,Generic,10mg/ml,Oral solution,240,225,472.5,2.1,0.01,"Aurobindo Unit III, India",False,193.5,1924.4650000000001,0.58
8754,84870,111-MZ-T30,FPQ-12416,SO-45893,DN-3428,Mozambique,PMO - US,From RDC,N/A - From RDC,Truck,2013-06-28,2013-05-29,2013-11-29,2014-01-30,2014-02-17,ARV,Adult,SCMS from RDC,"Zidovudine 300mg, tablets, 60 Tabs",Zidovudine,Generic,300mg,Tablet,60,13290,74158.2,5.58,0.09,Hetero Unit III Hyderabad IN,False,668.5,5192.68,91.73
8755,84873,107-RW-T30,FPQ-12190,SO-45381,DN-3453,Rwanda,PMO - US,From RDC,N/A - From RDC,Truck,2013-05-06,2013-07-17,2014-01-17,2014-01-17,2014-01-27,ARV,Adult,SCMS from RDC,"Efavirenz/Lamivudine/Tenofovir Disoproxil Fumarate 600/300/300mg, tablets, 30 Tabs",Efavirenz/Lamivudine/Tenofovir Disoproxil Fumarate,Generic,600/300/300mg,Tablet - FDC,30,64500,719175.0,11.15,0.37,Mylan (formerly Matrix) Nashik,True,7248.0,11571.94,889.62
8756,84874,109-TZ-T30,FPQ-12587,SO-45995,DN-3458,Tanzania,PMO - US,From RDC,N/A - From RDC,Truck,2013-07-04,2013-06-30,2013-12-31,2014-02-25,2014-03-13,ARV,Pediatric,SCMS from RDC,"Lamivudine/Nevirapine/Stavudine 30/50/6mg, dispersible tablets, 60 Tabs",Lamivudine/Nevirapine/Stavudine,Generic,30/50/6mg,Chewable/dispersible tablet - FDC,60,9301,21392.3,2.3,0.04,"Cipla, Goa, India",False,668.5,3623.2,26.46
8757,84875,109-TZ-T30,FPQ-12587,SO-45995,DN-3458,Tanzania,PMO - US,From RDC,N/A - From RDC,Truck,2013-07-04,2013-06-30,2013-12-31,2014-02-25,2014-03-13,ARV,Pediatric,SCMS from RDC,"Lamivudine/Nevirapine/Stavudine 60/100/12mg, dispersible tablets, 60 Tabs",Lamivudine/Nevirapine/Stavudine,Generic,60/100/12mg,Chewable/dispersible tablet - FDC,60,7894,33944.2,4.3,0.07,"Cipla, Goa, India",False,668.5,3623.2,41.99
8758,84876,104-CI-T30,FPQ-12800,SO-46372,DN-3472,Côte d'Ivoire,PMO - US,From RDC,N/A - From RDC,Air,2013-08-09,2013-07-31,2014-01-31,2014-01-10,2014-01-15,ARV,Pediatric,SCMS from RDC,"Lamivudine/Nevirapine/Zidovudine 30/50/60mg, dispersible tablets, 60 Tabs",Lamivudine/Nevirapine/Zidovudine,Generic,30/50/60mg,Chewable/dispersible tablet - FDC,60,2200,8250.0,3.75,0.06,"Cipla, Goa, India",True,192.0,3649.76,10.21
8759,84877,102-BI-T30,FPQ-12602,SO-46020,DN-3381,Burundi,PMO - US,From RDC,N/A - From RDC,Air,2013-07-09,2013-05-15,2013-11-15,2013-11-22,2014-01-21,ARV,Adult,SCMS from RDC,"Lopinavir/Ritonavir 200/50mg, tablets, 120 Tabs",Lopinavir/Ritonavir,Generic,200/50mg,Tablet,120,27,567.0,21.0,0.18,"Aurobindo Unit III, India",False,5.0,3544.4849999999997,0.7
8760,84879,111-MZ-T30,FPQ-11884,SO-44840,DN-3485,Mozambique,PMO - US,From RDC,N/A - From RDC,Truck,2013-03-19,2013-09-20,2014-03-20,2014-03-28,2014-04-04,ARV,Adult,SCMS from RDC,"Efavirenz/Lamivudine/Tenofovir Disoproxil Fumarate 600/300/300mg, tablets, 30 Tabs",Efavirenz/Lamivudine/Tenofovir Disoproxil Fumarate,Generic,600/300/300mg,Tablet - FDC,30,70000,780500.0,11.15,0.37,"Aurobindo Unit VII, IN",True,18957.0,16813.62,965.48
8761,84880,103-ZW-T30,FPQ-12086,SO-45132,DN-3486,Zimbabwe,PMO - US,From RDC,N/A - From RDC,Truck,2013-04-19,2013-08-14,2014-02-14,2014-02-10,2014-03-19,ARV,Pediatric,SCMS from RDC,"Lamivudine/Nevirapine/Zidovudine 30/50/60mg, dispersible tablets, 60 Tabs",Lamivudine/Nevirapine/Zidovudine,Generic,30/50/60mg,Chewable/dispersible tablet - FDC,60,841,3153.75,3.75,0.06,"Cipla, Goa, India",True,73.0,1500.0,3.9
8762,84883,151-NG-T30,FPQ-12248,SO-45663,DN-3494,Nigeria,PMO - US,From RDC,N/A - From RDC,Air Charter,2013-05-06,2013-07-17,2014-01-17,2014-01-10,2014-01-15,ARV,Adult,SCMS from RDC,"Efavirenz/Lamivudine/Tenofovir Disoproxil Fumarate 600/300/300mg, tablets, 30 Tabs",Efavirenz/Lamivudine/Tenofovir Disoproxil Fumarate,Generic,600/300/300mg,Tablet - FDC,30,14,156.1,11.15,0.37,Hetero Unit III Hyderabad IN,True,38142.0,49199.75,0.19
8763,84884,104-CI-T30,FPQ-12800,SO-46350,DN-3504,Côte d'Ivoire,PMO - US,From RDC,N/A - From RDC,Air,2013-08-09,2013-07-31,2014-01-31,2014-01-18,2014-03-04,ARV,Pediatric,SCMS from RDC,"Nevirapine 10mg/ml, oral suspension w/syringe, Bottle, 240 ml",Nevirapine,Generic,10mg/ml,Oral suspension,240,4000,7440.0,1.86,0.01,"Aurobindo Unit III, India",True,1928.0,8050.55,9.2
8764,84887,102-CD-T30,FPQ-12577,SO-46160,DN-3514,"Congo, DRC",PMO - US,From RDC,N/A - From RDC,Air,2013-08-09,2013-09-26,2014-03-26,2014-03-26,2014-04-28,ARV,Adult,SCMS from RDC,"Lopinavir/Ritonavir 200/50mg, tablets, 120 Tabs",Lopinavir/Ritonavir,Generic,200/50mg,Tablet,120,2300,47104.0,20.48,0.17,Mylan (formerly Matrix) Nashik,True,613.0,4676.4,58.27
8765,84889,109-TZ-T30,FPQ-12587,SO-45994,DN-3543,Tanzania,PMO - US,From RDC,N/A - From RDC,Truck,2013-07-04,2013-11-29,2014-05-29,2014-05-07,2014-06-13,ARV,Pediatric,SCMS from RDC,"Abacavir/Lamivudine 60/30mg, dispersible tablets, 60 Tabs",Abacavir/Lamivudine,Generic,60/30mg,Chewable/dispersible tablet - FDC,60,25000,157500.0,6.3,0.1,"Cipla, Patalganga, India",True,2266.0,2352.52,194.83
8766,84890,109-TZ-T30,FPQ-13042,SO-46671,DN-3533,Tanzania,PMO - US,From RDC,N/A - From RDC,Truck,2013-10-01,2013-08-14,2014-02-14,2014-02-21,2014-03-07,ARV,Adult,SCMS from RDC,"Abacavir 300mg, tablets, 60 Tabs",Abacavir,Generic,300mg,Tablet,60,16357,185815.52,11.36,0.19,"Aurobindo Unit III, India",True,1635.0,6007.2,229.85
8767,84891,114-UG-T30,FPQ-12253,SO-45531,DN-3534,Uganda,PMO - US,From RDC,N/A - From RDC,Truck,2013-05-08,2013-07-31,2014-01-31,2014-03-19,2014-03-20,ARV,Adult,SCMS from RDC,"Lamivudine/Tenofovir Disoproxil Fumarate 300/300mg, tablets, 30 Tabs",Lamivudine/Tenofovir Disoproxil Fumarate,Generic,300/300mg,Tablet - FDC,30,52800,248160.0,4.7,0.16,Hetero Unit III Hyderabad IN,True,5412.0,6951.84,306.97
8768,84893,104-CI-T30,FPQ-12800,SO-46422,DN-3546,Côte d'Ivoire,PMO - US,From RDC,N/A - From RDC,Air,2013-08-09,2013-08-28,2014-02-28,2014-02-18,2014-03-04,ARV,Pediatric,SCMS from RDC,"Lamivudine/Nevirapine/Zidovudine 30/50/60mg, dispersible tablets, 60 Tabs",Lamivudine/Nevirapine/Zidovudine,Generic,30/50/60mg,Chewable/dispersible tablet - FDC,60,8201,30753.75,3.75,0.06,"Strides, Bangalore, India.",False,668.5,4063.81,38.04
8769,84894,104-CI-T30,FPQ-12144,SO-45631,DN-3547,Côte d'Ivoire,PMO - US,From RDC,N/A - From RDC,Truck,2013-04-22,2013-08-28,2014-02-28,2014-01-18,2014-03-04,ARV,Pediatric,SCMS from RDC,"Abacavir/Lamivudine 60/30mg, tablets, 60 Tabs",Abacavir/Lamivudine,Generic,60/30mg,Tablet - FDC,60,1915,7660.0,4.0,0.07,"Aurobindo Unit III, India",False,668.5,6757.815,9.48
8770,84895,151-NG-T30,FPQ-12248,SO-45665,DN-3551,Nigeria,PMO - US,From RDC,N/A - From RDC,Air Charter,2013-05-06,2013-08-28,2014-02-28,2014-02-10,2014-02-19,ARV,Adult,SCMS from RDC,"Lamivudine/Nevirapine/Zidovudine 150/200/300mg, tablets, 60 Tabs",Lamivudine/Nevirapine/Zidovudine,Generic,150/300/200mg,Tablet - FDC,60,255001,2106308.26,8.26,0.14,Mylan (formerly Matrix) Nashik,True,60779.0,30936.1,2605.5
8771,84896,103-ZW-T30,FPQ-13109,SO-46951,DN-3550,Zimbabwe,PMO - US,From RDC,N/A - From RDC,Truck,2013-10-17,2013-09-03,2014-03-03,2014-02-11,2014-03-04,ARV,Pediatric,SCMS from RDC,"Efavirenz 200mg, scored tablets, 90 Tabs",Efavirenz,Generic,200mg,Tablet,90,5923,55083.9,9.3,0.1,"Strides, Bangalore, India.",True,365.0,3481.29,56.63
8772,84898,111-MZ-T30,FPQ-12416,SO-45890,DN-3553,Mozambique,PMO - US,From RDC,N/A - From RDC,Truck,2013-06-28,2013-12-03,2014-06-03,2014-06-03,2014-06-11,ARV,Adult,SCMS from RDC,"Lamivudine/Zidovudine 150/300mg, tablets, 60 Tabs",Lamivudine/Zidovudine,Generic,150/300mg,Tablet - FDC,60,25000,168250.0,6.73,0.11,"Aurobindo Unit III, India",False,2348.0,5192.68,208.13
8773,84899,101-CD-T30,FPQ-13554,SO-47630,DN-3561,"Congo, DRC",PMO - US,From RDC,N/A - From RDC,Air,2014-01-15,2013-11-30,2014-05-30,2014-05-19,2014-06-26,ARV,Adult,SCMS from RDC,"Lamivudine/Zidovudine 150/300mg, tablets, 60 Tabs",Lamivudine/Zidovudine,Generic,150/300mg,Tablet - FDC,60,2723,18325.79,6.73,0.11,Mylan (formerly Matrix) Nashik,False,668.5,2346.5699999999997,18.84
8774,84900,101-CD-T30,FPQ-13554,SO-47630,DN-3561,"Congo, DRC",PMO - US,From RDC,N/A - From RDC,Air,2014-01-15,2013-11-30,2014-05-30,2014-05-19,2014-06-26,ARV,Adult,SCMS from RDC,"Lopinavir/Ritonavir 200/50mg, tablets, 120 Tabs",Lopinavir/Ritonavir,Generic,200/50mg,Tablet,120,777,15912.96,20.48,0.17,Mylan (formerly Matrix) Nashik,False,668.5,2346.5699999999997,16.36
8775,84901,101-CD-T30,FPQ-13554,SO-47630,DN-3561,"Congo, DRC",PMO - US,From RDC,N/A - From RDC,Air,2014-01-15,2013-11-30,2014-05-30,2014-05-19,2014-06-26,ARV,Pediatric,SCMS from RDC,"Nevirapine 10mg/ml, oral suspension w/syringe, Bottle, 240 ml",Nevirapine,Generic,10mg/ml,Oral suspension,240,630,1171.8,1.86,0.01,"Aurobindo Unit III, India",False,65.5,2346.5699999999997,1.2
8776,84903,100-ZM-T30,FPQ-12497,SO-45940,DN-3565,Zambia,PMO - US,From RDC,N/A - From RDC,Truck,2013-06-20,2013-09-25,2014-03-25,2014-03-25,2014-04-04,ARV,Adult,SCMS from RDC,"Lamivudine 150mg, tablets, 60 Tabs",Lamivudine,Generic,150mg,Tablet,60,1209,2696.07,2.23,0.04,"Micro labs, Verna, Goa, India",True,609.0,3526.69,3.34
8777,84904,104-CI-T30,FPQ-12800,SO-46361,DN-3567,Côte d'Ivoire,PMO - US,From RDC,N/A - From RDC,Air,2013-08-09,2013-09-28,2014-03-28,2014-03-26,2014-04-28,ARV,Pediatric,SCMS from RDC,"Lamivudine 10mg/ml, oral solution w/syringe, Bottle, 240 ml",Lamivudine,Generic,10mg/ml,Oral solution,240,13000,18590.0,1.43,0.01,"Aurobindo Unit III, India",False,2672.0,4063.81,23.0
8778,84905,103-SS-T30,FPQ-13173,SO-47100,DN-3581,South Sudan,PMO - US,From RDC,N/A - From RDC,Air,2013-10-28,2013-09-30,2014-03-31,2014-03-21,2014-03-26,ARV,Adult,SCMS from RDC,"Lamivudine/Zidovudine 150/300mg, tablets, 60 Tabs",Lamivudine/Zidovudine,Generic,150/300mg,Tablet - FDC,60,1702,11454.46,6.73,0.11,"Cipla, Goa, India",False,668.5,2575.925,11.78
8779,84906,105-GY-T30,FPQ-13071,SO-46800,DN-3585,Guyana,PMO - US,From RDC,N/A - From RDC,Air,2013-10-09,2013-09-30,2014-03-31,2014-04-03,2014-06-06,ARV,Pediatric,SCMS from RDC,"Efavirenz 200mg, scored tablets, 90 Tabs",Efavirenz,Generic,200mg,Tablet,90,48,446.4,9.3,0.1,"Strides, Bangalore, India.",False,5.0,1924.4650000000001,0.46
8780,84907,105-GY-T30,FPQ-13071,SO-46800,DN-3585,Guyana,PMO - US,From RDC,N/A - From RDC,Air,2013-10-09,2013-09-30,2014-03-31,2014-04-03,2014-06-06,ARV,Adult,SCMS from RDC,"Zidovudine 300mg, tablets, 60 Tabs",Zidovudine,Generic,300mg,Tablet,60,803,5018.75,6.25,0.1,"Aurobindo Unit III, India",False,668.5,1924.4650000000001,5.16
8781,84908,106-HT-T30,FPQ-13608,SO-47690,DN-3586,Haiti,PMO - US,From RDC,N/A - From RDC,Air,2014-01-22,2013-09-30,2014-03-30,2014-03-24,2014-05-06,ARV,Adult,SCMS from RDC,"Efavirenz 600mg, tablets, 30 Tabs",Efavirenz,Generic,600mg,Tablet,30,25000,83250.0,3.33,0.11,"Hetero, Jadcherla, unit 5, IN",False,2348.0,2946.7200000000003,85.58
8782,84909,114-UG-T30,FPQ-13108,SO-46870,DN-3589,Uganda,PMO - US,From RDC,N/A - From RDC,Truck,2013-10-16,2013-10-20,2014-04-20,2014-04-18,2014-04-28,ARV,Adult,SCMS from RDC,"Lamivudine/Zidovudine 150/300mg, tablets, 60 Tabs",Lamivudine/Zidovudine,Generic,150/300mg,Tablet - FDC,60,3757,25284.61,6.73,0.11,"Aurobindo Unit III, India",False,668.5,5458.45,25.99
8783,84910,109-TZ-T30,FPQ-13042,SO-46720,DN-3593,Tanzania,PMO - US,From RDC,N/A - From RDC,Truck,2013-10-01,2013-11-15,2014-05-15,2014-05-07,2014-06-13,ARV,Adult,SCMS from RDC,"Lopinavir/Ritonavir 200/50mg, tablets, 120 Tabs",Lopinavir/Ritonavir,Generic,200/50mg,Tablet,120,33086,664036.02,20.07,0.17,Mylan (formerly Matrix) Nashik,True,5065.0,2352.52,821.41
8784,84911,104-CI-T30,FPQ-12800,SO-46430,DN-3599,Côte d'Ivoire,PMO - US,From RDC,N/A - From RDC,Truck,2013-08-09,2013-10-30,2014-04-30,2014-04-14,2014-05-22,ARV,Adult,SCMS from RDC,"Lamivudine/Tenofovir Disoproxil Fumarate 300/300mg, tablets, 30 Tabs",Lamivudine/Tenofovir Disoproxil Fumarate,Generic,300/300mg,Tablet - FDC,30,26000,122200.0,4.7,0.16,Hetero Unit III Hyderabad IN,False,2646.5,6757.815,151.16
8785,84913,151-NG-T30,FPQ-11771,SO-44754,DN-3621,Nigeria,PMO - US,From RDC,N/A - From RDC,Air Charter,2013-02-28,2013-10-15,2014-04-15,2014-04-17,2014-05-02,ARV,Adult,SCMS from RDC,"Lopinavir/Ritonavir 200/50mg [Aluvia], tablets, 120 Tabs",Lopinavir/Ritonavir,Aluvia,200/50mg,Tablet,120,15826,299111.4,18.9,0.16,ABBVIE Ludwigshafen Germany,True,3814.0,29674.92,370.0
8786,84914,105-GY-T30,FPQ-13567,SO-47730,DN-3626,Guyana,PMO - US,From RDC,N/A - From RDC,Air,2014-01-16,2013-12-30,2014-06-30,2014-04-14,2014-06-06,ARV,Pediatric,SCMS from RDC,"Efavirenz 200mg, scored tablets, 90 Tabs",Efavirenz,Generic,200mg,Tablet,90,74,688.2,9.3,0.1,"Strides, Bangalore, India.",False,668.5,1924.4650000000001,0.71
8787,84915,105-GY-T30,FPQ-13567,SO-47730,DN-3626,Guyana,PMO - US,From RDC,N/A - From RDC,Air,2014-01-16,2013-12-30,2014-06-30,2014-04-14,2014-06-06,ARV,Adult,SCMS from RDC,"Lamivudine 150mg, tablets, 60 Tabs",Lamivudine,Generic,150mg,Tablet,60,210,468.3,2.23,0.04,"Strides, Bangalore, India.",False,32.0,1924.4650000000001,0.48
8788,84916,104-CI-T30,FPQ-12800,SO-46423,DN-3630,Côte d'Ivoire,PMO - US,From RDC,N/A - From RDC,Air,2013-08-09,2013-10-30,2014-04-30,2014-04-25,2014-06-06,ARV,Adult,SCMS from RDC,"Tenofovir Disoproxil Fumarate 300mg, tablets, 30 Tabs",Tenofovir Disoproxil Fumarate,Generic,300mg,Tablet,30,3300,12474.0,3.78,0.13,Mylan (formerly Matrix) Nashik,True,259.0,1008.9,15.43
8789,84917,104-CI-T30,FPQ-13142,SO-47131,DN-3632,Côte d'Ivoire,PMO - US,From RDC,N/A - From RDC,Truck,2013-10-22,2013-10-30,2014-04-30,2014-04-25,2014-06-11,ARV,Adult,SCMS from RDC,"Efavirenz/Lamivudine/Tenofovir Disoproxil Fumarate 600/300/300mg, tablets, 30 Tabs",Efavirenz/Lamivudine/Tenofovir Disoproxil Fumarate,Generic,600/300/300mg,Tablet - FDC,30,52200,562716.0,10.78,0.36,Hetero Unit III Hyderabad IN,False,668.5,6757.815,578.47
8790,84918,105-GY-T30,FPQ-13071,SO-46801,DN-3639,Guyana,PMO - US,From RDC,N/A - From RDC,Air,2013-10-09,2013-11-05,2014-05-05,2014-04-25,2014-05-13,ARV,Pediatric,SCMS from RDC,"Abacavir 20mg/ml, oral solution w/syringe, Bottle, 240 ml",Abacavir,Generic,20mg/ml,Oral solution,240,30,251.4,8.38,0.03,"Aurobindo Unit III, India",True,11.0,871.8,0.26
8791,84919,110-ZM-T30,FPQ-13221,SO-47201,DN-3648,Zambia,PMO - US,From RDC,N/A - From RDC,Truck,2013-10-31,2013-11-06,2014-05-06,2014-05-19,2014-06-12,ARV,Adult,SCMS from RDC,"Lamivudine/Tenofovir Disoproxil Fumarate 300/300mg, tablets, 30 Tabs",Lamivudine/Tenofovir Disoproxil Fumarate,Generic,300/300mg,Tablet - FDC,30,29440,136601.6,4.64,0.15,Ranbaxy per Shasun Pharma,False,2438.0,6476.695,140.43
8792,84920,104-CI-T30,FPQ-13142,SO-47130,DN-3655,Côte d'Ivoire,PMO - US,From RDC,N/A - From RDC,Truck,2013-10-22,2013-10-21,2014-04-21,2014-05-01,2014-06-11,ARV,Adult,SCMS from RDC,"Abacavir/Lamivudine 600/300mg, tablets, 30 Tabs",Abacavir/Lamivudine,Generic,600/300mg,Tablet - FDC,30,3291,44494.32,13.52,0.45,"Aurobindo Unit III, India",False,668.5,6757.815,45.74
8793,84921,104-CI-T30,FPQ-13142,SO-47130,DN-3655,Côte d'Ivoire,PMO - US,From RDC,N/A - From RDC,Truck,2013-10-22,2013-10-21,2014-04-21,2014-05-01,2014-06-11,ARV,Adult,SCMS from RDC,"Abacavir/Lamivudine 600/300mg, tablets, 30 Tabs",Abacavir/Lamivudine,Generic,600/300mg,Tablet - FDC,30,3709,50145.68,13.52,0.45,"Aurobindo Unit III, India",False,668.5,6757.815,51.55
8794,84922,104-CI-T30,FPQ-13142,SO-47150,DN-3656,Côte d'Ivoire,PMO - US,From RDC,N/A - From RDC,Truck,2013-10-22,2013-10-30,2014-04-30,2014-04-22,2014-06-11,ARV,Adult,SCMS from RDC,"Lamivudine/Nevirapine/Zidovudine 150/200/300mg, tablets, 60 Tabs",Lamivudine/Nevirapine/Zidovudine,Generic,150/300/200mg,Tablet - FDC,60,75235,610155.85,8.11,0.14,"Strides, Bangalore, India.",True,9080.0,34551.83,627.24
8795,84925,106-HT-T30,FPQ-13648,SO-47820,DN-3682,Haiti,PMO - US,From RDC,N/A - From RDC,Air,2014-02-03,2013-10-30,2014-04-30,2014-05-12,2014-06-24,ARV,Pediatric,SCMS from RDC,"Lamivudine/Nevirapine/Zidovudine 30/50/60mg, dispersible tablets, 60 Tabs",Lamivudine/Nevirapine/Zidovudine,Generic,30/50/60mg,Chewable/dispersible tablet - FDC,60,2581,9678.75,3.75,0.06,"Strides, Bangalore, India.",True,110.0,1955.22,9.95
8796,84926,107-RW-T30,FPQ-12901,SO-46560,DN-3689,Rwanda,PMO - US,From RDC,N/A - From RDC,Truck,2013-08-30,2013-12-16,2014-06-16,2014-05-17,2014-06-23,ARV,Adult,SCMS from RDC,"Efavirenz/Lamivudine/Tenofovir Disoproxil Fumarate 600/300/300mg, tablets, 30 Tabs",Efavirenz/Lamivudine/Tenofovir Disoproxil Fumarate,Generic,600/300/300mg,Tablet - FDC,30,61123,658905.94,10.78,0.36,Hetero Unit III Hyderabad IN,True,8281.0,14311.0,815.07
8797,84927,104-CI-T30,FPQ-12800,SO-46390,DN-3692,Côte d'Ivoire,PMO - US,From RDC,N/A - From RDC,Truck,2013-08-09,2013-12-30,2014-06-30,2014-05-16,2014-06-30,ARV,Adult,SCMS from RDC,"Lopinavir/Ritonavir 200/50mg [Aluvia], tablets, 120 Tabs",Lopinavir/Ritonavir,Aluvia,200/50mg,Tablet,120,54000,1020600.0,18.9,0.16,ABBVIE Ludwigshafen Germany,True,11971.0,44448.75,1262.48
8798,84928,113-ZW-T30,FPQ-12950,SO-46650,DN-3702,Zimbabwe,PMO - US,From RDC,N/A - From RDC,Truck,2013-09-10,2013-11-30,2014-05-30,2014-05-30,2014-06-23,ARV,Adult,SCMS from RDC,"Efavirenz/Lamivudine/Tenofovir Disoproxil Fumarate 600/300/300mg, tablets, 30 Tabs",Efavirenz/Lamivudine/Tenofovir Disoproxil Fumarate,Generic,600/300/300mg,Tablet - FDC,30,225000,2425500.0,10.78,0.36,"Aurobindo Unit VII, IN",True,37973.0,15873.95,3000.34
8799,84929,107-RW-T30,FPQ-12190,SO-45391,DN-3714,Rwanda,PMO - US,From RDC,N/A - From RDC,Truck,2013-05-06,2013-11-30,2014-05-30,2014-07-03,2014-07-09,ARV,Adult,SCMS from RDC,"Nevirapine 200mg, tablets, 60 Tabs",Nevirapine,Generic,200mg,Tablet,60,30666,67771.86,2.21,0.04,Hetero Unit III Hyderabad IN,True,1878.0,11085.83,83.83
8800,84930,151-NG-T30,FPQ-13293,SO-47283,DN-3718,Nigeria,PMO - US,From RDC,N/A - From RDC,Air Charter,2013-11-19,2013-12-30,2014-06-30,2014-05-09,2014-05-23,ARV,Adult,SCMS from RDC,"Lamivudine/Zidovudine 150/300mg, tablets, 60 Tabs",Lamivudine/Zidovudine,Generic,150/300mg,Tablet - FDC,60,92125,608025.0,6.6,0.11,Mylan (formerly Matrix) Nashik,True,7982.0,45180.63,625.05
8801,84931,151-NG-T30,FPQ-13293,SO-47300,DN-3720,Nigeria,PMO - US,From RDC,N/A - From RDC,Air Charter,2013-11-19,2013-12-30,2014-06-30,2014-05-09,2014-05-23,ARV,Pediatric,SCMS from RDC,"Efavirenz 200mg, scored tablets, 90 Tabs",Efavirenz,Generic,200mg,Tablet,90,10534,97966.2,9.3,0.1,"Strides, Bangalore, India.",True,2.0,45180.62,100.71
8802,84934,105-GY-T30,FPQ-14042,SO-48500,DN-3737,Guyana,PMO - US,From RDC,N/A - From RDC,Air,2014-04-09,2013-12-30,2014-06-30,2014-06-03,2014-07-18,ARV,Adult,SCMS from RDC,"Lopinavir/Ritonavir 200/50mg, tablets, 120 Tabs",Lopinavir/Ritonavir,Generic,200/50mg,Tablet,120,1031,20321.01,19.71,0.16,Mylan (formerly Matrix) Nashik,True,298.0,4353.04,20.89
8803,84935,102-BI-T30,FPQ-12602,SO-46023,DN-3739,Burundi,PMO - US,From RDC,N/A - From RDC,Air,2013-07-09,2013-12-16,2014-06-16,2014-06-04,2014-07-09,ARV,Adult,SCMS from RDC,"Efavirenz 600mg, tablets, 30 Tabs",Efavirenz,Generic,600mg,Tablet,30,573,1839.33,3.21,0.11,"Strides, Bangalore, India.",False,668.5,3544.4849999999997,2.28
8804,84936,110-ZM-T30,FPQ-13574,SO-47790,DN-3753,Zambia,PMO - US,From RDC,N/A - From RDC,Air,2014-01-16,2013-12-16,2014-06-16,2014-06-17,2014-07-17,ARV,Pediatric,SCMS from RDC,"Nevirapine 10mg/ml, oral suspension w/syringe, Bottle, 100 ml",Nevirapine,Generic,10mg/ml,Oral suspension,100,6778,8811.4,1.3,0.01,"Aurobindo Unit III, India",True,1358.0,3150.3,9.06
8805,84937,111-MZ-T30,FPQ-13123,SO-47092,DN-3752,Mozambique,PMO - US,From RDC,N/A - From RDC,Truck,2013-10-21,2014-01-31,2014-07-31,2014-07-25,2014-09-05,ARV,Adult,SCMS from RDC,"Efavirenz 600mg, tablets, 30 Tabs",Efavirenz,Generic,600mg,Tablet,30,30000,96300.0,3.21,0.11,"Strides, Bangalore, India.",False,3136.0,5192.68,99.0
8806,84938,111-MZ-T30,FPQ-13166,SO-47611,DN-3697,Mozambique,PMO - US,From RDC,N/A - From RDC,Truck,2013-10-21,2014-01-09,2014-07-09,2014-07-18,2014-08-07,ARV,Adult,SCMS from RDC,"Abacavir/Lamivudine 600/300mg, scored tablets, 30 Tabs",Abacavir/Lamivudine,Generic,600/300mg,Tablet - FDC,30,2555,34543.6,13.52,0.45,Mylan (formerly Matrix) Nashik,True,227.0,227.19,35.51
8807,84939,111-MZ-T30,FPQ-13123,SO-47087,DN-3757,Mozambique,PMO - US,From RDC,N/A - From RDC,Truck,2013-10-21,2014-01-31,2014-07-31,2014-10-06,2014-10-13,ARV,Adult,SCMS from RDC,"Efavirenz 600mg, tablets, 30 Tabs",Efavirenz,Generic,600mg,Tablet,30,20340,65291.4,3.21,0.11,"Strides, Bangalore, India.",True,1242.0,9384.0,67.12
8808,84940,109-TZ-T30,FPQ-13042,SO-46721,DN-3758,Tanzania,PMO - US,From RDC,N/A - From RDC,Truck,2013-10-01,2013-12-30,2014-06-30,2014-06-24,2014-07-01,ARV,Adult,SCMS from RDC,"Lopinavir/Ritonavir 200/50mg [Aluvia], tablets, 120 Tabs",Lopinavir/Ritonavir,Aluvia,200/50mg,Tablet,120,14758,278926.2,18.9,0.16,ABBVIE Ludwigshafen Germany,True,3030.0,2994.62,345.03
8809,84942,109-TZ-T30,FPQ-13042,SO-46701,DN-3762,Tanzania,PMO - US,From RDC,N/A - From RDC,Air,2013-10-01,2014-01-31,2014-07-31,2014-09-25,2014-10-06,ARV,Pediatric,SCMS from RDC,"Nevirapine 10mg/ml, oral suspension w/syringe, Bottle, 100 ml",Nevirapine,Generic,10mg/ml,Oral suspension,100,28464,37003.2,1.3,0.01,"Aurobindo Unit III, India",False,668.5,8925.0,45.77
8810,84943,113-ZW-T30,FPQ-13508,SO-47541,DN-3771,Zimbabwe,PMO - US,From RDC,N/A - From RDC,Truck,2013-12-24,2014-03-30,2014-09-30,2014-06-20,2014-07-07,ARV,Adult,SCMS from RDC,"Lamivudine/Tenofovir Disoproxil Fumarate 300/300mg, tablets, 30 Tabs",Lamivudine/Tenofovir Disoproxil Fumarate,Generic,300/300mg,Tablet - FDC,30,153560,721732.0,4.7,0.16,"Aurobindo Unit VII, IN",True,18528.0,31514.85,741.94
8811,84944,113-ZW-T30,FPQ-13508,SO-47530,DN-3780,Zimbabwe,PMO - US,From RDC,N/A - From RDC,Truck,2013-12-24,2014-01-30,2014-07-30,2014-07-11,2014-08-04,ARV,Adult,SCMS from RDC,"Nevirapine 200mg, tablets, 60 Tabs",Nevirapine,Generic,200mg,Tablet,60,44716,101058.16,2.26,0.04,Hetero Unit III Hyderabad IN,True,5925.0,13770.65,103.89
8812,84945,102-ZW-T30,FPQ-14557,SO-49250,DN-3879,Zimbabwe,PMO - US,From RDC,N/A - From RDC,Truck,2014-07-02,2014-02-25,2014-08-25,2014-09-12,2014-10-13,ARV,Pediatric,SCMS from RDC,"Abacavir 20mg/ml, [DON] oral solution, Bottle, 240 ml",Abacavir,Generic,20mg/ml,Oral solution,240,301,0.0,0.0,0.0,"Aurobindo Unit III, India",True,668.5,6721.705,0.0
8813,84947,111-MZ-T30,FPQ-14226,SO-48883,DN-3875,Mozambique,PMO - US,From RDC,N/A - From RDC,Truck,2014-05-02,2014-06-30,2014-12-31,2014-10-30,2014-11-07,ARV,Adult,SCMS from RDC,"Efavirenz 600mg, tablets, 30 Tabs",Efavirenz,Generic,600mg,Tablet,30,8283,26588.43,3.21,0.11,"Cipla, Goa, India",False,668.5,5192.68,27.33
8814,84949,111-MZ-T30,FPQ-14226,SO-48871,DN-3805,Mozambique,PMO - US,From RDC,N/A - From RDC,Truck,2014-05-02,2014-03-30,2014-09-30,2014-09-05,2014-09-08,ARV,Adult,SCMS from RDC,"Tenofovir Disoproxil Fumarate 300mg, tablets, 30 Tabs",Tenofovir Disoproxil Fumarate,Generic,300mg,Tablet,30,800,3024.0,3.78,0.13,Hetero Unit III Hyderabad IN,True,64.0,166.96,3.11
8815,84950,111-MZ-T30,FPQ-13124,SO-47040,DN-3809,Mozambique,PMO - US,From RDC,N/A - From RDC,Truck,2013-10-21,2014-02-15,2014-08-15,2014-08-15,2014-08-25,ARV,Adult,SCMS from RDC,"Efavirenz 600mg, tablets, 30 Tabs",Efavirenz,Generic,600mg,Tablet,30,108650,348766.5,3.21,0.11,"Strides, Bangalore, India.",True,9741.0,9360.14,358.53
8816,84951,113-ZW-T30,FPQ-13508,SO-47540,DN-3825,Zimbabwe,PMO - US,From RDC,N/A - From RDC,Truck,2013-12-24,2014-03-30,2014-09-30,2014-06-29,2014-08-04,ARV,Adult,SCMS from RDC,"Nevirapine 200mg, tablets, 60 Tabs",Nevirapine,Generic,200mg,Tablet,60,48253,105191.54,2.18,0.04,"Strides, Bangalore, India.",False,668.5,6721.705,108.14
8817,84952,111-MZ-T30,FPQ-13123,SO-47090,DN-3826,Mozambique,PMO - US,From RDC,N/A - From RDC,Truck,2013-10-21,2014-02-28,2014-08-29,2014-11-05,2014-11-07,ARV,Adult,SCMS from RDC,"Lamivudine/Stavudine 150/30mg, tablets, 60 Tabs",Lamivudine/Stavudine,Generic,150/30mg,Tablet - FDC,60,26700,66483.0,2.49,0.04,"Strides, Bangalore, India.",True,1307.0,1482.7,68.34
8818,84953,110-ZM-T30,FPQ-14105,SO-48660,DN-3832,Zambia,PMO - US,From RDC,N/A - From RDC,Truck,2014-04-16,2014-01-31,2014-07-31,2014-07-25,2014-07-31,ARV,Adult,SCMS from RDC,"Lamivudine/Zidovudine 150/300mg, tablets, 60 Tabs",Lamivudine/Zidovudine,Generic,150/300mg,Tablet - FDC,60,100000,652000.0,6.52,0.11,Hetero Unit III Hyderabad IN,True,8528.0,8635.96,670.26
8819,84955,110-ZM-T30,FPQ-14162,SO-48671,DN-3839,Zambia,PMO - US,From RDC,N/A - From RDC,Truck,2014-04-24,2014-02-28,2014-08-30,2014-07-25,2014-07-31,ARV,Adult,SCMS from RDC,"Nevirapine 200mg, tablets, 60 Tabs",Nevirapine,Generic,200mg,Tablet,60,39132,86481.72,2.21,0.04,Hetero Unit III Hyderabad IN,True,2426.0,2413.89,88.9
8820,84956,103-SS-T30,FPQ-14409,SO-49120,DN-3842,South Sudan,PMO - US,From RDC,N/A - From RDC,Air,2014-06-05,2014-03-01,2014-09-01,2014-09-01,2014-09-02,ARV,Pediatric,SCMS from RDC,"Abacavir/Lamivudine 60/30mg, dispersible tablets, 60 Tabs",Abacavir/Lamivudine,Generic,60/30mg,Chewable/dispersible tablet - FDC,60,3274,18432.62,5.63,0.09,"Cipla, Patalganga, India",False,668.5,2575.925,18.95
8821,84957,101-CD-T30,FPQ-14252,SO-48850,DN-3843,"Congo, DRC",PMO - US,From RDC,N/A - From RDC,Air,2014-05-07,2014-02-13,2014-08-13,2014-09-24,2014-11-06,ARV,Adult,SCMS from RDC,"Tenofovir Disoproxil Fumarate 300mg, tablets, 30 Tabs",Tenofovir Disoproxil Fumarate,Generic,300mg,Tablet,30,1540,5821.2,3.78,0.13,Mylan (formerly Matrix) Nashik,False,668.5,2346.5699999999997,5.98
8822,84966,107-RW-T30,FPQ-14111,SO-48760,DN-3857,Rwanda,PMO - US,From RDC,N/A - From RDC,Air,2014-04-22,2014-01-30,2014-07-30,2014-08-01,2014-08-22,ARV,Pediatric,SCMS from RDC,"Lamivudine/Nevirapine/Zidovudine 30/50/60mg, dispersible tablets, 60 Tabs",Lamivudine/Nevirapine/Zidovudine,Generic,30/50/60mg,Chewable/dispersible tablet - FDC,60,2274,8527.5,3.75,0.06,"Strides, Bangalore, India.",True,100.0,1511.4,8.77
8823,84967,111-MZ-T30,FPQ-13575,SO-47703,DN-3865,Mozambique,PMO - US,From RDC,N/A - From RDC,Truck,2014-01-17,2014-02-28,2014-08-31,2014-10-30,2014-11-13,ARV,Adult,SCMS from RDC,"Efavirenz 600mg, tablets, 30 Tabs",Efavirenz,Generic,600mg,Tablet,30,6600,21186.0,3.21,0.11,"Strides, Bangalore, India.",False,720.0,5192.68,21.78
8824,84968,109-TZ-T30,FPQ-13042,SO-46674,DN-3867,Tanzania,PMO - US,From RDC,N/A - From RDC,Truck,2013-10-01,2014-02-28,2014-08-29,2014-09-29,2014-10-06,ARV,Pediatric,SCMS from RDC,"Lamivudine/Nevirapine/Zidovudine 30/50/60mg, dispersible tablets, 60 Tabs",Lamivudine/Nevirapine/Zidovudine,Generic,30/50/60mg,Chewable/dispersible tablet - FDC,60,20000,74600.0,3.73,0.06,Mylan (formerly Matrix) Nashik,True,3431.0,19379.94,92.28
8825,84969,110-ZM-T30,FPQ-13221,SO-47205,DN-3869,Zambia,PMO - US,From RDC,N/A - From RDC,Truck,2013-10-31,2014-02-28,2014-08-29,2014-09-02,2014-10-17,ARV,Adult,SCMS from RDC,"Lopinavir/Ritonavir 200/50mg, tablets, 120 Tabs",Lopinavir/Ritonavir,Generic,200/50mg,Tablet,120,32905,648557.55,19.71,0.16,Mylan (formerly Matrix) Nashik,True,5111.0,10944.73,666.72
8826,85065,114-UG-T30,FPQ-4065,SO-33010,DN-1417,Uganda,PMO - US,From RDC,N/A - From RDC,Air,2009-08-06,2009-04-08,2009-10-08,2009-10-08,2009-10-08,ARV,Adult,SCMS from RDC,"Nevirapine 200mg, tablets, 60 Tabs",Nevirapine,Generic,200mg,Tablet,60,100,290.0,2.9,0.05,"Aurobindo Unit III, India",False,36.0,2485.92,0.57
8827,84970,111-MZ-T30,FPQ-13575,SO-47704,DN-3874,Mozambique,PMO - US,From RDC,N/A - From RDC,Truck,2014-01-17,2014-02-28,2014-08-31,2014-10-27,2014-11-07,ARV,Adult,SCMS from RDC,"Lamivudine/Nevirapine/Zidovudine 150/200/300mg, tablets, 60 Tabs",Lamivudine/Nevirapine/Zidovudine,Generic,150/300/200mg,Tablet - FDC,60,74930,607682.3,8.11,0.14,Mylan (formerly Matrix) Nashik,True,9100.0,6507.33,624.7
8828,84971,101-CD-T30,FPQ-14252,SO-48851,DN-3901,"Congo, DRC",PMO - US,From RDC,N/A - From RDC,Air,2014-05-07,2014-03-30,2014-09-30,2014-10-24,2014-11-10,ARV,Pediatric,SCMS from RDC,"Zidovudine 10mg/ml, oral solution w/syringe, Bottle, 240 ml",Zidovudine,Generic,10mg/ml,Oral solution,240,1090,2289.0,2.1,0.01,"Cipla, Goa, India",True,408.0,5580.44,2.35
8829,84972,107-RW-T30,FPQ-12190,SO-45350,DN-3902,Rwanda,PMO - US,From RDC,N/A - From RDC,Air,2013-05-06,2014-03-15,2014-09-15,2014-09-19,2014-09-19,ARV,Pediatric,SCMS from RDC,"Zidovudine 10mg/ml, oral solution w/syringe, Bottle, 240 ml",Zidovudine,Generic,10mg/ml,Oral solution,240,2125,4462.5,2.1,0.01,"Cipla, Goa, India",True,796.0,5603.78,5.52
8830,84974,101-CD-T30,FPQ-14252,SO-48853,DN-3909,"Congo, DRC",PMO - US,From RDC,N/A - From RDC,Air,2014-05-07,2014-05-27,2014-11-27,2014-11-27,2014-12-23,ARV,Adult,SCMS from RDC,"Zidovudine 300mg, tablets, 60 Tabs",Zidovudine,Generic,300mg,Tablet,60,2651,14421.44,5.44,0.09,"Aurobindo Unit III, India",True,155.0,3028.36,14.83
8831,84975,151-NG-T30,FPQ-13293,SO-47274,DN-3913,Nigeria,PMO - US,From RDC,N/A - From RDC,Air Charter,2013-11-19,2014-03-30,2014-09-30,2014-09-03,2014-09-05,ARV,Adult,SCMS from RDC,"Lamivudine/Nevirapine/Zidovudine 150/200/300mg, tablets, 60 Tabs",Lamivudine/Nevirapine/Zidovudine,Generic,150/300/200mg,Tablet - FDC,60,45520,369167.2,8.11,0.14,Mylan (formerly Matrix) Nashik,False,668.5,12601.07,379.5
8832,84978,114-UG-T30,FPQ-13693,SO-47840,DN-3930,Uganda,PMO - US,From RDC,N/A - From RDC,Truck,2014-02-07,2014-04-30,2014-10-31,2014-09-25,2014-09-26,ARV,Pediatric,SCMS from RDC,"Lamivudine/Zidovudine 30/60mg, dispersible tablets, 60 Tabs",Lamivudine/Zidovudine,Generic,30/60mg,Chewable/dispersible tablet - FDC,60,4000,8600.0,2.15,0.04,"Cipla, Goa, India",True,474.0,1332.7,8.84
8833,84979,111-MZ-T30,FPQ-13575,SO-47700,DN-3939,Mozambique,PMO - US,From RDC,N/A - From RDC,Truck,2014-01-17,2014-04-30,2014-10-31,2014-10-30,2014-11-13,ARV,Adult,SCMS from RDC,"Abacavir 300mg, tablets, 60 Tabs",Abacavir,Generic,300mg,Tablet,60,7977,90618.72,11.36,0.19,"Aurobindo Unit III, India",False,668.5,5192.68,93.16
8834,84980,110-ZM-T30,FPQ-13221,SO-47207,DN-3941,Zambia,PMO - US,From RDC,N/A - From RDC,Truck,2013-10-31,2014-03-30,2014-09-30,2014-10-02,2014-10-22,ARV,Adult,SCMS from RDC,"Lamivudine/Tenofovir Disoproxil Fumarate 300/300mg, tablets, 30 Tabs",Lamivudine/Tenofovir Disoproxil Fumarate,Generic,300/300mg,Tablet - FDC,30,11536,54219.2,4.7,0.16,Ranbaxy per Shasun Pharma,True,1046.0,1157.78,55.74
8835,84981,110-ZM-T30,FPQ-14575,SO-49281,DN-3943,Zambia,PMO - US,From RDC,N/A - From RDC,Truck,2014-07-11,2014-05-30,2014-11-30,2014-09-23,2014-10-17,ARV,Pediatric,SCMS from RDC,"Nevirapine 10mg/ml, oral suspension w/syringe, Bottle, 240 ml",Nevirapine,Generic,10mg/ml,Oral suspension,240,10000,13000.0,1.3,0.01,"Aurobindo Unit III, India",True,3731.0,4329.61,13.36
8836,84982,105-GY-T30,FPQ-14042,SO-48522,DN-3945,Guyana,PMO - US,From RDC,N/A - From RDC,Air,2014-04-09,2014-03-30,2014-09-30,2014-10-31,2014-11-14,ARV,Pediatric,SCMS from RDC,"Abacavir 20mg/ml, oral solution w/syringe, Bottle, 240 ml",Abacavir,Generic,20mg/ml,Oral solution,240,100,838.0,8.38,0.03,"Aurobindo Unit III, India",True,44.0,863.24,0.86
8837,84984,102-BI-T30,FPQ-14112,SO-48630,DN-3952,Burundi,PMO - US,From RDC,N/A - From RDC,Air,2014-04-18,2014-04-30,2014-10-31,2014-10-15,2014-10-28,ARV,Adult,SCMS from RDC,"Lamivudine/Zidovudine 150/300mg, tablets, 60 Tabs",Lamivudine/Zidovudine,Generic,150/300mg,Tablet - FDC,60,2532,16711.2,6.6,0.11,Mylan (formerly Matrix) Nashik,False,668.5,3544.4849999999997,17.18
8838,84988,103-ZW-T30,FPQ-14459,SO-49181,DN-3973,Zimbabwe,PMO - US,From RDC,N/A - From RDC,Truck,2014-06-13,2014-05-24,2014-11-24,2014-10-30,2014-11-07,ARV,Pediatric,SCMS from RDC,"Lamivudine/Zidovudine 30/60mg, dispersible tablets, 60 Tabs",Lamivudine/Zidovudine,Generic,30/60mg,Chewable/dispersible tablet - FDC,60,15000,29850.0,1.99,0.03,"Cipla, Goa, India",True,1037.0,891.65,30.69
8839,84991,101-CD-T30,FPQ-14576,SO-49310,DN-3954,"Congo, DRC",PMO - US,From RDC,N/A - From RDC,Air,2014-07-14,2014-10-14,2015-04-14,2015-04-14,2015-04-14,ARV,Adult,SCMS from RDC,"Nevirapine 200mg, tablets, 60 Tabs",Nevirapine,Generic,200mg,Tablet,60,5850,12753.0,2.18,0.04,Hetero Unit III Hyderabad IN,False,668.5,2346.5699999999997,13.11
8840,84992,101-CD-T30,FPQ-14576,SO-49290,DN-3975,"Congo, DRC",PMO - US,From RDC,N/A - From RDC,Air,2014-07-14,2014-07-30,2015-01-30,2015-02-18,2015-02-23,ARV,Pediatric,SCMS from RDC,"Zidovudine 10mg/ml, oral solution w/syringe, Bottle, 240 ml",Zidovudine,Generic,10mg/ml,Oral solution,240,714,1499.4,2.1,0.01,"Cipla, Goa, India",False,668.5,2346.5699999999997,1.54
8841,84994,151-NG-T30,FPQ-14156,SO-48891,DN-3999,Nigeria,PMO - US,From RDC,N/A - From RDC,Air Charter,2014-04-25,2014-05-30,2014-11-30,2014-10-30,2014-11-03,ARV,Adult,SCMS from RDC,"Lamivudine/Nevirapine/Zidovudine 150/200/300mg, tablets, 60 Tabs",Lamivudine/Nevirapine/Zidovudine,Generic,150/300/200mg,Tablet - FDC,60,100000,811000.0,8.11,0.14,"Cipla, Goa, India",False,9389.5,12601.07,833.71
8842,84995,109-TZ-T30,FPQ-13566,SO-47656,DN-4006,Tanzania,PMO - US,From RDC,N/A - From RDC,Truck,2014-01-15,2014-07-30,2015-01-30,2015-01-23,2015-01-28,ARV,Adult,SCMS from RDC,"Efavirenz/Emtricitabine/Tenofovir Disoproxil Fumarate 600/200/300mg, tablets, 30 Tabs",Efavirenz/Emtricitabine/Tenofovir Disoproxil Fumarate,Generic,600/200/300mg,Tablet - FDC,30,12783,151989.87,11.89,0.4,Mylan (formerly Matrix) Nashik,True,1371.0,7585.82,156.25
8843,84996,104-CI-T30,FPQ-13628,SO-47882,DN-4016,Côte d'Ivoire,PMO - US,From RDC,N/A - From RDC,Truck,2014-01-29,2014-05-28,2014-11-28,2014-12-02,2014-12-08,ARV,Pediatric,SCMS from RDC,"Abacavir/Lamivudine 60/30mg, dispersible tablets, 60 Tabs",Abacavir/Lamivudine,Generic,60/30mg,Chewable/dispersible tablet - FDC,60,137,697.33,5.09,0.08,"Cipla, Patalganga, India",True,2014.0,7726.12,0.72
8844,84997,104-CI-T30,FPQ-14370,SO-49051,DN-4017,Côte d'Ivoire,PMO - US,From RDC,N/A - From RDC,Truck,2014-05-23,2014-05-28,2014-11-28,2014-12-02,2014-12-08,ARV,Adult,SCMS from RDC,"Efavirenz 600mg, tablets, 30 Tabs",Efavirenz,Generic,600mg,Tablet,30,64445,206868.45,3.21,0.11,"Strides, Bangalore, India.",True,5678.0,20052.11,212.66
8845,84999,104-CI-T30,FPQ-13628,SO-47890,DN-4027,Côte d'Ivoire,PMO - US,From RDC,N/A - From RDC,Truck,2014-01-29,2014-07-30,2015-01-30,2014-12-19,2014-12-23,ARV,Adult,SCMS from RDC,"Lamivudine/Zidovudine 150/300mg, tablets, 60 Tabs",Lamivudine/Zidovudine,Generic,150/300mg,Tablet - FDC,60,126840,853633.2,6.73,0.11,Hetero Unit III Hyderabad IN,True,11283.0,42947.44,877.53
8846,85000,111-MZ-T30,FPQ-14226,SO-48880,DN-4032,Mozambique,PMO - US,From RDC,N/A - From RDC,Truck,2014-05-02,2014-09-02,2015-03-02,2015-03-02,2015-03-09,ARV,Adult,SCMS from RDC,"Tenofovir Disoproxil Fumarate 300mg, tablets, 30 Tabs",Tenofovir Disoproxil Fumarate,Generic,300mg,Tablet,30,380,1436.4,3.78,0.13,Hetero Unit III Hyderabad IN,False,44.0,5192.68,1.48
8847,85001,111-MZ-T30,FPQ-14226,SO-48880,DN-4032,Mozambique,PMO - US,From RDC,N/A - From RDC,Truck,2014-05-02,2014-09-02,2015-03-02,2015-03-02,2015-03-09,ARV,Adult,SCMS from RDC,"Lopinavir/Ritonavir 200/50mg, tablets, 120 Tabs",Lopinavir/Ritonavir,Generic,200/50mg,Tablet,120,13642,264381.96,19.38,0.16,"Aurobindo Unit III, India",False,668.5,5192.68,271.78
8848,85002,114-UG-T30,FPQ-14396,SO-48992,DN-4034,Uganda,PMO - US,From RDC,N/A - From RDC,Truck,2014-06-04,2014-07-30,2015-01-30,2015-01-05,2015-01-06,ARV,Adult,SCMS from RDC,"Efavirenz/Lamivudine/Tenofovir Disoproxil Fumarate 600/300/300mg, tablets, 30 Tabs",Efavirenz/Lamivudine/Tenofovir Disoproxil Fumarate,Generic,600/300/300mg,Tablet - FDC,30,45000,485100.0,10.78,0.36,Mylan (formerly Matrix) Nashik,True,5083.0,6948.04,498.68
8849,85003,114-UG-T30,FPQ-14396,SO-48993,DN-4041,Uganda,PMO - US,From RDC,N/A - From RDC,Truck,2014-06-04,2014-08-16,2015-02-16,2015-01-24,2015-02-03,ARV,Adult,SCMS from RDC,"Lopinavir/Ritonavir 200/50mg [Aluvia], tablets, 120 Tabs",Lopinavir/Ritonavir,Aluvia,200/50mg,Tablet,120,3663,69230.7,18.9,0.16,ABBVIE Ludwigshafen Germany,False,668.5,5458.45,71.17
8850,85004,151-NG-T30,FPQ-14156,SO-48907,DN-4054,Nigeria,PMO - US,From RDC,N/A - From RDC,Air Charter,2014-04-25,2014-07-30,2015-01-30,2014-12-29,2015-01-06,ARV,Adult,SCMS from RDC,"Lamivudine/Zidovudine 150/300mg, tablets, 60 Tabs",Lamivudine/Zidovudine,Generic,150/300mg,Tablet - FDC,60,33147,218770.2,6.6,0.11,Hetero Unit III Hyderabad IN,True,32.0,5798.14,224.9
8851,85005,151-NG-T30,FPQ-14156,SO-48892,DN-4052,Nigeria,PMO - US,From RDC,N/A - From RDC,Air Charter,2014-04-25,2014-07-30,2015-01-30,2014-12-29,2015-01-06,ARV,Adult,SCMS from RDC,"Lamivudine/Nevirapine/Zidovudine 150/200/300mg, tablets, 60 Tabs",Lamivudine/Nevirapine/Zidovudine,Generic,150/300/200mg,Tablet - FDC,60,320300,2472716.0,7.72,0.13,Mylan (formerly Matrix) Nashik,True,87076.0,194623.44,2541.95
8852,85007,104-CI-T30,FPQ-14370,SO-49052,DN-4064,Côte d'Ivoire,PMO - US,From RDC,N/A - From RDC,Truck,2014-05-23,2014-08-16,2015-02-16,2015-01-19,2015-01-27,ARV,Adult,SCMS from RDC,"Tenofovir Disoproxil Fumarate 300mg, tablets, 30 Tabs",Tenofovir Disoproxil Fumarate,Generic,300mg,Tablet,30,4236,15037.8,3.55,0.12,Hetero Unit III Hyderabad IN,False,668.5,6757.815,15.46
8853,85008,110-ZM-T30,FPQ-14162,SO-48680,DN-4082,Zambia,PMO - US,From RDC,N/A - From RDC,Truck,2014-04-24,2014-07-30,2015-01-30,2015-02-19,2015-02-20,ARV,Adult,SCMS from RDC,"Lamivudine/Zidovudine 150/300mg, tablets, 60 Tabs",Lamivudine/Zidovudine,Generic,150/300mg,Tablet - FDC,60,132000,871200.0,6.6,0.11,Mylan (formerly Matrix) Nashik,True,10615.0,22520.71,895.59
8854,85009,151-NG-T30,FPQ-14156,SO-48908,DN-4097,Nigeria,PMO - US,From RDC,N/A - From RDC,Air Charter,2014-04-25,2014-07-30,2015-01-30,2015-01-14,2015-01-20,ARV,Adult,SCMS from RDC,"Lamivudine/Tenofovir Disoproxil Fumarate 300/300mg, tablets, 30 Tabs",Lamivudine/Tenofovir Disoproxil Fumarate,Generic,300/300mg,Tablet - FDC,30,4,18.44,4.61,0.15,"Cipla, Kurkumbh, India",True,34119.0,69737.0,0.02
8855,85010,114-UG-T30,FPQ-15294,SO-50060,DN-4103,Uganda,PMO - US,From RDC,N/A - From RDC,Truck,2014-11-03,2014-08-16,2015-02-16,2015-01-30,2015-02-02,ARV,Pediatric,SCMS from RDC,"Lamivudine/Zidovudine 30/60mg, dispersible tablets, 60 Tabs",Lamivudine/Zidovudine,Generic,30/60mg,Chewable/dispersible tablet - FDC,60,6000,11940.0,1.99,0.03,"Cipla, Goa, India",True,404.0,2055.25,14.05
8856,85011,109-TZ-T30,FPQ-14135,SO-48920,DN-4104,Tanzania,PMO - US,From RDC,N/A - From RDC,Truck,2014-04-24,2014-08-16,2015-02-16,2015-03-12,2015-03-16,ARV,Pediatric,SCMS from RDC,"Lamivudine/Zidovudine 30/60mg, dispersible tablets, 60 Tabs",Lamivudine/Zidovudine,Generic,30/60mg,Chewable/dispersible tablet - FDC,60,19389,38778.0,2.0,0.03,"Cipla, Goa, India",True,1293.0,4916.0,39.86
8857,85012,151-NG-T30,FPQ-14766,SO-49682,DN-4122,Nigeria,PMO - US,From RDC,N/A - From RDC,Air Charter,2014-08-13,2014-08-28,2015-02-28,2015-02-05,2015-02-10,ARV,Adult,SCMS from RDC,"Lamivudine/Nevirapine/Zidovudine 150/200/300mg, tablets, 60 Tabs",Lamivudine/Nevirapine/Zidovudine,Generic,150/300/200mg,Tablet - FDC,60,3194,24657.68,7.72,0.13,Hetero Unit III Hyderabad IN,True,23220.0,51645.79,25.35
8858,85013,114-UG-T30,FPQ-15638,SO-50620,DN-4095,Uganda,PMO - US,From RDC,N/A - From RDC,Air,2014-12-22,2014-08-03,2015-02-03,2015-02-10,2015-02-16,ARV,Adult,SCMS from RDC,"Lopinavir/Ritonavir 200/50mg [Aluvia], tablets, 120 Tabs",Lopinavir/Ritonavir,Aluvia,200/50mg,Tablet,120,11607,219372.3,18.9,0.16,ABBVIE Ludwigshafen Germany,True,2653.0,14056.46,258.2
8859,85018,102-BI-T30,FPQ-15406,SO-50270,DN-4144,Burundi,PMO - US,From RDC,N/A - From RDC,Air,2014-11-19,2014-08-27,2015-02-27,2015-02-28,2015-03-05,ARV,Adult,SCMS from RDC,"Efavirenz/Lamivudine/Tenofovir Disoproxil Fumarate 600/300/300mg, tablets, 30 Tabs",Efavirenz/Lamivudine/Tenofovir Disoproxil Fumarate,Generic,600/300/300mg,Tablet - FDC,30,9360,89856.0,9.6,0.32,Mylan (formerly Matrix) Nashik,False,668.5,3544.4849999999997,105.76
8860,85019,107-RW-T30,FPQ-15632,SO-50740,DN-4150,Rwanda,PMO - US,From RDC,N/A - From RDC,Air,2014-12-23,2014-09-30,2015-03-31,2015-03-20,2015-03-23,ARV,Pediatric,SCMS from RDC,"Lamivudine/Zidovudine 30/60mg, dispersible tablets, 60 Tabs",Lamivudine/Zidovudine,Generic,30/60mg,Chewable/dispersible tablet - FDC,60,1700,3315.0,1.95,0.03,"Mylan,  H-12 & H-13, India",True,268.0,1061.37,3.9
8861,85020,151-NG-T30,FPQ-14156,SO-51030,DN-4170,Nigeria,PMO - US,From RDC,N/A - From RDC,Air Charter,2014-04-25,2014-09-02,2015-03-02,2015-03-10,2015-03-17,ARV,Adult,SCMS from RDC,"Lamivudine/Zidovudine 150/300mg, tablets, 60 Tabs",Lamivudine/Zidovudine,Generic,150/300mg,Tablet - FDC,60,51431,335330.12,6.52,0.11,Hetero Unit III Hyderabad IN,True,19196.0,43055.82,344.72
8862,85022,110-ZM-T30,FPQ-15448,SO-50480,DN-4182,Zambia,PMO - US,From RDC,N/A - From RDC,Truck,2014-11-25,2014-11-15,2015-05-15,2015-05-25,2015-06-22,ARV,Adult,SCMS from RDC,"Efavirenz 600mg, tablets, 30 Tabs",Efavirenz,Generic,600mg,Tablet,30,108856,339630.72,3.12,0.1,"Strides, Bangalore, India.",True,6431.0,43219.06,399.75
8863,85024,151-NG-T30,FPQ-14766,SO-51090,DN-4190,Nigeria,PMO - US,From RDC,N/A - From RDC,Air Charter,2014-08-13,2014-10-30,2015-04-30,2015-03-18,2015-03-20,ARV,Adult,SCMS from RDC,"Efavirenz/Lamivudine/Tenofovir Disoproxil Fumarate 600/300/300mg, tablets, 30 Tabs",Efavirenz/Lamivudine/Tenofovir Disoproxil Fumarate,Generic,600/300/300mg,Tablet - FDC,30,200000,1920000.0,9.6,0.32,Hetero Unit III Hyderabad IN,False,28580.0,12601.07,1973.76
8864,85025,101-CD-T30,FPQ-15787,SO-50900,DN-4196,"Congo, DRC",PMO - US,From RDC,N/A - From RDC,Air,2015-01-26,2014-12-16,2015-06-16,2015-05-25,2015-06-15,ARV,Pediatric,SCMS from RDC,"Abacavir 20mg/ml, oral solution, Bottle, 240 ml",Abacavir,Generic,20mg/ml,Oral solution,240,140,956.2,6.83,0.03,"Aurobindo Unit III, India",True,139.0,973.2,1.13
8865,85026,114-UG-T30,FPQ-14396,SO-48995,DN-4214,Uganda,PMO - US,From RDC,N/A - From RDC,Truck,2014-06-04,2014-10-30,2015-04-30,2015-04-22,2015-04-24,ARV,Adult,SCMS from RDC,"Lamivudine/Tenofovir Disoproxil Fumarate 300/300mg, tablets, 30 Tabs",Lamivudine/Tenofovir Disoproxil Fumarate,Generic,300/300mg,Tablet - FDC,30,13549,62189.91,4.59,0.15,"Cipla, Kurkumbh, India",True,1354.0,0.0,63.93
8866,85088,104-CI-T30,FPQ-4659,SO-35820,DN-1647,Côte d'Ivoire,PMO - US,From RDC,N/A - From RDC,Air,2009-12-08,2009-11-10,2010-05-10,2010-02-19,2010-02-19,ARV,Adult,SCMS from RDC,"Nevirapine 200mg, tablets, 60 Tabs",Nevirapine,Generic,200mg,Tablet,60,9876,26961.48,2.73,0.05,"Aurobindo Unit III, India",True,941.0,7779.96,58.13
8867,85027,151-NG-T30,FPQ-14989,SO-49934,DN-4230,Nigeria,PMO - US,From RDC,N/A - From RDC,Air Charter,2014-09-19,2014-12-30,2015-06-30,2015-04-15,2015-04-20,ARV,Pediatric,SCMS from RDC,"Lamivudine/Nevirapine/Zidovudine 30/50/60mg, dispersible tablets, 60 Tabs",Lamivudine/Nevirapine/Zidovudine,Generic,30/50/60mg,Chewable/dispersible tablet - FDC,60,912,3283.2,3.6,0.06,Mylan (formerly Matrix) Nashik,True,71.0,134.0,3.38
8868,85029,104-CI-T30,FPQ-15259,SO-50100,DN-4255,Côte d'Ivoire,PMO - US,From RDC,N/A - From RDC,Truck,2014-10-24,2014-12-19,2015-06-19,2015-06-08,2015-06-19,ARV,Adult,SCMS from RDC,"Efavirenz/Lamivudine/Tenofovir Disoproxil Fumarate 600/300/300mg, tablets, 30 Tabs",Efavirenz/Lamivudine/Tenofovir Disoproxil Fumarate,Generic,600/300/300mg,Tablet - FDC,30,100000,960000.0,9.6,0.32,Hetero Unit III Hyderabad IN,False,9389.5,6757.815,1129.92
8869,85030,104-CI-T30,FPQ-14370,SO-49040,DN-4253,Côte d'Ivoire,PMO - US,From RDC,N/A - From RDC,Truck,2014-05-23,2014-12-08,2015-06-08,2015-06-08,2015-06-19,ARV,Adult,SCMS from RDC,"Lamivudine/Zidovudine 150/300mg, tablets, 60 Tabs",Lamivudine/Zidovudine,Generic,150/300mg,Tablet - FDC,60,36971,241050.92,6.52,0.11,Mylan (formerly Matrix) Nashik,False,668.5,6757.815,247.8
8870,85031,104-CI-T30,FPQ-14370,SO-49040,DN-4253,Côte d'Ivoire,PMO - US,From RDC,N/A - From RDC,Truck,2014-05-23,2014-12-08,2015-06-08,2015-06-08,2015-06-19,ARV,Adult,SCMS from RDC,"Lamivudine/Zidovudine 150/300mg, tablets, 60 Tabs",Lamivudine/Zidovudine,Generic,150/300mg,Tablet - FDC,60,25526,166429.52,6.52,0.11,Hetero Unit III Hyderabad IN,False,668.5,6757.815,171.09
8871,85032,151-NG-T30,FPQ-14989,SO-49937,DN-4263,Nigeria,PMO - US,From RDC,N/A - From RDC,Air Charter,2014-09-19,2014-12-30,2015-06-30,2015-04-29,2015-04-29,ARV,Pediatric,SCMS from RDC,"Lamivudine/Nevirapine/Zidovudine 30/50/60mg, dispersible tablets, 60 Tabs",Lamivudine/Nevirapine/Zidovudine,Generic,30/50/60mg,Chewable/dispersible tablet - FDC,60,13660,49176.0,3.6,0.06,Mylan (formerly Matrix) Nashik,True,849.0,1871.34,50.55
8872,85035,104-CI-T30,FPQ-14370,SO-49090,DN-4177,Côte d'Ivoire,PMO - US,From RDC,N/A - From RDC,Truck,2014-05-23,2014-11-29,2015-05-29,2015-05-29,2015-06-18,ARV,Adult,SCMS from RDC,"Tenofovir Disoproxil Fumarate 300mg, tablets, 30 Tabs",Tenofovir Disoproxil Fumarate,Generic,300mg,Tablet,30,7500,26625.0,3.55,0.12,Mylan (formerly Matrix) Nashik,False,662.0,6757.815,27.37
8873,85036,151-NG-T30,FPQ-14989,SO-51428,DN-4291,Nigeria,PMO - US,From RDC,N/A - From RDC,Air Charter,2014-09-19,2014-12-30,2015-06-30,2015-06-02,2015-06-17,ARV,Adult,SCMS from RDC,"Efavirenz/Lamivudine/Tenofovir Disoproxil Fumarate 600/300/300mg, tablets, 30 Tabs",Efavirenz/Lamivudine/Tenofovir Disoproxil Fumarate,Generic,600/300/300mg,Tablet - FDC,30,121000,1161600.0,9.6,0.32,Hetero Unit III Hyderabad IN,True,35884.0,68103.71,1194.12
8874,85037,151-NG-T30,FPQ-14989,SO-51428,DN-4291,Nigeria,PMO - US,From RDC,N/A - From RDC,Air Charter,2014-09-19,2014-12-30,2015-06-30,2015-06-02,2015-06-17,ARV,Adult,SCMS from RDC,"Efavirenz/Lamivudine/Tenofovir Disoproxil Fumarate 600/300/300mg, tablets, 30 Tabs",Efavirenz/Lamivudine/Tenofovir Disoproxil Fumarate,Generic,600/300/300mg,Tablet - FDC,30,170780,1639488.0,9.6,0.32,Mylan (formerly Matrix) Nashik,False,668.5,12601.07,1685.39
8875,85038,114-UG-T30,FPQ-15294,SO-50053,DN-4298,Uganda,PMO - US,From RDC,N/A - From RDC,Truck,2014-11-03,2015-01-15,2015-07-15,2015-07-09,2015-07-13,ARV,Pediatric,SCMS from RDC,"Abacavir/Lamivudine 60/30mg, dispersible tablets, 60 Tabs",Abacavir/Lamivudine,Generic,60/30mg,Chewable/dispersible tablet - FDC,60,14476,57180.2,3.95,0.07,"Cipla, Patalganga, India",True,839.0,8402.24,67.3
8876,85039,103-CM-T30,FPQ-16209,SO-51470,DN-4305,Cameroon,PMO - US,From RDC,N/A - From RDC,Air,2015-04-16,2015-01-16,2015-07-16,2015-06-28,2015-06-29,ARV,Pediatric,SCMS from RDC,"Efavirenz 200mg, scored tablets, 90 Tabs",Efavirenz,Generic,200mg,Tablet,90,3101,28839.3,9.3,0.1,"Strides, Bangalore, India.",True,195.0,4257.91,33.94
8877,85041,103-ZW-T30,FPQ-15197,SO-50020,DN-4307,Zimbabwe,PMO - US,From RDC,N/A - From RDC,Truck,2014-10-16,2015-01-31,2015-07-31,2015-07-15,2015-07-20,ARV,Pediatric,SCMS from RDC,"Lamivudine/Zidovudine 30/60mg, dispersible tablets, 60 Tabs",Lamivudine/Zidovudine,Generic,30/60mg,Chewable/dispersible tablet - FDC,60,2741,5454.59,1.99,0.03,"Mylan,  H-12 & H-13, India",False,668.5,6721.705,6.42
8878,85042,103-ZW-T30,FPQ-15197,SO-50020,DN-4307,Zimbabwe,PMO - US,From RDC,N/A - From RDC,Truck,2014-10-16,2015-01-31,2015-07-31,2015-07-15,2015-07-20,ARV,Pediatric,SCMS from RDC,"Lamivudine/Zidovudine 30/60mg, dispersible tablets, 60 Tabs",Lamivudine/Zidovudine,Generic,30/60mg,Chewable/dispersible tablet - FDC,60,9262,18431.38,1.99,0.03,"Cipla, Goa, India",False,668.5,6721.705,21.69
8879,85043,114-UG-T30,FPQ-15294,SO-50052,DN-4309,Uganda,PMO - US,From RDC,N/A - From RDC,Truck,2014-11-03,2015-01-31,2015-07-31,2015-07-23,2015-07-23,ARV,Pediatric,SCMS from RDC,"Lamivudine/Zidovudine 30/60mg, dispersible tablets, 60 Tabs",Lamivudine/Zidovudine,Generic,30/60mg,Chewable/dispersible tablet - FDC,60,5126,9841.92,1.92,0.03,"Cipla, Goa, India",False,668.5,5458.45,11.58
8880,85044,110-ZM-T30,FPQ-14784,SO-49620,DN-4315,Zambia,PMO - US,From RDC,N/A - From RDC,Truck,2014-08-12,2015-02-15,2015-08-15,2015-08-25,2015-09-03,ARV,Adult,SCMS from RDC,"Nevirapine 200mg, tablets, 60 Tabs",Nevirapine,Generic,200mg,Tablet,60,221000,481780.0,2.18,0.04,Hetero Unit III Hyderabad IN,False,668.5,0.0,495.27
8881,85045,110-ZM-T30,FPQ-14784,SO-49620,DN-4315,Zambia,PMO - US,From RDC,N/A - From RDC,Truck,2014-08-12,2015-02-15,2015-08-15,2015-08-25,2015-09-03,ARV,Adult,SCMS from RDC,"Nevirapine 200mg, tablets, 60 Tabs",Nevirapine,Generic,200mg,Tablet,60,89575,195273.5,2.18,0.04,"Strides, Bangalore, India.",False,668.5,0.0,200.74
8882,85047,114-UG-T30,FPQ-15294,SO-50055,DN-4325,Uganda,PMO - US,From RDC,N/A - From RDC,Truck,2014-11-03,2015-02-14,2015-08-14,2015-08-08,2015-08-10,ARV,Adult,SCMS from RDC,"Lopinavir/Ritonavir 200/50mg [Aluvia], tablets, 120 Tabs",Lopinavir/Ritonavir,Aluvia,200/50mg,Tablet,120,8452,157545.28,18.64,0.16,ABBVIE Ludwigshafen Germany,False,668.5,5458.45,185.43
8883,85048,110-ZM-T30,FPQ-14575,SO-49283,DN-4331,Zambia,PMO - US,From RDC,N/A - From RDC,Truck,2014-07-11,2015-02-14,2015-08-14,2015-08-25,2015-09-03,ARV,Adult,SCMS from RDC,"Lamivudine/Zidovudine 150/300mg, tablets, 60 Tabs",Lamivudine/Zidovudine,Generic,150/300mg,Tablet - FDC,60,6258,40802.16,6.52,0.11,Mylan (formerly Matrix) Nashik,False,668.5,0.0,41.94
8884,85051,111-MZ-T30,FPQ-16268,SO-51410,DN-4317,Mozambique,PMO - US,From RDC,N/A - From RDC,Truck,2015-04-23,2015-04-22,2015-10-22,2015-08-20,2015-09-03,ARV,Adult,SCMS from RDC,"Efavirenz/Lamivudine/Tenofovir Disoproxil Fumarate 600/300/300mg, tablets, 30 Tabs",Efavirenz/Lamivudine/Tenofovir Disoproxil Fumarate,Generic,600/300/300mg,Tablet - FDC,30,134500,1343655.0,9.99,0.33,Cipla Ltd A-42 MIDC Mahar. IN,True,18177.0,0.0,1581.48
8885,85064,154-NG-T30,FPQ-3815,SO-32272,DN-1360,Nigeria,PMO - US,From RDC,N/A - From RDC,Air Charter,2009-05-26,2009-02-28,2009-08-31,2009-08-04,2009-08-04,ARV,Adult,SCMS from RDC,"Lamivudine 150mg, tablets, 60 Tabs",Lamivudine,Generic,150mg,Tablet,60,45,109.8,2.44,0.04,"Aurobindo Unit III, India",False,13.0,12601.07,0.22
8886,85066,154-NG-T30,FPQ-3815,SO-32260,DN-1452,Nigeria,PMO - US,From RDC,N/A - From RDC,Air Charter,2009-05-26,2009-04-30,2009-10-30,2009-10-20,2009-10-20,ARV,Adult,SCMS from RDC,"Lamivudine 150mg, tablets, 60 Tabs",Lamivudine,Generic,150mg,Tablet,60,63,153.72,2.44,0.04,"Aurobindo Unit III, India",False,32.0,12601.07,0.3
8887,85067,154-NG-T30,FPQ-3815,SO-32260,DN-1452,Nigeria,PMO - US,From RDC,N/A - From RDC,Air Charter,2009-05-26,2009-04-30,2009-10-30,2009-10-20,2009-10-20,ARV,Adult,SCMS from RDC,"Zidovudine 300mg, tablets, 60 Tabs",Zidovudine,Generic,300mg,Tablet,60,28,210.84,7.53,0.13,"Aurobindo Unit III, India",False,7.0,12601.07,0.41
8888,85068,112-NG-T30,FPQ-4040,SO-32980,DN-1456,Nigeria,PMO - US,From RDC,N/A - From RDC,Air Charter,2009-07-29,2009-04-15,2009-10-15,2009-10-20,2009-10-20,ARV,Adult,SCMS from RDC,"Nevirapine 200mg, tablets, 60 Tabs",Nevirapine,Generic,200mg,Tablet,60,3000,8700.0,2.9,0.05,"Aurobindo Unit III, India",False,342.0,12601.07,17.05
8889,85069,106-HT-T30,FPQ-4277,SO-33730,DN-1479,Haiti,PMO - US,From RDC,N/A - From RDC,Air,2009-09-22,2009-05-18,2009-11-18,2009-10-18,2009-10-18,ARV,Adult,SCMS from RDC,"Lamivudine 150mg, tablets, 60 Tabs",Lamivudine,Generic,150mg,Tablet,60,398,971.12,2.44,0.04,"Aurobindo Unit III, India",False,668.5,2946.7200000000003,1.9
8890,85070,104-CI-T30,FPQ-3964,SO-33040,DN-1510,Côte d'Ivoire,PMO - US,From RDC,N/A - From RDC,Air,2009-07-24,2009-06-01,2009-12-01,2009-11-05,2009-11-05,ARV,Adult,SCMS from RDC,"Lamivudine/Zidovudine 150/300mg, tablets, 60 Tabs",Lamivudine/Zidovudine,Generic,150/300mg,Tablet - FDC,60,41336,362103.36,8.76,0.15,"Aurobindo Unit III, India",False,668.5,4063.81,709.72
8891,85071,104-CI-T30,FPQ-3964,SO-34500,DN-1523,Côte d'Ivoire,PMO - US,From RDC,N/A - From RDC,Air,2009-07-24,2009-06-01,2009-12-01,2009-12-02,2009-12-02,ARV,Adult,SCMS from RDC,"Abacavir 300mg, tablets, 60 Tabs",Abacavir,Generic,300mg,Tablet,60,4000,85680.0,21.42,0.36,Mylan (formerly Matrix) Nashik,False,810.0,4063.81,167.93
8892,85072,104-CI-T30,FPQ-4187,SO-33490,DN-1526,Côte d'Ivoire,PMO - US,From RDC,N/A - From RDC,Air,2009-09-09,2009-06-04,2009-12-04,2009-12-02,2009-12-02,ARV,Pediatric,SCMS from RDC,"Nevirapine 10mg/ml, oral suspension, Bottle, 240 ml",Nevirapine,Generic,10mg/ml,Oral suspension,240,4464,8570.88,1.92,0.01,"Aurobindo Unit III, India",True,1655.0,1211.48,16.8
8893,85073,106-HT-T30,FPQ-4469,SO-34240,DN-1530,Haiti,PMO - US,From RDC,N/A - From RDC,Air,2009-09-23,2009-05-30,2009-11-30,2009-11-30,2009-11-30,ARV,Pediatric,SCMS from RDC,"Nevirapine 10mg/ml, oral suspension, Bottle, 240 ml",Nevirapine,Generic,10mg/ml,Oral suspension,240,4704,9031.68,1.92,0.01,"Aurobindo Unit III, India",False,668.5,2946.7200000000003,19.47
8894,85074,104-CI-T30,FPQ-4187,SO-33471,DN-1534,Côte d'Ivoire,PMO - US,From RDC,N/A - From RDC,Air,2009-09-09,2009-06-01,2009-12-01,2009-12-02,2009-12-02,ARV,Pediatric,SCMS from RDC,"Efavirenz 50mg, capsule, 30 Caps",Efavirenz,Generic,50mg,Capsule,30,3444,7714.56,2.24,0.07,"Aurobindo Unit III, India",True,200.0,1211.48,15.12
8895,85075,123-NG-T30,FPQ-4071,SO-33280,DN-1533,Nigeria,PMO - US,From RDC,N/A - From RDC,Air Charter,2009-08-12,2009-05-24,2009-11-24,2009-11-20,2009-11-20,ARV,Adult,SCMS from RDC,"Lamivudine 150mg, tablets, 60 Tabs",Lamivudine,Generic,150mg,Tablet,60,50000,122000.0,2.44,0.04,"Aurobindo Unit III, India",True,2390.0,0.0,239.12
8896,85076,114-UG-T30,FPQ-4470,SO-34010,DN-1548,Uganda,PMO - US,From RDC,N/A - From RDC,Air,2009-08-17,2009-05-30,2009-11-30,2009-12-02,2009-12-02,ARV,Adult,SCMS from RDC,"Efavirenz 600mg, tablets, 30 Tabs",Efavirenz,Generic,600mg,Tablet,30,5000,28900.0,5.78,0.19,"Aurobindo Unit III, India",True,907.0,9044.65,56.64
8897,85077,123-NG-T30,FPQ-4014,SO-32974,DN-1570,Nigeria,PMO - US,From RDC,N/A - From RDC,Air Charter,2009-07-27,2009-06-18,2009-12-18,2009-12-18,2009-12-18,ARV,Adult,SCMS from RDC,"Abacavir 300mg, tablets, 60 Tabs",Abacavir,Generic,300mg,Tablet,60,755,16172.1,21.42,0.36,Mylan (formerly Matrix) Nashik,True,75.0,11637.64,31.7
8898,85078,112-NG-T30,FPQ-4040,SO-32982,DN-1571,Nigeria,PMO - US,From RDC,N/A - From RDC,Air Charter,2009-07-29,2009-06-18,2009-12-18,2009-12-18,2009-12-18,ARV,Adult,SCMS from RDC,"Efavirenz 600mg, tablets, 30 Tabs",Efavirenz,Generic,600mg,Tablet,30,168,971.04,5.78,0.19,"Aurobindo Unit III, India",True,15.0,11637.64,1.9
8899,85079,106-HT-T30,FPQ-4469,SO-35190,DN-1592,Haiti,PMO - US,From RDC,N/A - From RDC,Air,2009-09-23,2009-06-25,2009-12-25,2009-12-21,2009-12-21,ARV,Pediatric,SCMS from RDC,"Efavirenz 50mg, capsule, 30 Caps",Efavirenz,Generic,50mg,Capsule,30,572,1281.28,2.24,0.07,"Aurobindo Unit III, India",True,33.0,1062.95,2.76
8900,85080,114-UG-T30,FPQ-4495,SO-34960,DN-1596,Uganda,PMO - US,From RDC,N/A - From RDC,Air,2009-10-28,2009-08-15,2010-02-15,2010-01-15,2010-01-15,ARV,Adult,SCMS from RDC,"Lamivudine/Tenofovir Disoproxil Fumarate 300/300mg, tablets, 30 Tabs",Lamivudine/Tenofovir Disoproxil Fumarate,Generic,300/300mg,Tablet - FDC,30,2000,20000.0,10.0,0.33,Mylan (formerly Matrix) Nashik,True,168.0,2990.92,43.12
8901,85081,151-NG-T30,FPQ-4105,SO-33145,DN-1614,Nigeria,PMO - US,From RDC,N/A - From RDC,Air,2009-08-13,2009-07-29,2010-01-29,2010-01-22,2010-01-22,ARV,Adult,SCMS from RDC,"Lamivudine/Nevirapine/Zidovudine 150/200/300mg, tablets, 60 Tabs",Lamivudine/Nevirapine/Zidovudine,Generic,150/300/200mg,Tablet - FDC,60,40080,454908.0,11.35,0.19,"Aurobindo Unit III, India",True,4498.0,19480.97,891.62
8902,85082,102-SD-T30,FPQ-3812,SO-34550,DN-1624,Sudan,PMO - US,From RDC,N/A - From RDC,Air,2009-06-03,2009-05-30,2009-11-30,2009-11-22,2009-11-22,HRDT,HIV test,SCMS from RDC,"HIV 1/2, Determine Complete HIV Kit, 100 Tests","HIV 1/2, Determine Complete HIV Kit",Determine,no_dosage,Test kit,100,350,28000.0,80.0,0.8,Inverness Japan,False,174.5,1193.15,54.88
8903,85084,106-HT-T30,FPQ-4384,SO-34680,DN-1627,Haiti,PMO - US,From RDC,N/A - From RDC,Air,2009-10-23,2009-09-05,2010-03-05,2010-03-03,2010-03-03,ARV,Adult,SCMS from RDC,"Efavirenz 600mg, tablets, 30 Tabs",Efavirenz,Generic,600mg,Tablet,30,26712,154395.36,5.78,0.19,"Aurobindo Unit III, India",True,2342.0,12016.69,332.88
8904,85085,114-UG-T30,FPQ-4497,SO-34850,DN-1636,Uganda,PMO - US,From RDC,N/A - From RDC,Truck,2009-10-28,2009-08-11,2010-02-11,2010-01-29,2010-01-29,ARV,Adult,SCMS from RDC,"Nevirapine 200mg, tablets, 60 Tabs",Nevirapine,Generic,200mg,Tablet,60,200,546.0,2.73,0.05,"Aurobindo Unit III, India",False,22.0,5458.45,1.18
8905,85086,114-UG-T30,FPQ-4275,SO-35610,DN-1638,Uganda,PMO - US,From RDC,N/A - From RDC,Truck,2009-09-17,2009-08-25,2010-02-25,2010-02-18,2010-02-18,ARV,Adult,SCMS from RDC,"Lamivudine/Nevirapine/Zidovudine 150/200/300mg, tablets, 60 Tabs",Lamivudine/Nevirapine/Zidovudine,Generic,150/300/200mg,Tablet - FDC,60,21658,243002.76,11.22,0.19,Mylan (formerly Matrix) Nashik,False,668.5,5458.45,476.29
8906,85087,114-UG-T30,FPQ-4275,SO-35610,DN-1638,Uganda,PMO - US,From RDC,N/A - From RDC,Truck,2009-09-17,2009-08-25,2010-02-25,2010-02-18,2010-02-18,ARV,Adult,SCMS from RDC,"Lamivudine/Nevirapine/Zidovudine 150/200/300mg, tablets, 60 Tabs",Lamivudine/Nevirapine/Zidovudine,Generic,150/300/200mg,Tablet - FDC,60,19942,223749.24,11.22,0.19,"Aurobindo Unit III, India",False,668.5,5458.45,438.55
8907,85089,104-CI-T30,FPQ-4416,SO-34770,DN-1652,Côte d'Ivoire,PMO - US,From RDC,N/A - From RDC,Air,2009-09-09,2009-09-10,2010-03-10,2010-03-02,2010-03-02,ARV,Adult,SCMS from RDC,"Emtricitabine/Tenofovir Disoproxil Fumarate 200/300mg [Truvada], tablets, 30 Tabs",Emtricitabine/Tenofovir Disoproxil Fumarate,Truvada,300/200mg,Tablet - FDC,30,6464,169680.0,26.25,0.88,"Aspen-OSD, Port Elizabeth, SA",True,571.0,1949.41,365.83
8908,85090,113-ZW-T30,FPQ-4694,SO-35390,DN-1659,Zimbabwe,PMO - US,From RDC,N/A - From RDC,Truck,2009-12-08,2009-09-30,2010-03-31,2010-03-12,2010-03-12,ARV,Adult,SCMS from RDC,"Efavirenz 600mg, tablets, 30 Tabs",Efavirenz,Generic,600mg,Tablet,30,1900,9747.0,5.13,0.17,"Aurobindo Unit III, India",False,2356.0,6721.705,21.01
8909,85091,113-ZW-T30,FPQ-4688,SO-35410,DN-1660,Zimbabwe,PMO - US,From RDC,N/A - From RDC,Air,2009-12-08,2009-09-30,2010-03-31,2010-03-12,2010-03-12,ARV,Adult,SCMS from RDC,"Lamivudine/Nevirapine/Stavudine 150/200/30mg, tablets, 60 Tabs",Lamivudine/Nevirapine/Stavudine,Generic,150/200/30mg,Tablet - FDC,60,35802,218750.22,6.11,0.1,"Cipla, Goa, India",False,668.5,12894.85,471.63
8910,85092,106-HT-T30,FPQ-4384,SO-35920,DN-1667,Haiti,PMO - US,From RDC,N/A - From RDC,Air,2009-10-23,2009-09-10,2010-03-10,2010-03-03,2010-03-03,ARV,Adult,SCMS from RDC,"Stavudine 30mg, capsules, 60 Caps",Stavudine,Generic,30mg,Capsule,60,2610,3680.1,1.41,0.02,"Aurobindo Unit III, India",False,1195.0,2946.7200000000003,7.93
8911,85093,106-HT-T30,FPQ-4384,SO-35920,DN-1667,Haiti,PMO - US,From RDC,N/A - From RDC,Air,2009-10-23,2009-09-10,2010-03-10,2010-03-03,2010-03-03,ARV,Adult,SCMS from RDC,"Stavudine 20mg, capsules, 60 Caps",Stavudine,Generic,20mg,Capsule,60,106,151.58,1.43,0.02,"Aurobindo Unit III, India",False,668.5,2946.7200000000003,0.33
8912,85094,114-UG-T30,FPQ-4325,SO-35970,DN-1677,Uganda,PMO - US,From RDC,N/A - From RDC,Air,2009-09-23,2009-09-19,2010-03-19,2010-03-17,2010-03-17,ARV,Adult,SCMS from RDC,"Efavirenz 600mg, tablets, 30 Tabs",Efavirenz,Generic,600mg,Tablet,30,26697,136955.61,5.13,0.17,"Aurobindo Unit III, India",False,668.5,2485.92,268.43
8913,85095,151-NG-T30,FPQ-4537,SO-35067,DN-1685,Nigeria,PMO - US,From RDC,N/A - From RDC,Air Charter,2009-11-06,2009-10-19,2010-04-19,2010-03-31,2010-03-31,ARV,Adult,SCMS from RDC,"Lamivudine/Nevirapine/Zidovudine 150/200/300mg, tablets, 60 Tabs",Lamivudine/Nevirapine/Zidovudine,Generic,150/300/200mg,Tablet - FDC,60,10000,112200.0,11.22,0.19,"Aurobindo Unit III, India",True,1169.0,0.0,241.9
8914,85096,151-NG-T30,FPQ-4537,SO-35076,DN-1691,Nigeria,PMO - US,From RDC,N/A - From RDC,Air Charter,2009-11-06,2009-10-19,2010-04-19,2010-03-31,2010-03-31,ARV,Adult,SCMS from RDC,"Emtricitabine/Tenofovir Disoproxil Fumarate 200/300mg, tablets, 30 Tabs",Emtricitabine/Tenofovir Disoproxil Fumarate,Generic,200/300mg,Tablet - FDC,30,350,4112.5,11.75,0.39,Mylan (formerly Matrix) Nashik,True,29.0,0.0,8.87
8915,85097,111-MZ-T30,FPQ-4471,SO-35490,DN-1698,Mozambique,PMO - US,From RDC,N/A - From RDC,Truck,2009-09-14,2009-11-17,2010-05-17,2010-04-14,2010-04-14,ARV,Adult,SCMS from RDC,"Lamivudine/Nevirapine/Zidovudine 150/200/300mg, tablets, 60 Tabs",Lamivudine/Nevirapine/Zidovudine,Generic,150/300/200mg,Tablet - FDC,60,30315,340134.3,11.22,0.19,"Aurobindo Unit III, India",True,3563.0,3423.26,666.66
8916,85098,151-NG-T30,FPQ-4537,SO-34897,DN-1707,Nigeria,PMO - US,From RDC,N/A - From RDC,Air Charter,2009-11-06,2009-10-19,2010-04-19,2010-03-31,2010-03-31,ARV,Adult,SCMS from RDC,"Nevirapine 200mg, tablets, 60 Tabs",Nevirapine,Generic,200mg,Tablet,60,6000,16380.0,2.73,0.05,"Aurobindo Unit III, India",True,577.0,0.0,35.32
8917,85099,151-NG-T30,FPQ-4537,SO-35073,DN-1731,Nigeria,PMO - US,From RDC,N/A - From RDC,Air Charter,2009-11-06,2009-10-19,2010-04-19,2010-03-31,2010-03-31,ARV,Adult,SCMS from RDC,"Emtricitabine/Tenofovir Disoproxil Fumarate 200/300mg, tablets, 30 Tabs",Emtricitabine/Tenofovir Disoproxil Fumarate,Generic,200/300mg,Tablet - FDC,30,35000,411250.0,11.75,0.39,Mylan (formerly Matrix) Nashik,True,2825.0,0.0,886.66
8918,85100,151-NG-T30,FPQ-4537,SO-35056,DN-1738,Nigeria,PMO - US,From RDC,N/A - From RDC,Air Charter,2009-11-06,2009-10-19,2010-04-19,2010-03-31,2010-03-31,ARV,Adult,SCMS from RDC,"Lamivudine/Zidovudine 150/300mg, tablets, 60 Tabs",Lamivudine/Zidovudine,Generic,150/300mg,Tablet - FDC,60,3200,28032.0,8.76,0.15,Mylan (formerly Matrix) Nashik,True,255.0,0.0,60.44
8919,85101,114-UG-T30,FPQ-4496,SO-34990,DN-1749,Uganda,PMO - US,From RDC,N/A - From RDC,Truck,2009-10-28,2009-09-26,2010-03-26,2010-03-25,2010-03-25,ARV,Adult,SCMS from RDC,"Lamivudine/Tenofovir Disoproxil Fumarate 300/300mg, tablets, 30 Tabs",Lamivudine/Tenofovir Disoproxil Fumarate,Generic,300/300mg,Tablet - FDC,30,3680,36800.0,10.0,0.33,Mylan (formerly Matrix) Nashik,True,328.0,3522.52,79.34
8920,85102,114-UG-T30,FPQ-5239,SO-36160,DN-1761,Uganda,PMO - US,From RDC,N/A - From RDC,Air,2010-03-02,2009-12-23,2010-06-23,2010-04-08,2010-04-08,ARV,Adult,SCMS from RDC,"Lamivudine/Stavudine 150/30mg, tablets, 60 Tabs",Lamivudine/Stavudine,Generic,150/30mg,Tablet - FDC,60,70,238.0,3.4,0.06,"Cipla, Goa, India",False,43.5,2485.92,0.51
8921,85103,114-UG-T30,FPQ-5239,SO-36110,DN-1772,Uganda,PMO - US,From RDC,N/A - From RDC,Air,2010-03-02,2009-12-02,2010-06-02,2010-04-22,2010-04-22,ARV,Adult,SCMS from RDC,"Lamivudine/Zidovudine 150/300mg, tablets, 60 Tabs",Lamivudine/Zidovudine,Generic,150/300mg,Tablet - FDC,60,1600,14016.0,8.76,0.15,Hetero Unit III Hyderabad IN,True,13.0,1758.6,30.22
8922,85104,151-NG-T30,FPQ-4537,SO-34916,DN-1779,Nigeria,PMO - US,From RDC,N/A - From RDC,Air Charter,2009-11-06,2009-11-30,2010-05-31,2010-05-18,2010-05-18,ARV,Adult,SCMS from RDC,"Efavirenz 600mg, tablets, 30 Tabs",Efavirenz,Generic,600mg,Tablet,30,3500,16625.0,4.75,0.16,"Aurobindo Unit III, India",True,309.0,9736.1,35.84
8923,85105,151-NG-T30,FPQ-4537,SO-34915,DN-1781,Nigeria,PMO - US,From RDC,N/A - From RDC,Air Charter,2009-11-06,2009-11-30,2010-05-31,2010-05-18,2010-05-18,ARV,Adult,SCMS from RDC,"Efavirenz 600mg, tablets, 30 Tabs",Efavirenz,Generic,600mg,Tablet,30,188,893.0,4.75,0.16,"Aurobindo Unit III, India",True,17.0,9736.1,1.93
8924,85106,151-NG-T30,FPQ-4537,SO-35111,DN-1786,Nigeria,PMO - US,From RDC,N/A - From RDC,Air Charter,2009-11-06,2009-11-30,2010-05-31,2010-05-18,2010-05-18,ARV,Adult,SCMS from RDC,"Lamivudine/Zidovudine+Efavirenz 150/300mg+600mg, tablets, co-blister 60+30 Tabs",Lamivudine/Zidovudine+Efavirenz,Generic,150/300mg+600mg,Tablet - FDC + co-blister,90,250,6875.0,27.5,0.31,"Aurobindo Unit III, India",True,42.0,9736.1,14.82
8925,85107,151-NG-T30,FPQ-4537,SO-36008,DN-1794,Nigeria,PMO - US,From RDC,N/A - From RDC,Air Charter,2009-11-06,2009-11-30,2010-05-31,2010-05-18,2010-05-18,ARV,Adult,SCMS from RDC,"Lamivudine/Nevirapine/Zidovudine 150/200/300mg, tablets, 60 Tabs",Lamivudine/Nevirapine/Zidovudine,Generic,150/300/200mg,Tablet - FDC,60,45000,504900.0,11.22,0.19,"Aurobindo Unit III, India",False,4688.0,12601.07,1088.56
8926,85108,151-NG-T30,FPQ-4537,SO-36010,DN-1810,Nigeria,PMO - US,From RDC,N/A - From RDC,Air Charter,2009-11-06,2009-11-30,2010-05-31,2010-05-18,2010-05-18,ARV,Adult,SCMS from RDC,"Lamivudine/Tenofovir Disoproxil Fumarate 300/300mg, tablets, 30 Tabs",Lamivudine/Tenofovir Disoproxil Fumarate,Generic,300/300mg,Tablet - FDC,30,9852,98520.0,10.0,0.33,Mylan (formerly Matrix) Nashik,True,1078.0,9736.1,212.41
8927,85109,105-GY-T30,FPQ-5470,SO-36641,DN-1811,Guyana,PMO - US,From RDC,N/A - From RDC,Air,2010-04-07,2009-12-30,2010-06-30,2010-05-25,2010-05-25,ARV,Pediatric,SCMS from RDC,"Didanosine 100mg, chewable/dispersible tablets, 60 Tabs",Didanosine,Generic,100mg,Chewable/dispersible tablet,60,330,2547.6,7.72,0.13,"Aurobindo Unit III, India",True,71.0,1721.53,5.49
8928,85110,114-UG-T30,FPQ-4496,SO-34981,DN-1816,Uganda,PMO - US,From RDC,N/A - From RDC,Air,2009-10-28,2009-11-03,2010-05-03,2010-05-03,2010-05-03,ARV,Adult,SCMS from RDC,"Lamivudine/Nevirapine/Zidovudine 150/200/300mg, tablets, 60 Tabs",Lamivudine/Nevirapine/Zidovudine,Generic,150/300/200mg,Tablet - FDC,60,17000,190740.0,11.22,0.19,Mylan (formerly Matrix) Nashik,True,2156.0,14467.75,411.24
8929,85111,114-UG-T30,FPQ-5275,SO-36280,DN-1820,Uganda,PMO - US,From RDC,N/A - From RDC,Air,2010-03-04,2009-12-11,2010-06-11,2010-05-03,2010-05-03,ARV,Adult,SCMS from RDC,"Lamivudine/Zidovudine 150/300mg, tablets, 60 Tabs",Lamivudine/Zidovudine,Generic,150/300mg,Tablet - FDC,60,5000,43800.0,8.76,0.15,Hetero Unit III Hyderabad IN,True,338.0,4159.73,94.43
8930,85112,109-TZ-T30,FPQ-5436,SO-36590,DN-1824,Tanzania,PMO - US,From RDC,N/A - From RDC,Air,2010-04-01,2010-01-29,2010-07-29,2010-05-25,2010-05-25,ARV,Pediatric,SCMS from RDC,"Didanosine 100mg, chewable/dispersible tablets, 60 Tabs",Didanosine,Generic,100mg,Chewable/dispersible tablet,60,2159,16667.48,7.72,0.13,"Aurobindo Unit III, India",True,454.0,3219.93,35.94
8931,85113,104-CI-T30,FPQ-4659,SO-35560,DN-1799,Côte d'Ivoire,PMO - US,From RDC,N/A - From RDC,Air,2009-12-08,2009-11-10,2010-05-10,2010-05-07,2010-05-07,ARV,Adult,SCMS from RDC,"Lamivudine 150mg, tablets, 60 Tabs",Lamivudine,Generic,150mg,Tablet,60,9316,22731.04,2.44,0.04,"Strides, Bangalore, India.",False,668.5,4063.81,49.01
8932,85114,104-CI-T30,FPQ-4659,SO-35560,DN-1799,Côte d'Ivoire,PMO - US,From RDC,N/A - From RDC,Air,2009-12-08,2009-11-10,2010-05-10,2010-05-07,2010-05-07,ARV,Adult,SCMS from RDC,"Abacavir 300mg, tablets, 60 Tabs",Abacavir,Generic,300mg,Tablet,60,8150,154850.0,19.0,0.32,Mylan (formerly Matrix) Nashik,False,668.5,4063.81,333.86
8933,85115,104-CI-T30,FPQ-4659,SO-35560,DN-1799,Côte d'Ivoire,PMO - US,From RDC,N/A - From RDC,Air,2009-12-08,2009-11-10,2010-05-10,2010-05-07,2010-05-07,ARV,Pediatric,SCMS from RDC,"Zidovudine 100mg, capsules, 100 Caps",Zidovudine,Generic,100mg,Capsule,100,6636,32118.24,4.84,0.05,"Aurobindo Unit III, India",False,668.5,4063.81,69.25
8934,85116,104-CI-T30,FPQ-4659,SO-35560,DN-1799,Côte d'Ivoire,PMO - US,From RDC,N/A - From RDC,Air,2009-12-08,2009-11-10,2010-05-10,2010-05-07,2010-05-07,ARV,Adult,SCMS from RDC,"Lamivudine 150mg, tablets, 60 Tabs",Lamivudine,Generic,150mg,Tablet,60,6000,14640.0,2.44,0.04,Mylan (formerly Matrix) Nashik,False,581.0,4063.81,31.56
8935,85117,105-GY-T30,FPQ-5599,SO-36700,DN-1838,Guyana,PMO - US,From RDC,N/A - From RDC,Air,2010-04-28,2009-12-07,2010-06-07,2010-05-27,2010-05-27,ARV,Adult,SCMS from RDC,"Nevirapine 200mg, tablets, 60 Tabs",Nevirapine,Generic,200mg,Tablet,60,1815,4827.9,2.66,0.04,"Aurobindo Unit III, India",False,668.5,1924.4650000000001,10.41
8936,85118,106-HT-T30,FPQ-4384,SO-34640,DN-1842,Haiti,PMO - US,From RDC,N/A - From RDC,Air,2009-10-23,2009-12-02,2010-06-02,2010-06-09,2010-06-09,ARV,Adult,SCMS from RDC,"Lamivudine 150mg, tablets, 60 Tabs",Lamivudine,Generic,150mg,Tablet,60,8520,19851.6,2.33,0.04,"Strides, Bangalore, India.",False,668.5,2946.7200000000003,42.8
8937,85119,106-HT-T30,FPQ-5523,SO-36740,DN-1847,Haiti,PMO - US,From RDC,N/A - From RDC,Air,2010-04-19,2009-12-30,2010-06-30,2010-06-09,2010-06-09,ARV,Pediatric,SCMS from RDC,"Efavirenz 200mg, capsule, 90 Caps",Efavirenz,Generic,200mg,Capsule,90,1176,11842.32,10.07,0.11,"Aurobindo Unit III, India",False,206.5,2946.7200000000003,25.53
8938,85120,106-HT-T30,FPQ-5523,SO-36740,DN-1847,Haiti,PMO - US,From RDC,N/A - From RDC,Air,2010-04-19,2009-12-30,2010-06-30,2010-06-09,2010-06-09,ARV,Adult,SCMS from RDC,"Stavudine 20mg, capsules, 60 Caps",Stavudine,Generic,20mg,Capsule,60,504,720.72,1.43,0.02,"Aurobindo Unit III, India",False,668.5,2946.7200000000003,1.55
8939,85121,114-UG-T30,FPQ-5239,SO-36141,DN-1852,Uganda,PMO - US,From RDC,N/A - From RDC,Air,2010-03-02,2009-12-30,2010-06-30,2010-06-22,2010-06-22,ARV,Adult,SCMS from RDC,"Emtricitabine/Tenofovir Disoproxil Fumarate 200/300mg, tablets, 30 Tabs",Emtricitabine/Tenofovir Disoproxil Fumarate,Generic,200/300mg,Tablet - FDC,30,1500,17625.0,11.75,0.39,Mylan (formerly Matrix) Nashik,True,109.0,2288.29,38.0
8940,85122,151-NG-T30,FPQ-4537,SO-35055,DN-1855,Nigeria,PMO - US,From RDC,N/A - From RDC,Air,2009-11-06,2009-11-30,2010-05-31,2010-05-18,2010-05-18,ARV,Adult,SCMS from RDC,"Lamivudine/Zidovudine 150/300mg, tablets, 60 Tabs",Lamivudine/Zidovudine,Generic,150/300mg,Tablet - FDC,60,176143,1543012.68,8.76,0.15,Hetero Unit III Hyderabad IN,True,15200.0,9735.95,3326.74
8941,85123,114-UG-T30,FPQ-5239,SO-36132,DN-1858,Uganda,PMO - US,From RDC,N/A - From RDC,Air,2010-03-02,2009-12-30,2010-06-30,2010-06-15,2010-06-15,ARV,Adult,SCMS from RDC,"Nevirapine 200mg, tablets, 60 Tabs",Nevirapine,Generic,200mg,Tablet,60,2500,6825.0,2.73,0.05,"Strides, Bangalore, India.",True,132.0,3661.42,14.71
8942,85124,151-NG-T30,FPQ-5023,SO-36460,DN-1893,Nigeria,PMO - US,From RDC,N/A - From RDC,Air,2010-02-10,2010-01-15,2010-07-15,2010-06-28,2010-06-28,ARV,Adult,SCMS from RDC,"Nevirapine 200mg, tablets, 60 Tabs",Nevirapine,Generic,200mg,Tablet,60,35199,96093.27,2.73,0.05,"Strides, Bangalore, India.",True,2411.0,0.0,207.18
8943,85125,151-NG-T30,FPQ-5023,SO-36461,DN-1894,Nigeria,PMO - US,From RDC,N/A - From RDC,Air,2010-02-10,2010-01-15,2010-07-15,2010-06-28,2010-06-28,ARV,Adult,SCMS from RDC,"Nevirapine 200mg, tablets, 60 Tabs",Nevirapine,Generic,200mg,Tablet,60,20000,54600.0,2.73,0.05,"Strides, Bangalore, India.",True,1370.0,0.0,117.72
8944,85126,151-NG-T30,FPQ-5023,SO-36444,DN-1902,Nigeria,PMO - US,From RDC,N/A - From RDC,Air,2010-02-10,2010-01-15,2010-07-15,2010-06-28,2010-06-28,ARV,Adult,SCMS from RDC,"Efavirenz 600mg, tablets, 30 Tabs",Efavirenz,Generic,600mg,Tablet,30,5000,23000.0,4.6,0.15,"Aurobindo Unit III, India",True,428.0,0.0,49.59
8945,85127,151-NG-T30,FPQ-5689,SO-37030,DN-1926,Nigeria,PMO - US,From RDC,N/A - From RDC,Air,2010-05-27,2010-01-15,2010-07-15,2010-06-28,2010-06-28,ARV,Adult,SCMS from RDC,"Lamivudine/Nevirapine/Zidovudine 150/200/300mg, tablets, 60 Tabs",Lamivudine/Nevirapine/Zidovudine,Generic,150/300/200mg,Tablet - FDC,60,34379,385732.38,11.22,0.19,"Aurobindo Unit III, India",True,4013.0,0.0,831.64
8946,85128,151-NG-T30,FPQ-5023,SO-36470,DN-1934,Nigeria,PMO - US,From RDC,N/A - From RDC,Air,2010-02-10,2010-01-15,2010-07-15,2010-06-28,2010-06-28,ARV,Adult,SCMS from RDC,"Lamivudine/Tenofovir Disoproxil Fumarate 300/300mg, tablets, 30 Tabs",Lamivudine/Tenofovir Disoproxil Fumarate,Generic,300/300mg,Tablet - FDC,30,45000,450000.0,10.0,0.33,Mylan (formerly Matrix) Nashik,True,4050.0,0.0,970.2
8947,85129,151-NG-T30,FPQ-5023,SO-36471,DN-1935,Nigeria,PMO - US,From RDC,N/A - From RDC,Air,2010-02-10,2010-01-15,2010-07-15,2010-06-28,2010-06-28,ARV,Adult,SCMS from RDC,"Lamivudine/Tenofovir Disoproxil Fumarate 300/300mg, tablets, 30 Tabs",Lamivudine/Tenofovir Disoproxil Fumarate,Generic,300/300mg,Tablet - FDC,30,20000,200000.0,10.0,0.33,Mylan (formerly Matrix) Nashik,True,1801.0,0.0,431.2
8948,85130,114-UG-T30,FPQ-5239,SO-36131,DN-1943,Uganda,PMO - US,From RDC,N/A - From RDC,Air,2010-03-02,2010-02-04,2010-08-04,2010-07-19,2010-07-19,ARV,Adult,SCMS from RDC,"Emtricitabine/Tenofovir Disoproxil Fumarate 200/300mg, tablets, 30 Tabs",Emtricitabine/Tenofovir Disoproxil Fumarate,Generic,200/300mg,Tablet - FDC,30,2500,29375.0,11.75,0.39,Mylan (formerly Matrix) Nashik,False,284.0,2485.92,63.33
8949,85131,151-NG-T30,FPQ-5023,SO-36542,DN-1945,Nigeria,PMO - US,From RDC,N/A - From RDC,Air Charter,2010-02-10,2010-01-15,2010-07-15,2010-06-28,2010-06-28,ARV,Adult,SCMS from RDC,"Lamivudine/Zidovudine 150/300mg, tablets, 60 Tabs",Lamivudine/Zidovudine,Generic,150/300mg,Tablet - FDC,60,15000,131400.0,8.76,0.15,"Aurobindo Unit III, India",True,1040.0,0.0,283.3
8950,85132,113-ZW-T30,FPQ-4694,SO-35351,DN-1948,Zimbabwe,PMO - US,From RDC,N/A - From RDC,Air,2009-12-08,2010-01-30,2010-07-30,2010-07-22,2010-07-22,ARV,Adult,SCMS from RDC,"Lamivudine/Nevirapine/Stavudine 150/200/30mg, tablets, 60 Tabs",Lamivudine/Nevirapine/Stavudine,Generic,150/200/30mg,Tablet - FDC,60,2100,12033.0,5.73,0.1,"Strides, Bangalore, India.",False,187.0,12894.85,25.94
8951,85133,114-UG-T30,FPQ-5238,SO-36070,DN-1949,Uganda,PMO - US,From RDC,N/A - From RDC,Air,2010-03-02,2010-02-04,2010-08-04,2010-08-02,2010-08-02,ARV,Adult,SCMS from RDC,"Efavirenz 600mg, tablets, 30 Tabs",Efavirenz,Generic,600mg,Tablet,30,3000,13350.0,4.45,0.15,"Strides, Bangalore, India.",False,342.0,2485.92,28.78
8952,85134,114-UG-T30,FPQ-5238,SO-36070,DN-1949,Uganda,PMO - US,From RDC,N/A - From RDC,Air,2010-03-02,2010-02-04,2010-08-04,2010-08-02,2010-08-02,ARV,Adult,SCMS from RDC,"Nevirapine 200mg, tablets, 60 Tabs",Nevirapine,Generic,200mg,Tablet,60,3000,8190.0,2.73,0.05,"Cipla, Goa, India",False,342.0,2485.92,17.66
8953,85135,151-NG-T30,FPQ-5023,SO-36439,DN-1958,Nigeria,PMO - US,From RDC,N/A - From RDC,Air Charter,2010-02-10,2010-02-16,2010-08-16,2010-08-17,2010-08-17,ARV,Adult,SCMS from RDC,"Lamivudine/Nevirapine/Zidovudine 150/200/300mg, tablets, 60 Tabs",Lamivudine/Nevirapine/Zidovudine,Generic,150/300/200mg,Tablet - FDC,60,5000,56100.0,11.22,0.19,"Aurobindo Unit III, India",True,659.0,6147.18,120.95
8954,85136,151-NG-T30,FPQ-5023,SO-36411,DN-1966,Nigeria,PMO - US,From RDC,N/A - From RDC,Air Charter,2010-02-10,2010-02-09,2010-08-09,2010-08-17,2010-08-17,ARV,Adult,SCMS from RDC,"Emtricitabine/Tenofovir Disoproxil Fumarate 200/300mg, tablets, 30 Tabs",Emtricitabine/Tenofovir Disoproxil Fumarate,Generic,200/300mg,Tablet - FDC,30,3000,35250.0,11.75,0.39,Mylan (formerly Matrix) Nashik,True,270.0,6147.18,76.0
8955,85137,104-CI-T30,FPQ-5623,SO-36890,DN-1984,Côte d'Ivoire,PMO - US,From RDC,N/A - From RDC,Air,2010-05-07,2010-02-28,2010-08-31,2010-08-23,2010-08-23,ARV,Adult,SCMS from RDC,"Lamivudine/Stavudine 150/30mg, tablets, 60 Tabs",Lamivudine/Stavudine,Generic,150/30mg,Tablet - FDC,60,11994,39340.32,3.28,0.05,Mylan (formerly Matrix) Nashik,False,1199.0,4063.81,84.82
8956,85138,104-CI-T30,FPQ-5623,SO-36890,DN-1984,Côte d'Ivoire,PMO - US,From RDC,N/A - From RDC,Air,2010-05-07,2010-02-28,2010-08-31,2010-08-23,2010-08-23,ARV,Adult,SCMS from RDC,"Lamivudine/Stavudine 150/30mg, tablets, 60 Tabs",Lamivudine/Stavudine,Generic,150/30mg,Tablet - FDC,60,441,1446.48,3.28,0.05,"Strides, Bangalore, India.",False,36.0,4063.81,3.12
8957,85139,114-UG-T30,FPQ-5238,SO-36071,DN-1986,Uganda,PMO - US,From RDC,N/A - From RDC,Air,2010-03-02,2010-02-28,2010-08-29,2010-08-27,2010-08-27,ARV,Adult,SCMS from RDC,"Emtricitabine/Tenofovir Disoproxil Fumarate 200/300mg, tablets, 30 Tabs",Emtricitabine/Tenofovir Disoproxil Fumarate,Generic,200/300mg,Tablet - FDC,30,4000,47000.0,11.75,0.39,Mylan (formerly Matrix) Nashik,True,365.0,6068.75,101.33
8958,85140,151-NG-T30,FPQ-5023,SO-36464,DN-1994,Nigeria,PMO - US,From RDC,N/A - From RDC,Air Charter,2010-02-10,2010-02-12,2010-08-12,2010-08-17,2010-08-17,ARV,Adult,SCMS from RDC,"Nevirapine 200mg, tablets, 60 Tabs",Nevirapine,Generic,200mg,Tablet,60,28600,78078.0,2.73,0.05,"Aurobindo Unit III, India",True,3344.0,6147.14,168.34
8959,85141,151-NG-T30,FPQ-5023,SO-36469,DN-1991,Nigeria,PMO - US,From RDC,N/A - From RDC,Air Charter,2010-02-10,2010-02-12,2010-08-12,2010-08-17,2010-08-17,ARV,Adult,SCMS from RDC,"Nevirapine 200mg, tablets, 60 Tabs",Nevirapine,Generic,200mg,Tablet,60,3322,9069.06,2.73,0.05,"Aurobindo Unit III, India",True,377.0,6147.18,19.55
8960,85142,102-UG-T30,FPQ-6202,SO-37250,DN-1997,Uganda,PMO - US,From RDC,N/A - From RDC,Air,2010-08-06,2010-04-29,2010-10-29,2010-09-27,2010-09-27,ARV,Adult,SCMS from RDC,"Lamivudine/Zidovudine 150/300mg, tablets, 60 Tabs",Lamivudine/Zidovudine,Generic,150/300mg,Tablet - FDC,60,4399,37611.45,8.55,0.14,Mylan (formerly Matrix) Nashik,False,668.5,2485.92,81.09
8961,85143,102-UG-T30,FPQ-6202,SO-37260,DN-1998,Uganda,PMO - US,From RDC,N/A - From RDC,Air,2010-08-06,2010-03-30,2010-09-30,2010-08-23,2010-08-23,ARV,Adult,SCMS from RDC,"Efavirenz 600mg, tablets, 30 Tabs",Efavirenz,Generic,600mg,Tablet,30,667,2968.15,4.45,0.15,Mylan (formerly Matrix) Nashik,False,668.5,2485.92,6.4
8962,85144,104-CI-T30,FPQ-5201,SO-36300,DN-2000,Côte d'Ivoire,PMO - US,From RDC,N/A - From RDC,Air,2010-03-03,2010-03-14,2010-09-14,2010-09-06,2010-09-06,ARV,Adult,SCMS from RDC,"Lamivudine/Zidovudine 150/300mg, tablets, 60 Tabs",Lamivudine/Zidovudine,Generic,150/300mg,Tablet - FDC,60,61920,542419.2,8.76,0.15,Hetero Unit III Hyderabad IN,True,5334.0,8815.65,1169.46
8963,85145,102-UG-T30,FPQ-6202,SO-37280,DN-2002,Uganda,PMO - US,From RDC,N/A - From RDC,Air,2010-08-06,2010-03-30,2010-09-30,2010-09-02,2010-09-02,ARV,Adult,SCMS from RDC,"Lamivudine/Zidovudine 150/300mg, tablets, 60 Tabs",Lamivudine/Zidovudine,Generic,150/300mg,Tablet - FDC,60,40213,343821.15,8.55,0.14,Hetero Unit III Hyderabad IN,True,3457.0,35689.71,741.28
8964,85146,110-ZM-T30,FPQ-5702,SO-36844,DN-2003,Zambia,PMO - US,From RDC,N/A - From RDC,Air,2010-05-20,2010-03-22,2010-09-22,2010-09-01,2010-09-01,ARV,Adult,SCMS from RDC,"Lamivudine/Nevirapine/Stavudine 150/200/30mg, tablets, 60 Tabs",Lamivudine/Nevirapine/Stavudine,Generic,150/200/30mg,Tablet - FDC,60,56054,327915.9,5.85,0.1,"Strides, Bangalore, India.",True,15140.0,16249.55,706.99
8965,85147,110-ZM-T30,FPQ-5702,SO-37370,DN-2009,Zambia,PMO - US,From RDC,N/A - From RDC,Air,2010-05-20,2010-03-27,2010-09-27,2010-09-08,2010-09-08,ARV,Adult,SCMS from RDC,"Lamivudine 150mg, tablets, 60 Tabs",Lamivudine,Generic,150mg,Tablet,60,6580,15331.4,2.33,0.04,Hetero Unit III Hyderabad IN,True,579.0,4658.75,33.05
8966,85148,104-CI-T30,FPQ-5623,SO-36880,DN-2011,Côte d'Ivoire,PMO - US,From RDC,N/A - From RDC,Air,2010-05-07,2010-03-30,2010-09-30,2010-09-25,2010-09-25,ARV,Adult,SCMS from RDC,"Lopinavir/Ritonavir 200/50mg, tablets, 120 Tabs",Lopinavir/Ritonavir,Generic,200/50mg,Tablet,120,4360,168950.0,38.75,0.32,"Aurobindo Unit III, India",False,668.5,4063.81,364.26
8967,85149,104-CI-T30,FPQ-5623,SO-36881,DN-2012,Côte d'Ivoire,PMO - US,From RDC,N/A - From RDC,Truck,2010-05-07,2010-04-19,2010-10-19,2010-09-25,2010-09-25,ARV,Adult,SCMS from RDC,"Lamivudine/Nevirapine/Zidovudine 150/200/300mg, tablets, 60 Tabs",Lamivudine/Nevirapine/Zidovudine,Generic,150/300/200mg,Tablet - FDC,60,118170,1325867.4,11.22,0.19,Mylan (formerly Matrix) Nashik,False,668.5,6757.815,2858.57
8968,85150,106-HT-T30,FPQ-5523,SO-36741,DN-2015,Haiti,PMO - US,From RDC,N/A - From RDC,Air,2010-04-19,2010-03-30,2010-09-30,2010-10-07,2010-10-07,ARV,Adult,SCMS from RDC,"Lamivudine/Zidovudine 150/300mg, tablets, 60 Tabs",Lamivudine/Zidovudine,Generic,150/300mg,Tablet - FDC,60,52752,451029.6,8.55,0.14,Hetero Unit III Hyderabad IN,False,668.5,2946.7200000000003,972.42
8969,85151,110-ZM-T30,FPQ-5702,SO-36841,DN-2018,Zambia,PMO - US,From RDC,N/A - From RDC,Truck,2010-05-20,2010-05-04,2010-11-04,2010-10-12,2010-10-12,ARV,Adult,SCMS from RDC,"Lamivudine/Nevirapine/Stavudine 150/200/30mg, tablets, 60 Tabs",Lamivudine/Nevirapine/Stavudine,Generic,150/200/30mg,Tablet - FDC,60,59746,342344.58,5.73,0.1,"Strides, Bangalore, India.",False,668.5,6476.695,738.09
8970,85152,113-ZW-T30,FPQ-4694,SO-35380,DN-2019,Zimbabwe,PMO - US,From RDC,N/A - From RDC,Truck,2009-12-08,2010-03-30,2010-09-30,2010-10-04,2010-10-04,ARV,Adult,SCMS from RDC,"Lamivudine/Nevirapine/Stavudine 150/200/30mg, tablets, 60 Tabs",Lamivudine/Nevirapine/Stavudine,Generic,150/200/30mg,Tablet - FDC,60,50000,286500.0,5.73,0.1,"Cipla, Goa, India",False,4502.0,6721.705,617.69
8971,85153,106-HT-T30,FPQ-6391,SO-37440,DN-2020,Haiti,PMO - US,From RDC,N/A - From RDC,Air,2010-09-10,2010-04-08,2010-10-08,2010-10-21,2010-10-21,ARV,Pediatric,SCMS from RDC,"Stavudine 1mg/ml, powder for oral solution, 200 ml",Stavudine,Generic,1mg/ml,Oral solution,200,600,810.0,1.35,0.01,"Aurobindo Unit III, India",True,69.0,29153.27,1.75
8972,85154,102-UG-T30,FPQ-6403,SO-37460,DN-2026,Uganda,PMO - US,From RDC,N/A - From RDC,Air,2010-09-16,2010-04-20,2010-10-20,2010-10-25,2010-10-25,ARV,Adult,SCMS from RDC,"Lamivudine/Zidovudine 150/300mg, tablets, 60 Tabs",Lamivudine/Zidovudine,Generic,150/300mg,Tablet - FDC,60,21506,183876.3,8.55,0.14,Hetero Unit III Hyderabad IN,False,668.5,2485.92,396.44
8973,85155,102-UG-T30,FPQ-6403,SO-37460,DN-2026,Uganda,PMO - US,From RDC,N/A - From RDC,Air,2010-09-16,2010-04-20,2010-10-20,2010-10-25,2010-10-25,ARV,Adult,SCMS from RDC,"Emtricitabine/Tenofovir Disoproxil Fumarate 200/300mg, tablets, 30 Tabs",Emtricitabine/Tenofovir Disoproxil Fumarate,Generic,200/300mg,Tablet - FDC,30,8375,98406.25,11.75,0.39,Mylan (formerly Matrix) Nashik,False,668.5,2485.92,212.16
8974,85156,110-ZM-T30,FPQ-5702,SO-36843,DN-2029,Zambia,PMO - US,From RDC,N/A - From RDC,Truck,2010-05-20,2010-05-04,2010-11-04,2010-10-22,2010-10-22,ARV,Adult,SCMS from RDC,"Nevirapine 200mg, tablets, 60 Tabs",Nevirapine,Generic,200mg,Tablet,60,150000,399000.0,2.66,0.04,Hetero Unit III Hyderabad IN,True,8754.0,8109.91,860.24
8975,85157,151-NG-T30,FPQ-5688,SO-37500,DN-2025,Nigeria,PMO - US,From RDC,N/A - From RDC,Air,2010-05-27,2010-04-22,2010-10-22,2010-11-10,2010-11-10,ARV,Pediatric,SCMS from RDC,"Efavirenz 200mg, capsule, 90 Caps",Efavirenz,Generic,200mg,Capsule,90,2150,20876.5,9.71,0.11,"Aurobindo Unit III, India",False,179.0,10144.765,45.01
8976,85158,151-NG-T30,FPQ-5688,SO-37500,DN-2025,Nigeria,PMO - US,From RDC,N/A - From RDC,Air,2010-05-27,2010-04-22,2010-10-22,2010-11-10,2010-11-10,ARV,Adult,SCMS from RDC,"Lamivudine/Tenofovir Disoproxil Fumarate 300/300mg, tablets, 30 Tabs",Lamivudine/Tenofovir Disoproxil Fumarate,Generic,300/300mg,Tablet - FDC,30,21400,206082.0,9.63,0.32,Mylan (formerly Matrix) Nashik,False,668.5,10144.765,444.31
8977,85159,110-ZM-T30,FPQ-5702,SO-36842,DN-2032,Zambia,PMO - US,From RDC,N/A - From RDC,Truck,2010-05-20,2010-05-04,2010-11-04,2010-11-08,2010-11-08,ARV,Adult,SCMS from RDC,"Efavirenz 600mg, tablets, 30 Tabs",Efavirenz,Generic,600mg,Tablet,30,128000,578560.0,4.52,0.15,"Emcure Plot No.P-2, I.T-B.T. Park, Phase II, MIDC, Hinjwadi, Pune, India",False,668.5,6476.695,1247.38
8978,85160,104-CI-T30,FPQ-5925,SO-37150,DN-2035,Côte d'Ivoire,PMO - US,From RDC,N/A - From RDC,Truck,2010-06-23,2010-05-30,2010-11-30,2010-11-26,2010-11-26,ARV,Pediatric,SCMS from RDC,"Zidovudine 10mg/ml, oral solution, Bottle, 240 ml",Zidovudine,Generic,10mg/ml,Oral solution,240,7483,15115.66,2.02,0.01,"Aurobindo Unit III, India",False,668.5,6757.815,32.59
8979,85161,111-MZ-T30,FPQ-6426,SO-37610,DN-2037,Mozambique,PMO - US,From RDC,N/A - From RDC,Air,2010-09-23,2010-05-30,2010-11-30,2010-12-13,2010-12-13,ARV,Adult,SCMS from RDC,"Lamivudine/Stavudine 150/30mg, tablets, 60 Tabs",Lamivudine/Stavudine,Generic,150/30mg,Tablet - FDC,60,8556,28063.68,3.28,0.05,Mylan (formerly Matrix) Nashik,True,643.0,4156.94,60.51
8980,85162,104-CI-T30,FPQ-5925,SO-37120,DN-2033,Côte d'Ivoire,PMO - US,From RDC,N/A - From RDC,Truck,2010-06-23,2010-04-28,2010-10-28,2010-11-23,2010-11-23,ARV,Adult,SCMS from RDC,"Lamivudine/Zidovudine 150/300mg, tablets, 60 Tabs",Lamivudine/Zidovudine,Generic,150/300mg,Tablet - FDC,60,50928,435434.4,8.55,0.14,Hetero Unit III Hyderabad IN,False,5456.0,6757.815,938.8
8981,85163,113-ZW-T30,FPQ-4694,SO-35370,DN-2041,Zimbabwe,PMO - US,From RDC,N/A - From RDC,Truck,2009-12-08,2010-05-30,2010-11-30,2010-11-25,2010-11-25,ARV,Adult,SCMS from RDC,"Lamivudine/Nevirapine/Stavudine 150/200/30mg, tablets, 60 Tabs",Lamivudine/Nevirapine/Stavudine,Generic,150/200/30mg,Tablet - FDC,60,112100,608703.0,5.43,0.09,"Cipla, Goa, India",False,668.5,6721.705,1312.36
8982,85164,110-ZM-T30,FPQ-5702,SO-36851,DN-2053,Zambia,PMO - US,From RDC,N/A - From RDC,Truck,2010-05-20,2010-05-26,2010-11-26,2010-12-03,2010-12-03,ARV,Adult,SCMS from RDC,"Abacavir 300mg, tablets, 60 Tabs",Abacavir,Generic,300mg,Tablet,60,17045,270845.05,15.89,0.26,"Cipla, Patalganga, India",True,20752.0,17520.43,583.94
8983,85165,104-CI-T30,FPQ-5925,SO-37740,DN-2064,Côte d'Ivoire,PMO - US,From RDC,N/A - From RDC,Air,2010-06-23,2010-05-30,2010-11-30,2010-12-09,2010-12-09,ARV,Pediatric,SCMS from RDC,"Zidovudine 10mg/ml, oral solution, Bottle, 240 ml",Zidovudine,Generic,10mg/ml,Oral solution,240,551,1113.02,2.02,0.01,"Aurobindo Unit III, India",False,668.5,4063.81,2.4
8984,85167,106-HT-T30,FPQ-6484,SO-37760,DN-2073,Haiti,PMO - US,From RDC,N/A - From RDC,Air,2010-10-13,2010-06-20,2010-12-20,2011-01-05,2011-01-05,ARV,Pediatric,SCMS from RDC,"Lamivudine 10mg/ml, oral solution w/syringe, Bottle, 240 ml",Lamivudine,Generic,10mg/ml,Oral solution,240,4810,8898.5,1.85,0.01,"Aurobindo Unit III, India",False,668.5,2946.7200000000003,19.19
8985,85168,104-CI-T30,FPQ-6144,SO-38130,DN-2076,Côte d'Ivoire,PMO - US,From RDC,N/A - From RDC,Air,2010-08-03,2010-06-15,2010-12-15,2010-12-15,2010-12-15,ARV,Adult,SCMS from RDC,"Abacavir 300mg, tablets, 60 Tabs",Abacavir,Generic,300mg,Tablet,60,800,13152.0,16.44,0.27,"Aurobindo Unit III, India",True,364.0,2700.18,28.36
8986,85169,102-UG-T30,FPQ-6202,SO-37930,DN-2082,Uganda,PMO - US,From RDC,N/A - From RDC,Truck,2010-08-06,2010-07-14,2011-01-14,2011-01-14,2011-01-14,ARV,Adult,SCMS from RDC,"Lamivudine/Nevirapine/Zidovudine 150/200/300mg, tablets, 60 Tabs",Lamivudine/Nevirapine/Zidovudine,Generic,150/300/200mg,Tablet - FDC,60,9255,103841.1,11.22,0.19,"Aurobindo Unit III, India",True,1243.0,6120.6,223.88
8987,85171,202-GT-T30,FPQ-6943,SO-38260,DN-2089,Guatemala,PMO - US,From RDC,N/A - From RDC,Air,2010-12-29,2010-07-31,2011-01-31,2011-01-24,2011-01-24,ARV,Pediatric,SCMS from RDC,"Efavirenz 50mg, capsule, 30 Caps",Efavirenz,Generic,50mg,Capsule,30,1467,3286.08,2.24,0.07,"Aurobindo Unit III, India",False,61.5,104.685,5.42
8988,85172,151-NG-T30,FPQ-6243,SO-38320,DN-2090,Nigeria,PMO - US,From RDC,N/A - From RDC,Air Charter,2010-08-25,2010-08-22,2011-02-22,2011-02-16,2011-02-16,ARV,Adult,SCMS from RDC,"Emtricitabine/Tenofovir Disoproxil Fumarate 200/300mg, tablets, 30 Tabs",Emtricitabine/Tenofovir Disoproxil Fumarate,Generic,200/300mg,Tablet - FDC,30,55488,605928.96,10.92,0.36,Mylan (formerly Matrix) Nashik,False,668.5,12601.07,1306.38
8989,85173,151-NG-T30,FPQ-6243,SO-38320,DN-2090,Nigeria,PMO - US,From RDC,N/A - From RDC,Air Charter,2010-08-25,2010-08-22,2011-02-22,2011-02-16,2011-02-16,ARV,Adult,SCMS from RDC,"Stavudine 30mg, capsules, 60 Caps",Stavudine,Generic,30mg,Capsule,60,200,280.0,1.4,0.02,"Aurobindo Unit III, India",False,22.0,12601.07,0.6
8990,85174,202-GT-T30,FPQ-6943,SO-38270,DN-2100,Guatemala,PMO - US,From RDC,N/A - From RDC,Air,2010-12-29,2010-07-31,2011-01-31,2011-02-10,2011-02-10,ARV,Adult,SCMS from RDC,"Abacavir 300mg, tablets, 60 Tabs",Abacavir,Generic,300mg,Tablet,60,2005,31077.5,15.5,0.26,Mylan (formerly Matrix) Nashik,True,2634.0,20805.8,51.28
8991,85175,202-GT-T30,FPQ-6943,SO-38270,DN-2100,Guatemala,PMO - US,From RDC,N/A - From RDC,Air,2010-12-29,2010-07-31,2011-01-31,2011-02-10,2011-02-10,ARV,Adult,SCMS from RDC,"Efavirenz 600mg, tablets, 30 Tabs",Efavirenz,Generic,600mg,Tablet,30,34553,149268.96,4.32,0.14,"Emcure Plot No.P-2, I.T-B.T. Park, Phase II, MIDC, Hinjwadi, Pune, India",False,668.5,104.685,246.29
8992,85176,109-TZ-T30,FPQ-5436,SO-36610,DN-2102,Tanzania,PMO - US,From RDC,N/A - From RDC,Air,2010-04-01,2010-08-28,2011-02-28,2011-02-28,2011-02-28,ARV,Pediatric,SCMS from RDC,"Didanosine 100mg, chewable/dispersible tablets, 60 Tabs",Didanosine,Generic,100mg,Chewable/dispersible tablet,60,2292,17694.24,7.72,0.13,"Aurobindo Unit III, India",True,617.0,1647.0,38.15
8993,85177,104-CI-T30,FPQ-6144,SO-38380,DN-2106,Côte d'Ivoire,PMO - US,From RDC,N/A - From RDC,Air,2010-08-03,2010-07-31,2011-01-31,2011-02-22,2011-02-22,ARV,Pediatric,SCMS from RDC,"Efavirenz 200mg, capsule, 90 Caps",Efavirenz,Generic,200mg,Capsule,90,492,4777.32,9.71,0.11,"Aurobindo Unit III, India",False,27.0,4063.81,10.3
8994,85178,104-CI-T30,FPQ-6144,SO-37290,DN-2108,Côte d'Ivoire,PMO - US,From RDC,N/A - From RDC,Air,2010-08-03,2010-07-31,2011-01-31,2011-02-22,2011-02-22,ARV,Adult,SCMS from RDC,"Abacavir 300mg, tablets, 60 Tabs",Abacavir,Generic,300mg,Tablet,60,2436,37758.0,15.5,0.26,Mylan (formerly Matrix) Nashik,False,668.5,4063.81,81.41
8995,85179,114-UG-T30,FPQ-6427,SO-37560,DN-2121,Uganda,PMO - US,From RDC,N/A - From RDC,Truck,2010-09-29,2010-08-28,2011-02-28,2011-03-22,2011-03-22,ARV,Adult,SCMS from RDC,"Lamivudine/Zidovudine 150/300mg, tablets, 60 Tabs",Lamivudine/Zidovudine,Generic,150/300mg,Tablet - FDC,60,6361,52541.86,8.26,0.14,Hetero Unit III Hyderabad IN,False,668.5,5458.45,113.28
8996,85180,104-CI-T30,FPQ-6891,SO-38530,DN-2140,Côte d'Ivoire,PMO - US,From RDC,N/A - From RDC,Air,2010-12-21,2010-09-30,2011-03-31,2011-03-29,2011-03-29,ARV,Pediatric,SCMS from RDC,"Abacavir 20mg/ml, oral solution w/syringe, Bottle, 240 ml",Abacavir,Generic,20mg/ml,Oral solution,240,448,6137.6,13.7,0.06,"Aurobindo Unit III, India",True,1135.0,17941.47,10.13
8997,85181,114-UG-T30,FPQ-6427,SO-38760,DN-2144,Uganda,PMO - US,From RDC,N/A - From RDC,Truck,2010-09-29,2010-09-30,2011-03-31,2011-04-01,2011-04-01,ARV,Adult,SCMS from RDC,"Nevirapine 200mg, tablets, 60 Tabs",Nevirapine,Generic,200mg,Tablet,60,11979,30067.29,2.51,0.04,"Strides, Bangalore, India.",False,668.5,5458.45,64.83
8998,85183,151-NG-T30,FPQ-6243,SO-38190,DN-2163,Nigeria,PMO - US,From RDC,N/A - From RDC,Air Charter,2010-08-25,2010-09-30,2011-03-30,2011-05-11,2011-05-11,ARV,Adult,SCMS from RDC,"Efavirenz/Emtricitabine/Tenofovir Disoproxil Fumarate 600/200/300mg, tablets, 30 Tabs",Efavirenz/Emtricitabine/Tenofovir Disoproxil Fumarate,Generic,600/200/300mg,Tablet - FDC,30,19836,395133.12,19.92,0.66,Mylan (formerly Matrix) Nashik,True,2164.0,12601.06,851.91
8999,85184,114-UG-T30,FPQ-7162,SO-39330,DN-2192,Uganda,PMO - US,From RDC,N/A - From RDC,Truck,2011-02-14,2010-11-11,2011-05-11,2011-05-24,2011-05-24,ARV,Adult,SCMS from RDC,"Efavirenz 600mg, tablets, 30 Tabs",Efavirenz,Generic,600mg,Tablet,30,45000,194400.0,4.32,0.14,Mylan (formerly Matrix) Nashik,True,5075.0,23711.16,320.76
9000,85185,113-ZW-T30,FPQ-6470,SO-39350,DN-2195,Zimbabwe,PMO - US,From RDC,N/A - From RDC,Truck,2010-10-13,2010-11-30,2011-05-31,2011-06-09,2011-06-09,ARV,Adult,SCMS from RDC,"Nevirapine 200mg, tablets, 60 Tabs",Nevirapine,Generic,200mg,Tablet,60,9073,22773.23,2.51,0.04,"Strides, Bangalore, India.",True,521.0,2494.56,49.1
9001,85186,114-UG-T30,FPQ-7395,SO-39140,DN-2201,Uganda,PMO - US,From RDC,N/A - From RDC,Truck,2011-03-11,2010-12-06,2011-06-06,2011-06-01,2011-06-01,ARV,Adult,SCMS from RDC,"Efavirenz 600mg, tablets, 30 Tabs",Efavirenz,Generic,600mg,Tablet,30,2950,12449.0,4.22,0.14,Mylan (formerly Matrix) Nashik,False,267.0,5458.45,20.54
9002,85187,200-ZW-T30,FPQ-6483,SO-37890,DN-2202,Zimbabwe,PMO - US,From RDC,N/A - From RDC,Truck,2010-10-13,2010-09-30,2011-03-30,2011-06-13,2011-06-13,ARV,Pediatric,SCMS from RDC,"Efavirenz 200mg, capsule, 90 Caps",Efavirenz,Generic,200mg,Capsule,90,811,7874.81,9.71,0.11,"Aurobindo Unit III, India",True,103.0,1224.02,16.98
9003,85188,109-TZ-T30,FPQ-6713,SO-39440,DN-2207,Tanzania,PMO - US,From RDC,N/A - From RDC,Truck,2010-12-02,2010-10-28,2011-04-28,2011-06-01,2011-06-01,ARV,Adult,SCMS from RDC,"Efavirenz/Emtricitabine/Tenofovir Disoproxil Fumarate 600/200/300mg, tablets, 30 Tabs",Efavirenz/Emtricitabine/Tenofovir Disoproxil Fumarate,Generic,600/200/300mg,Tablet - FDC,30,28200,561744.0,19.92,0.66,Mylan (formerly Matrix) Nashik,True,3076.0,3859.0,926.88
9004,85189,151-NG-T30,FPQ-7217,SO-39600,DN-2215,Nigeria,PMO - US,From RDC,N/A - From RDC,Air Charter,2011-02-21,2010-12-15,2011-06-15,2011-07-06,2011-07-06,ARV,Adult,SCMS from RDC,"Tenofovir Disoproxil Fumarate 300mg, tablets, 30 Tabs",Tenofovir Disoproxil Fumarate,Generic,300mg,Tablet,30,3000,19710.0,6.57,0.22,"Aurobindo Unit III, India",True,263.0,13398.06,32.52
9005,85190,117-ET-T30,FPQ-7798,SO-39770,DN-2234,Ethiopia,PMO - US,From RDC,N/A - From RDC,Air,2011-05-23,2010-12-21,2011-06-21,2011-06-01,2011-06-01,ARV,Adult,SCMS from RDC,"Efavirenz 600mg, tablets, 30 Tabs",Efavirenz,Generic,600mg,Tablet,30,49142,207379.24,4.22,0.14,Hetero Unit III Hyderabad IN,False,668.5,4672.77,342.18
9006,85191,117-ET-T30,FPQ-7798,SO-39900,DN-2253,Ethiopia,PMO - US,From RDC,N/A - From RDC,Air,2011-05-23,2010-12-21,2011-06-21,2011-06-01,2011-06-01,ARV,Adult,SCMS from RDC,"Efavirenz 600mg, tablets, 30 Tabs",Efavirenz,Generic,600mg,Tablet,30,10158,42866.76,4.22,0.14,"Aurobindo Unit III, India",True,941.0,4672.77,70.73
9007,85192,100-BZ-T30,FPQ-7883,SO-40050,DN-2267,Belize,PMO - US,From RDC,N/A - From RDC,Air,2011-06-17,2011-01-15,2011-07-15,2011-07-01,2011-07-01,ARV,Pediatric,SCMS from RDC,"Zidovudine 10mg/ml, oral solution w/syringe, Bottle, 240 ml",Zidovudine,Generic,10mg/ml,Oral solution,240,300,630.0,2.1,0.01,"Aurobindo Unit III, India",True,42.0,1959.61,1.04
9008,85193,100-GH-T30,FPQ-7799,SO-39950,DN-2274,Ghana,PMO - US,From RDC,N/A - From RDC,Air,2011-06-06,2011-01-04,2011-07-04,2011-07-20,2011-07-20,ARV,Adult,SCMS from RDC,"Tenofovir Disoproxil Fumarate 300mg, tablets, 30 Tabs",Tenofovir Disoproxil Fumarate,Generic,300mg,Tablet,30,10914,70067.88,6.42,0.21,Mylan (formerly Matrix) Nashik,True,611.0,226.25,115.61
9009,85194,111-MZ-T30,FPQ-7053,SO-38632,DN-2284,Mozambique,PMO - US,From RDC,N/A - From RDC,Truck,2011-01-24,2011-02-28,2011-08-31,2011-08-30,2011-08-30,ARV,Adult,SCMS from RDC,"Stavudine 30mg, capsules, 60 Caps",Stavudine,Generic,30mg,Capsule,60,420,588.0,1.4,0.02,"Aurobindo Unit III, India",True,36.0,843.36,0.97
9010,85195,200-ZW-T30,FPQ-6483,SO-38902,DN-2290,Zimbabwe,PMO - US,From RDC,N/A - From RDC,Air,2010-10-13,2011-03-30,2011-09-30,2011-08-04,2011-08-04,ARV,Pediatric,SCMS from RDC,"Lamivudine/Stavudine 60/12mg, dispersible tablets, 60 Tabs",Lamivudine/Stavudine,Generic,60/12mg,Chewable/dispersible tablet - FDC,60,5287,17447.1,3.3,0.06,"Cipla, Goa, India",True,357.0,2001.46,37.62
9011,85196,106-HT-T30,FPQ-6484,SO-37770,DN-2292,Haiti,PMO - US,From RDC,N/A - From RDC,Air,2010-10-13,2011-01-22,2011-07-22,2011-07-17,2011-07-17,ARV,Pediatric,SCMS from RDC,"Nevirapine 10mg/ml, oral suspension w/syringe, Bottle, 240 ml",Nevirapine,Generic,10mg/ml,Oral suspension,240,3100,6045.0,1.95,0.01,"Aurobindo Unit III, India",True,1156.0,14661.14,13.03
9012,85198,104-CI-T30,FPQ-7659,SO-40121,DN-2304,Côte d'Ivoire,PMO - US,From RDC,N/A - From RDC,Air,2011-05-03,2011-03-27,2011-09-27,2011-09-12,2011-09-12,ARV,Adult,SCMS from RDC,"Lamivudine/Nevirapine/Zidovudine 150/200/300mg, tablets, 60 Tabs",Lamivudine/Nevirapine/Zidovudine,Generic,150/300/200mg,Tablet - FDC,60,23147,259709.34,11.22,0.19,"Aurobindo Unit III, India",False,668.5,4063.81,428.52
9013,85200,113-ZW-T30,FPQ-7052,SO-38512,DN-2343,Zimbabwe,PMO - US,From RDC,N/A - From RDC,Truck,2011-01-19,2011-03-30,2011-09-30,2011-10-07,2011-10-07,ARV,Adult,SCMS from RDC,"Lamivudine/Nevirapine/Stavudine 150/200/30mg, tablets, 60 Tabs",Lamivudine/Nevirapine/Stavudine,Generic,150/200/30mg,Tablet - FDC,60,9226,49635.88,5.38,0.09,"Cipla, Goa, India",False,668.5,6721.705,81.9
9014,85201,105-GY-T30,FPQ-8024,SO-40450,DN-2361,Guyana,PMO - US,From RDC,N/A - From RDC,Air,2011-08-19,2011-06-15,2011-12-15,2011-09-28,2011-09-28,ARV,Pediatric,SCMS from RDC,"Nevirapine 10mg/ml, oral suspension w/syringe, Bottle, 240 ml",Nevirapine,Generic,10mg/ml,Oral suspension,240,659,1285.05,1.95,0.01,"Aurobindo Unit III, India",False,668.5,1924.4650000000001,2.12
9015,85202,109-TZ-T30,FPQ-6713,SO-38172,DN-2373,Tanzania,PMO - US,From RDC,N/A - From RDC,Truck,2010-12-02,2011-04-03,2011-10-03,2011-09-23,2011-09-23,ARV,Adult,SCMS from RDC,"Efavirenz/Emtricitabine/Tenofovir Disoproxil Fumarate 600/200/300mg, tablets, 30 Tabs",Efavirenz/Emtricitabine/Tenofovir Disoproxil Fumarate,Generic,600/200/300mg,Tablet - FDC,30,3428,68285.76,19.92,0.66,Mylan (formerly Matrix) Nashik,True,396.0,1047.17,112.67
9016,85203,200-ZW-T30,FPQ-6483,SO-37901,DN-2372,Zimbabwe,PMO - US,From RDC,N/A - From RDC,Truck,2010-10-13,2011-04-14,2011-10-14,2011-10-21,2011-10-21,ARV,Pediatric,SCMS from RDC,"Lamivudine/Nevirapine/Zidovudine 30/50/60mg, dispersible tablets, 60 Tabs",Lamivudine/Nevirapine/Zidovudine,Generic,30/50/60mg,Chewable/dispersible tablet - FDC,60,24940,105995.0,4.25,0.07,Mylan (formerly Matrix) Nashik,True,1456.0,2326.77,228.53
9017,85204,100-ZW-T30,FPQ-7559,SO-39541,DN-2383,Zimbabwe,PMO - US,From RDC,N/A - From RDC,Truck,2011-04-29,2011-04-27,2011-10-27,2011-10-21,2011-10-21,ARV,Pediatric,SCMS from RDC,"Abacavir 20mg/ml, oral solution, Bottle, 240 ml",Abacavir,Generic,20mg/ml,Oral solution,240,808,10100.0,12.5,0.05,"Aurobindo Unit III, India",True,298.0,1360.32,16.66
9018,85205,900-SZ-T30,FPQ-8417,SO-40690,DN-2388,Swaziland,PMO - US,From RDC,N/A - From RDC,Air,2011-09-14,2011-06-12,2011-12-12,2011-10-18,2011-10-18,ARV,Adult,SCMS from RDC,"Nevirapine 200mg, tablets, 60 Tabs",Nevirapine,Generic,200mg,Tablet,60,8277,21354.66,2.58,0.04,Hetero Unit III Hyderabad IN,False,668.5,3467.885,35.24
9019,85206,104-CI-T30,FPQ-7659,SO-40100,DN-2406,Côte d'Ivoire,PMO - US,From RDC,N/A - From RDC,Air,2011-05-03,2011-05-22,2011-11-22,2011-10-31,2011-10-31,ARV,Adult,SCMS from RDC,"Abacavir 300mg, tablets, 60 Tabs",Abacavir,Generic,300mg,Tablet,60,8640,129945.6,15.04,0.25,Mylan (formerly Matrix) Nashik,True,777.0,3274.41,214.41
9020,85207,111-MZ-T30,FPQ-8157,SO-40340,DN-2407,Mozambique,PMO - US,From RDC,N/A - From RDC,Truck,2011-08-04,2011-07-25,2012-01-25,2012-01-25,2012-01-25,ARV,Adult,SCMS from RDC,"Lamivudine 150mg, tablets, 60 Tabs",Lamivudine,Generic,150mg,Tablet,60,1458,3397.14,2.33,0.04,Hetero Unit III Hyderabad IN,True,79.0,1078.61,5.61
9021,85208,109-TZ-T30,FPQ-8303,SO-40480,DN-2416,Tanzania,PMO - US,From RDC,N/A - From RDC,Truck,2011-08-22,2011-06-20,2011-12-20,2011-12-12,2011-12-12,ARV,Pediatric,SCMS from RDC,"Lamivudine/Nevirapine/Zidovudine 30/50/60mg, dispersible tablets, 60 Tabs",Lamivudine/Nevirapine/Zidovudine,Generic,30/50/60mg,Chewable/dispersible tablet - FDC,60,9940,42245.0,4.25,0.07,Mylan (formerly Matrix) Nashik,True,562.0,6614.27,69.7
9022,85209,106-HT-T30,FPQ-7653,SO-39743,DN-2428,Haiti,PMO - US,From RDC,N/A - From RDC,Air,2011-05-11,2011-06-30,2011-12-31,2011-12-20,2011-12-20,ARV,Pediatric,SCMS from RDC,"Abacavir 20mg/ml, oral solution w/syringe, Bottle, 240 ml",Abacavir,Generic,20mg/ml,Oral solution,240,320,4000.0,12.5,0.05,"Aurobindo Unit III, India",True,122.0,2053.52,6.6
9023,85210,107-RW-T30,FPQ-8372,SO-40980,DN-2432,Rwanda,PMO - US,From RDC,N/A - From RDC,Truck,2011-10-19,2011-06-08,2011-12-08,2011-11-25,2011-11-25,ARV,Adult,SCMS from RDC,"Didanosine 400mg, delayed-release capsules, 30 Caps",Didanosine,Generic,400mg,Delayed-release capsules,30,263,5260.0,20.0,0.67,"Aurobindo Unit III, India",True,21.0,14622.43,8.68
9024,85211,110-ZM-T30,FPQ-7767,SO-40272,DN-2434,Zambia,PMO - US,From RDC,N/A - From RDC,Truck,2011-07-26,2011-08-28,2012-02-28,2011-11-28,2011-11-28,ARV,Adult,SCMS from RDC,"Zidovudine 300mg, tablets, 60 Tabs",Zidovudine,Generic,300mg,Tablet,60,5111,35879.22,7.02,0.12,Hetero Unit III Hyderabad IN,False,668.5,6476.695,59.2
9025,85212,102-KE-T30,FPQ-8736,SO-41070,DN-2436,Kenya,PMO - US,From RDC,N/A - From RDC,Air,2011-11-01,2011-05-30,2011-11-30,2011-11-11,2011-11-11,ARV,Pediatric,SCMS from RDC,"Nevirapine 10mg/ml, oral suspension w/syringe, Bottle, 240 ml",Nevirapine,Generic,10mg/ml,Oral suspension,240,4000,7800.0,1.95,0.01,"Aurobindo Unit III, India",True,1496.0,5752.74,10.94
9026,85213,107-RW-T30,FPQ-8204,SO-41040,DN-2439,Rwanda,PMO - US,From RDC,N/A - From RDC,Air,2011-08-12,2011-06-05,2011-12-05,2011-12-02,2011-12-02,ARV,Adult,SCMS from RDC,"Zidovudine 300mg, tablets, 60 Tabs",Zidovudine,Generic,300mg,Tablet,60,90,631.8,7.02,0.12,Hetero Unit III Hyderabad IN,False,7.5,5865.805,1.04
9027,85214,113-ZW-T30,FPQ-7052,SO-38521,DN-2441,Zimbabwe,PMO - US,From RDC,N/A - From RDC,Truck,2011-01-19,2011-06-07,2011-12-07,2011-12-09,2011-12-09,ARV,Adult,SCMS from RDC,"Lamivudine/Stavudine 150/30mg, tablets, 60 Tabs",Lamivudine/Stavudine,Generic,150/30mg,Tablet - FDC,60,4669,13773.55,2.95,0.05,"Strides, Bangalore, India.",False,357.0,6721.705,22.73
9028,85215,151-NG-T30,FPQ-7812,SO-39990,DN-2452,Nigeria,PMO - US,From RDC,N/A - From RDC,Air Charter,2011-06-06,2011-06-20,2011-12-20,2011-12-20,2011-12-20,ARV,Adult,SCMS from RDC,"Lamivudine/Nevirapine/Zidovudine 150/200/300mg, tablets, 60 Tabs",Lamivudine/Nevirapine/Zidovudine,Generic,150/300/200mg,Tablet - FDC,60,129958,1458128.76,11.22,0.19,"Aurobindo Unit III, India",True,18907.0,15322.73,2405.91
9029,85216,104-CI-T30,FPQ-8295,SO-40791,DN-2459,Côte d'Ivoire,PMO - US,From RDC,N/A - From RDC,Truck,2011-08-25,2011-08-06,2012-02-06,2012-02-06,2012-02-06,ARV,Adult,SCMS from RDC,"Emtricitabine/Tenofovir Disoproxil Fumarate 200/300mg, tablets, 30 Tabs",Emtricitabine/Tenofovir Disoproxil Fumarate,Generic,200/300mg,Tablet - FDC,30,11520,103334.4,8.97,0.3,"Aurobindo Unit III, India",False,668.5,6757.815,170.5
9030,85217,104-CI-T30,FPQ-8295,SO-40791,DN-2459,Côte d'Ivoire,PMO - US,From RDC,N/A - From RDC,Truck,2011-08-25,2011-08-06,2012-02-06,2012-02-06,2012-02-06,ARV,Adult,SCMS from RDC,"Zidovudine 300mg, tablets, 60 Tabs",Zidovudine,Generic,300mg,Tablet,60,13590,95401.8,7.02,0.12,Mylan (formerly Matrix) Nashik,False,668.5,6757.815,157.41
9031,85219,105-GY-T30,FPQ-8024,SO-40451,DN-2474,Guyana,PMO - US,From RDC,N/A - From RDC,Air,2011-08-19,2011-07-31,2012-01-31,2012-01-18,2012-01-18,ARV,Pediatric,SCMS from RDC,"Lamivudine 10mg/ml, oral solution w/syringe, Bottle, 240 ml",Lamivudine,Generic,10mg/ml,Oral solution,240,284,525.4,1.85,0.01,"Aurobindo Unit III, India",True,103.0,1783.38,0.87
9032,85220,106-HT-T30,FPQ-7653,SO-39745,DN-2485,Haiti,PMO - US,From RDC,N/A - From RDC,Air,2011-05-11,2011-08-15,2012-02-15,2012-01-19,2012-01-19,ARV,Pediatric,SCMS from RDC,"Zidovudine 10mg/ml, oral solution w/syringe, Bottle, 240 ml",Zidovudine,Generic,10mg/ml,Oral solution,240,4000,8400.0,2.1,0.01,"Aurobindo Unit III, India",True,1587.0,16163.28,13.86
9033,85221,101-CD-T30,FPQ-8840,SO-41133,DN-2495,"Congo, DRC",PMO - US,From RDC,N/A - From RDC,Air,2011-11-21,2011-09-16,2012-03-16,2012-02-14,2012-02-14,ARV,Adult,SCMS from RDC,"Lamivudine/Nevirapine/Zidovudine 150/200/300mg, tablets, 60 Tabs",Lamivudine/Nevirapine/Zidovudine,Generic,150/300/200mg,Tablet - FDC,60,254,2794.0,11.0,0.18,Mylan (formerly Matrix) Nashik,False,668.5,2346.5699999999997,3.92
9034,85222,101-CD-T30,FPQ-8840,SO-41134,DN-2496,"Congo, DRC",PMO - US,From RDC,N/A - From RDC,Air,2011-11-21,2011-09-16,2012-03-16,2012-02-14,2012-02-14,ARV,Adult,SCMS from RDC,"Abacavir 300mg, tablets, 60 Tabs",Abacavir,Generic,300mg,Tablet,60,17,248.71,14.63,0.24,Mylan (formerly Matrix) Nashik,False,50.0,2346.5699999999997,0.35
9035,85223,101-CD-T30,FPQ-8840,SO-41135,DN-2497,"Congo, DRC",PMO - US,From RDC,N/A - From RDC,Air,2011-11-21,2011-09-16,2012-03-16,2012-02-14,2012-02-14,ARV,Adult,SCMS from RDC,"Lopinavir/Ritonavir 200/50mg, tablets, 120 Tabs",Lopinavir/Ritonavir,Generic,200/50mg,Tablet,120,9,303.66,33.74,0.28,"Aurobindo Unit III, India",False,1.0,2346.5699999999997,0.43
9036,85224,101-CD-T30,FPQ-8840,SO-41137,DN-2499,"Congo, DRC",PMO - US,From RDC,N/A - From RDC,Air,2011-11-21,2011-09-16,2012-03-16,2012-02-14,2012-02-14,ARV,Adult,SCMS from RDC,"Nevirapine 200mg, tablets, 60 Tabs",Nevirapine,Generic,200mg,Tablet,60,400,1032.0,2.58,0.04,"Strides, Bangalore, India.",False,81.0,2346.5699999999997,1.45
9037,85226,101-CD-T30,FPQ-8840,SO-41141,DN-2505,"Congo, DRC",PMO - US,From RDC,N/A - From RDC,Air,2011-11-21,2011-09-16,2012-03-16,2012-03-14,2012-03-14,ARV,Pediatric,SCMS from RDC,"Nevirapine 10mg/ml, oral suspension w/syringe, Bottle, 240 ml",Nevirapine,Generic,10mg/ml,Oral suspension,240,463,902.85,1.95,0.01,"Aurobindo Unit III, India",False,668.5,2346.5699999999997,1.27
9038,85227,101-CD-T30,FPQ-8840,SO-41142,DN-2506,"Congo, DRC",PMO - US,From RDC,N/A - From RDC,Air,2011-11-21,2011-09-16,2012-03-16,2012-03-14,2012-03-14,ARV,Pediatric,SCMS from RDC,"Nevirapine 10mg/ml, oral suspension w/syringe, Bottle, 240 ml",Nevirapine,Generic,10mg/ml,Oral suspension,240,620,1209.0,1.95,0.01,"Aurobindo Unit III, India",False,668.5,2346.5699999999997,1.7
9039,85228,101-CD-T30,FPQ-8840,SO-41145,DN-2509,"Congo, DRC",PMO - US,From RDC,N/A - From RDC,Air,2011-11-21,2011-09-16,2012-03-16,2012-04-13,2012-04-13,ARV,Pediatric,SCMS from RDC,"Nevirapine 10mg/ml, oral suspension w/syringe, Bottle, 240 ml",Nevirapine,Generic,10mg/ml,Oral suspension,240,151,294.45,1.95,0.01,"Aurobindo Unit III, India",False,749.0,2346.5699999999997,0.41
9040,85229,101-CD-T30,FPQ-8840,SO-41145,DN-2509,"Congo, DRC",PMO - US,From RDC,N/A - From RDC,Air,2011-11-21,2011-09-16,2012-03-16,2012-04-13,2012-04-13,ARV,Adult,SCMS from RDC,"Lamivudine/Tenofovir Disoproxil Fumarate 300/300mg, tablets, 30 Tabs",Lamivudine/Tenofovir Disoproxil Fumarate,Generic,300/300mg,Tablet - FDC,30,19,115.52,6.08,0.2,Mylan (formerly Matrix) Nashik,False,668.5,2346.5699999999997,0.16
9041,85230,101-CD-T30,FPQ-8840,SO-41146,DN-2510,"Congo, DRC",PMO - US,From RDC,N/A - From RDC,Air,2011-11-21,2011-09-16,2012-03-16,2012-03-23,2012-03-23,ARV,Adult,SCMS from RDC,"Zidovudine 300mg, tablets, 60 Tabs",Zidovudine,Generic,300mg,Tablet,60,105,737.1,7.02,0.12,Hetero Unit III Hyderabad IN,False,10.0,2346.5699999999997,1.03
9042,85232,111-MZ-T30,FPQ-7053,SO-38630,DN-2516,Mozambique,PMO - US,From RDC,N/A - From RDC,Truck,2011-01-24,2011-08-29,2012-02-29,2012-03-08,2012-03-08,ARV,Pediatric,SCMS from RDC,"Nevirapine 10mg/ml, oral suspension w/syringe, Bottle, 240 ml",Nevirapine,Generic,10mg/ml,Oral suspension,240,41998,81896.1,1.95,0.01,"Aurobindo Unit III, India",True,12489.0,9458.64,135.13
9043,85233,113-ZW-T30,FPQ-7052,SO-38520,DN-2519,Zimbabwe,PMO - US,From RDC,N/A - From RDC,Truck,2011-01-19,2011-08-29,2012-02-29,2012-02-16,2012-02-16,ARV,Adult,SCMS from RDC,"Lamivudine/Nevirapine/Stavudine 150/200/30mg, tablets, 60 Tabs",Lamivudine/Nevirapine/Stavudine,Generic,150/200/30mg,Tablet - FDC,60,13212,71080.56,5.38,0.09,"Strides, Bangalore, India.",False,668.5,6721.705,117.28
9044,85234,101-CD-T30,FPQ-8840,SO-41388,DN-2529,"Congo, DRC",PMO - US,From RDC,N/A - From RDC,Air,2011-11-21,2011-09-22,2012-03-22,2012-03-22,2012-03-22,ARV,Adult,SCMS from RDC,"Lamivudine 150mg, tablets, 60 Tabs",Lamivudine,Generic,150mg,Tablet,60,73,170.09,2.33,0.04,Hetero Unit III Hyderabad IN,True,5.0,491.43,0.24
9045,85235,106-HT-T30,FPQ-9056,SO-41300,DN-2535,Haiti,PMO - US,From RDC,N/A - From RDC,Air,2011-12-20,2011-09-02,2012-03-02,2012-03-12,2012-03-12,ARV,Adult,SCMS from RDC,"Abacavir 300mg, tablets, 60 Tabs",Abacavir,Generic,300mg,Tablet,60,2250,32917.5,14.63,0.24,Mylan (formerly Matrix) Nashik,False,763.0,2946.7200000000003,46.15
9046,85236,109-TZ-T30,FPQ-8303,SO-40540,DN-2538,Tanzania,PMO - US,From RDC,N/A - From RDC,Truck,2011-08-22,2011-09-30,2012-03-30,2012-03-12,2012-03-12,ARV,Pediatric,SCMS from RDC,"Efavirenz 200mg, capsule, 90 Caps",Efavirenz,Generic,200mg,Capsule,90,6510,57743.7,8.87,0.1,"Aurobindo Unit III, India",True,830.0,1698.83,95.28
9047,85237,104-CI-T30,FPQ-8787,SO-41160,DN-2552,Côte d'Ivoire,PMO - US,From RDC,N/A - From RDC,Air,2011-11-11,2011-09-19,2012-03-19,2012-02-24,2012-02-24,ARV,Adult,SCMS from RDC,"Efavirenz 600mg, tablets, 30 Tabs",Efavirenz,Generic,600mg,Tablet,30,47614,196169.68,4.12,0.14,"Strides, Bangalore, India.",True,3453.0,9657.88,275.03
9048,85238,109-TZ-T30,FPQ-8297,SO-40613,DN-2558,Tanzania,PMO - US,From RDC,N/A - From RDC,Truck,2011-08-22,2011-10-06,2012-04-06,2012-02-14,2012-02-14,ARV,Adult,SCMS from RDC,"Zidovudine 300mg, tablets, 60 Tabs",Zidovudine,Generic,300mg,Tablet,60,39402,276602.04,7.02,0.12,Hetero Unit III Hyderabad IN,False,668.5,3623.2,456.39
9049,85239,151-NG-T30,FPQ-8952,SO-41261,DN-2562,Nigeria,PMO - US,From RDC,N/A - From RDC,Air Charter,2011-12-08,2011-12-20,2012-06-20,2012-02-16,2012-02-16,ARV,Pediatric,SCMS from RDC,"Efavirenz 200mg, capsule, 90 Caps",Efavirenz,Generic,200mg,Capsule,90,1530,13571.1,8.87,0.1,"Aurobindo Unit III, India",True,233.0,25231.96,19.03
9050,85240,151-NG-T30,FPQ-8952,SO-41262,DN-2563,Nigeria,PMO - US,From RDC,N/A - From RDC,Air Charter,2011-12-08,2011-12-20,2012-06-20,2012-02-16,2012-02-16,ARV,Adult,SCMS from RDC,"Tenofovir Disoproxil Fumarate 300mg, tablets, 30 Tabs",Tenofovir Disoproxil Fumarate,Generic,300mg,Tablet,30,3000,16500.0,5.5,0.18,Mylan (formerly Matrix) Nashik,True,188.0,25231.96,23.13
9051,85241,151-NG-T30,FPQ-8952,SO-41265,DN-2567,Nigeria,PMO - US,From RDC,N/A - From RDC,Air Charter,2011-12-08,2011-12-20,2012-06-20,2012-02-16,2012-02-16,ARV,Adult,SCMS from RDC,"Lamivudine 150mg, tablets, 60 Tabs",Lamivudine,Generic,150mg,Tablet,60,19501,45437.33,2.33,0.04,Hetero Unit III Hyderabad IN,True,2046.0,25231.96,63.7
9052,85242,109-TZ-T30,FPQ-8303,SO-40481,DN-2570,Tanzania,PMO - US,From RDC,N/A - From RDC,Truck,2011-08-22,2011-10-11,2012-04-11,2012-04-11,2012-04-11,ARV,Pediatric,SCMS from RDC,"Lamivudine/Nevirapine/Zidovudine 30/50/60mg, dispersible tablets, 60 Tabs",Lamivudine/Nevirapine/Zidovudine,Generic,30/50/60mg,Chewable/dispersible tablet - FDC,60,11262,47863.5,4.25,0.07,Mylan (formerly Matrix) Nashik,True,641.0,3279.25,78.97
9053,85243,110-ZM-T30,FPQ-8476,SO-40952,DN-2587,Zambia,PMO - US,From RDC,N/A - From RDC,Truck,2011-09-27,2011-11-15,2012-05-15,2012-02-27,2012-02-27,ARV,Adult,SCMS from RDC,"Emtricitabine/Tenofovir Disoproxil Fumarate 200/300mg, tablets, 30 Tabs",Emtricitabine/Tenofovir Disoproxil Fumarate,Generic,200/300mg,Tablet - FDC,30,54850,492004.5,8.97,0.3,Mylan (formerly Matrix) Nashik,True,2236.0,5447.21,811.81
9054,85244,102-BI-T30,FPQ-9229,SO-41530,DN-2594,Burundi,PMO - US,From RDC,N/A - From RDC,Air,2012-01-25,2011-10-26,2012-04-26,2012-05-04,2012-05-04,ARV,Adult,SCMS from RDC,"Lopinavir/Ritonavir 200/50mg [Aluvia], tablets, 120 Tabs",Lopinavir/Ritonavir,Aluvia,200/50mg,Tablet,120,240,8097.6,33.74,0.28,ABBVIE Ludwigshafen Germany,False,25.0,3544.4849999999997,11.35
9055,85245,114-UG-T30,FPQ-9321,SO-41520,DN-2597,Uganda,PMO - US,From RDC,N/A - From RDC,Truck,2012-02-10,2011-10-24,2012-04-24,2012-02-27,2012-02-27,ARV,Adult,SCMS from RDC,"Lamivudine/Zidovudine 150/300mg, tablets, 60 Tabs",Lamivudine/Zidovudine,Generic,150/300mg,Tablet - FDC,60,2900,23200.0,8.0,0.13,"Aurobindo Unit III, India",False,5621.0,5458.45,32.53
9056,85246,104-CI-T30,FPQ-8363,SO-40822,DN-2601,Côte d'Ivoire,PMO - US,From RDC,N/A - From RDC,Truck,2011-08-29,2011-10-19,2012-04-19,2012-04-19,2012-04-19,ARV,Adult,SCMS from RDC,"Abacavir 300mg, tablets, 60 Tabs",Abacavir,Generic,300mg,Tablet,60,10440,152737.2,14.63,0.24,Mylan (formerly Matrix) Nashik,False,668.5,6757.815,252.02
9057,85247,113-ZW-T30,FPQ-8464,SO-40850,DN-2605,Zimbabwe,PMO - US,From RDC,N/A - From RDC,Truck,2011-10-04,2011-10-13,2012-04-13,2012-04-10,2012-04-10,ARV,Adult,SCMS from RDC,"Lamivudine/Tenofovir Disoproxil Fumarate 300/300mg, tablets, 30 Tabs",Lamivudine/Tenofovir Disoproxil Fumarate,Generic,300/300mg,Tablet - FDC,30,78082,474738.56,6.08,0.2,Mylan (formerly Matrix) Nashik,False,10902.0,6721.705,783.32
9058,85248,113-ZW-T30,FPQ-8464,SO-40850,DN-2605,Zimbabwe,PMO - US,From RDC,N/A - From RDC,Truck,2011-10-04,2011-10-13,2012-04-13,2012-04-10,2012-04-10,ARV,Adult,SCMS from RDC,"Lamivudine/Stavudine 150/30mg, tablets, 60 Tabs",Lamivudine/Stavudine,Generic,150/30mg,Tablet - FDC,60,7150,21092.5,2.95,0.05,"Strides, Bangalore, India.",False,2778.0,6721.705,34.8
9059,85249,114-UG-T30,FPQ-8522,SO-40931,DN-2607,Uganda,PMO - US,From RDC,N/A - From RDC,Truck,2011-10-05,2011-11-16,2012-05-16,2012-03-27,2012-03-27,ARV,Adult,SCMS from RDC,"Lamivudine/Nevirapine/Zidovudine 150/200/300mg, tablets, 60 Tabs",Lamivudine/Nevirapine/Zidovudine,Generic,150/300/200mg,Tablet - FDC,60,12762,140382.0,11.0,0.18,Mylan (formerly Matrix) Nashik,False,668.5,5458.45,231.63
9060,85250,110-ZM-T30,FPQ-8759,SO-41122,DN-2613,Zambia,PMO - US,From RDC,N/A - From RDC,Truck,2011-11-06,2011-10-27,2012-04-27,2012-04-16,2012-04-16,ARV,Adult,SCMS from RDC,"Abacavir 300mg, tablets, 60 Tabs",Abacavir,Generic,300mg,Tablet,60,15000,219450.0,14.63,0.24,Mylan (formerly Matrix) Nashik,True,1677.0,8510.81,307.67
9061,85251,111-MZ-T30,FPQ-8157,SO-40383,DN-2615,Mozambique,PMO - US,From RDC,N/A - From RDC,Truck,2011-08-04,2011-11-07,2012-05-07,2012-05-10,2012-05-10,ARV,Adult,SCMS from RDC,"Lamivudine/Nevirapine/Stavudine 150/200/30mg, tablets, 60 Tabs",Lamivudine/Nevirapine/Stavudine,Generic,150/200/30mg,Tablet - FDC,60,4666,25103.08,5.38,0.09,"Strides, Bangalore, India.",True,346.0,3580.36,41.42
9062,85252,113-ZW-T30,FPQ-8464,SO-40860,DN-2621,Zimbabwe,PMO - US,From RDC,N/A - From RDC,Truck,2011-10-04,2011-10-17,2012-04-17,2012-05-07,2012-05-07,ARV,Adult,SCMS from RDC,"Lamivudine/Nevirapine/Stavudine 150/200/30mg, tablets, 60 Tabs",Lamivudine/Nevirapine/Stavudine,Generic,150/200/30mg,Tablet - FDC,60,71030,382141.4,5.38,0.09,"Strides, Bangalore, India.",False,6990.0,6721.705,630.53
9063,85253,110-ZM-T30,FPQ-8476,SO-40955,DN-2624,Zambia,PMO - US,From RDC,N/A - From RDC,Truck,2011-09-27,2011-11-15,2012-05-15,2012-04-30,2012-04-30,ARV,Adult,SCMS from RDC,"Lamivudine/Zidovudine 150/300mg, tablets, 60 Tabs",Lamivudine/Zidovudine,Generic,150/300mg,Tablet - FDC,60,96655,773240.0,8.0,0.13,"Cipla, Goa, India",False,668.5,6476.695,1275.85
9064,85254,110-ZM-T30,FPQ-8476,SO-40955,DN-2624,Zambia,PMO - US,From RDC,N/A - From RDC,Truck,2011-09-27,2011-11-15,2012-05-15,2012-04-30,2012-04-30,ARV,Adult,SCMS from RDC,"Zidovudine 300mg, tablets, 60 Tabs",Zidovudine,Generic,300mg,Tablet,60,136109,955485.18,7.02,0.12,Hetero Unit III Hyderabad IN,False,668.5,6476.695,1576.55
9065,85255,110-ZM-T30,FPQ-9186,SO-41410,DN-2629,Zambia,PMO - US,From RDC,N/A - From RDC,Truck,2012-01-16,2011-11-08,2012-05-08,2012-04-30,2012-04-30,ARV,Adult,SCMS from RDC,"Efavirenz 600mg, tablets, 30 Tabs",Efavirenz,Generic,600mg,Tablet,30,109226,450011.12,4.12,0.14,"Strides, Bangalore, India.",True,6636.0,10598.2,630.92
9066,85256,151-NG-T30,FPQ-8952,SO-41252,DN-2631,Nigeria,PMO - US,From RDC,N/A - From RDC,Air Charter,2011-12-08,2012-01-04,2012-07-04,2012-04-30,2012-04-30,ARV,Adult,SCMS from RDC,"Lamivudine/Nevirapine/Zidovudine 150/200/300mg, tablets, 60 Tabs",Lamivudine/Nevirapine/Zidovudine,Generic,150/300/200mg,Tablet - FDC,60,326131,3587441.0,11.0,0.18,Mylan (formerly Matrix) Nashik,True,46522.0,27441.22,5029.59
9067,85257,102-DO-T30,FPQ-9676,SO-41880,DN-2638,Dominican Republic,PMO - US,From RDC,N/A - From RDC,Air,2012-04-09,2011-11-21,2012-05-21,2012-05-04,2012-05-04,ARV,Adult,SCMS from RDC,"Lamivudine 150mg, tablets, 60 Tabs",Lamivudine,Generic,150mg,Tablet,60,1005,2341.65,2.33,0.04,Macleods Daman Plant INDIA,True,544.0,4392.94,3.28
9068,85258,102-DO-T30,FPQ-9676,SO-41870,DN-2639,Dominican Republic,PMO - US,From RDC,N/A - From RDC,Air,2012-04-09,2011-11-21,2012-05-21,2012-05-16,2012-05-16,ARV,Adult,SCMS from RDC,"Abacavir/Lamivudine 600/300mg, scored tablets, 30 Tabs",Abacavir/Lamivudine,Generic,600/300mg,Tablet - FDC,30,330,7425.0,22.5,0.75,Mylan (formerly Matrix) Nashik,False,78.5,3026.24,10.41
9069,85259,102-LY-T30,FPQ-9665,SO-41900,DN-2641,Libya,PMO - US,From RDC,N/A - From RDC,Air,2012-04-04,2011-11-23,2012-05-23,2012-05-23,2012-05-23,ARV,Adult,SCMS from RDC,"Tenofovir Disoproxil Fumarate 300mg, tablets, 30 Tabs",Tenofovir Disoproxil Fumarate,Generic,300mg,Tablet,30,368,2024.0,5.5,0.18,Mylan (formerly Matrix) Nashik,False,668.5,2268.54,2.84
9070,85260,151-NG-T30,FPQ-9432,SO-41923,DN-2651,Nigeria,PMO - US,From RDC,N/A - From RDC,Air Charter,2012-03-01,2012-02-02,2012-08-02,2012-04-30,2012-04-30,ARV,Adult,SCMS from RDC,"Lamivudine/Tenofovir Disoproxil Fumarate 300/300mg, tablets, 30 Tabs",Lamivudine/Tenofovir Disoproxil Fumarate,Generic,300/300mg,Tablet - FDC,30,39680,219827.2,5.54,0.18,Mylan (formerly Matrix) Nashik,True,3329.0,27441.25,308.2
9071,85261,113-ZW-T30,FPQ-8464,SO-40861,DN-2655,Zimbabwe,PMO - US,From RDC,N/A - From RDC,Truck,2011-10-04,2011-11-30,2012-05-31,2012-05-25,2012-05-25,ARV,Adult,SCMS from RDC,"Efavirenz 600mg, tablets, 30 Tabs",Efavirenz,Generic,600mg,Tablet,30,17422,71778.64,4.12,0.14,"Strides, Bangalore, India.",False,668.5,6721.705,118.43
9072,85262,104-CI-T30,FPQ-8790,SO-41200,DN-2652,Côte d'Ivoire,PMO - US,From RDC,N/A - From RDC,Air,2011-11-11,2011-11-30,2012-05-30,2012-05-30,2012-05-30,ARV,Adult,SCMS from RDC,"Abacavir/Lamivudine 600/300mg, scored tablets, 30 Tabs",Abacavir/Lamivudine,Generic,600/300mg,Tablet - FDC,30,1620,36450.0,22.5,0.75,Mylan (formerly Matrix) Nashik,False,668.5,4063.81,51.1
9073,85263,106-HT-T30,FPQ-9056,SO-41310,DN-2667,Haiti,PMO - US,From RDC,N/A - From RDC,Air,2011-12-20,2011-12-29,2012-06-29,2012-06-06,2012-06-06,ARV,Adult,SCMS from RDC,"Lamivudine/Tenofovir Disoproxil Fumarate 300/300mg, tablets, 30 Tabs",Lamivudine/Tenofovir Disoproxil Fumarate,Generic,300/300mg,Tablet - FDC,30,50928,282141.12,5.54,0.18,"Cipla, Kurkumbh, India",True,5456.0,53775.56,395.56
9074,85264,110-ZM-T30,FPQ-8759,SO-41120,DN-2679,Zambia,PMO - US,From RDC,N/A - From RDC,Truck,2011-11-06,2011-12-15,2012-06-15,2012-06-18,2012-06-18,ARV,Adult,SCMS from RDC,"Abacavir 300mg, tablets, 60 Tabs",Abacavir,Generic,300mg,Tablet,60,7452,97993.8,13.15,0.22,"Aurobindo Unit III, India",True,737.0,4496.13,137.39
9075,85265,113-ZW-T30,FPQ-8464,SO-40883,DN-2693,Zimbabwe,PMO - US,From RDC,N/A - From RDC,Truck,2011-10-04,2012-02-14,2012-08-14,2012-06-27,2012-06-27,ARV,Adult,SCMS from RDC,"Lamivudine/Stavudine 150/30mg, tablets, 60 Tabs",Lamivudine/Stavudine,Generic,150/30mg,Tablet - FDC,60,7150,21092.5,2.95,0.05,"Strides, Bangalore, India.",False,2778.0,6721.705,34.8
9076,85266,113-ZW-T30,FPQ-8464,SO-40883,DN-2693,Zimbabwe,PMO - US,From RDC,N/A - From RDC,Truck,2011-10-04,2012-02-14,2012-08-14,2012-06-27,2012-06-27,ARV,Adult,SCMS from RDC,"Lamivudine/Nevirapine/Zidovudine 150/200/300mg, tablets, 60 Tabs",Lamivudine/Nevirapine/Zidovudine,Generic,150/300/200mg,Tablet - FDC,60,11574,119096.46,10.29,0.17,Mylan (formerly Matrix) Nashik,False,793.0,6721.705,196.51
9077,85267,102-CD-T30,FPQ-9640,SO-41850,DN-2697,"Congo, DRC",PMO - US,From RDC,N/A - From RDC,Air,2012-04-02,2012-03-11,2012-09-11,2012-09-11,2012-09-11,ARV,Adult,SCMS from RDC,"Nevirapine 200mg, tablets, 60 Tabs",Nevirapine,Generic,200mg,Tablet,60,1200,2928.0,2.44,0.04,"Strides, Bangalore, India.",False,128.0,2346.5699999999997,4.11
9078,85268,102-CD-T30,FPQ-9640,SO-41850,DN-2697,"Congo, DRC",PMO - US,From RDC,N/A - From RDC,Air,2012-04-02,2012-03-11,2012-09-11,2012-09-11,2012-09-11,ARV,Adult,SCMS from RDC,"Lamivudine/Zidovudine 150/300mg, tablets, 60 Tabs",Lamivudine/Zidovudine,Generic,150/300mg,Tablet - FDC,60,1440,11203.2,7.78,0.13,Hetero Unit III Hyderabad IN,False,128.0,2346.5699999999997,15.71
9079,85269,104-CI-T30,FPQ-9261,SO-41471,DN-2698,Côte d'Ivoire,PMO - US,From RDC,N/A - From RDC,Air Charter,2012-01-30,2011-12-20,2012-06-20,2012-06-15,2012-06-15,ARV,Adult,SCMS from RDC,"Abacavir/Lamivudine/Zidovudine 300/150/300mg, tablets, 60 Tabs",Abacavir/Lamivudine/Zidovudine,Generic,300/150/300mg,Tablet - FDC,60,3136,94080.0,30.0,0.5,Mylan (formerly Matrix) Nashik,True,478.0,2330.22,131.9
9080,85270,105-GY-T30,FPQ-9820,SO-42040,DN-2701,Guyana,PMO - US,From RDC,N/A - From RDC,Air,2012-05-04,2012-01-10,2012-07-10,2012-06-13,2012-06-13,ARV,Pediatric,SCMS from RDC,"Lamivudine 10mg/ml, oral solution w/syringe, Bottle, 240 ml",Lamivudine,Generic,10mg/ml,Oral solution,240,230,425.5,1.85,0.01,"Aurobindo Unit III, India",True,83.0,1075.62,0.6
9081,85271,110-ZM-T30,FPQ-9081,SO-41281,DN-2703,Zambia,PMO - US,From RDC,N/A - From RDC,Truck,2011-12-22,2011-12-29,2012-06-29,2012-06-18,2012-06-18,ARV,Adult,SCMS from RDC,"Nevirapine 200mg, tablets, 60 Tabs",Nevirapine,Generic,200mg,Tablet,60,181926,443899.44,2.44,0.04,Hetero Unit III Hyderabad IN,True,11438.0,4496.15,622.35
9082,85272,151-NG-T30,FPQ-8952,SO-41257,DN-2706,Nigeria,PMO - US,From RDC,N/A - From RDC,Air Charter,2011-12-08,2011-12-20,2012-06-20,2012-06-03,2012-06-03,ARV,Adult,SCMS from RDC,"Lamivudine 150mg, tablets, 60 Tabs",Lamivudine,Generic,150mg,Tablet,60,20000,46600.0,2.33,0.04,"Aurobindo Unit III, India",True,2238.0,17090.0,65.33
9083,85273,151-NG-T30,FPQ-9432,SO-42336,DN-2710,Nigeria,PMO - US,From RDC,N/A - From RDC,Air Charter,2012-03-01,2012-02-02,2012-08-02,2012-06-03,2012-06-03,ARV,Adult,SCMS from RDC,"Lamivudine/Tenofovir Disoproxil Fumarate 300/300mg, tablets, 30 Tabs",Lamivudine/Tenofovir Disoproxil Fumarate,Generic,300/300mg,Tablet - FDC,30,27911,154626.94,5.54,0.18,"Cipla, Kurkumbh, India",True,11969.0,17090.0,216.79
9084,85274,102-LY-T30,FPQ-9665,SO-41891,DN-2711,Libya,PMO - US,From RDC,N/A - From RDC,Air,2012-04-04,2011-12-29,2012-06-29,2012-07-02,2012-07-02,ARV,Adult,SCMS from RDC,"Tenofovir Disoproxil Fumarate 300mg, tablets, 30 Tabs",Tenofovir Disoproxil Fumarate,Generic,300mg,Tablet,30,2816,15488.0,5.5,0.18,"Aurobindo Unit III, India",True,231.0,1474.9,21.71
9085,85275,104-CI-T30,FPQ-8790,SO-41182,DN-2716,Côte d'Ivoire,PMO - US,From RDC,N/A - From RDC,Air,2011-11-11,2012-01-16,2012-07-16,2012-07-03,2012-07-03,ARV,Adult,SCMS from RDC,"Abacavir/Lamivudine/Zidovudine 300/150/300mg, tablets, 60 Tabs",Abacavir/Lamivudine/Zidovudine,Generic,300/150/300mg,Tablet - FDC,60,1840,55200.0,30.0,0.5,Mylan (formerly Matrix) Nashik,False,668.5,4063.81,77.39
9086,85276,900-UG-T30,FPQ-10048,SO-42580,DN-2724,Uganda,PMO - US,From RDC,N/A - From RDC,Air,2012-06-06,2012-01-05,2012-07-05,2012-07-16,2012-07-16,ARV,Adult,SCMS from RDC,"Nevirapine 200mg, tablets, 60 Tabs",Nevirapine,Generic,200mg,Tablet,60,36000,87840.0,2.44,0.04,"Aurobindo Unit III, India",False,2205.0,2485.92,123.15
9087,85277,151-NG-T30,FPQ-8952,SO-42641,DN-2732,Nigeria,PMO - US,From RDC,N/A - From RDC,Air Charter,2011-12-08,2012-01-09,2012-07-09,2012-07-09,2012-07-09,ARV,Adult,SCMS from RDC,"Lamivudine 150mg, tablets, 60 Tabs",Lamivudine,Generic,150mg,Tablet,60,732,1705.56,2.33,0.04,"Strides, Bangalore, India.",True,57.0,21347.13,2.39
9088,85278,113-ZW-T30,FPQ-8464,SO-40880,DN-2742,Zimbabwe,PMO - US,From RDC,N/A - From RDC,Truck,2011-10-04,2012-02-14,2012-08-14,2012-07-23,2012-07-23,ARV,Adult,SCMS from RDC,"Efavirenz 600mg, tablets, 30 Tabs",Efavirenz,Generic,600mg,Tablet,30,17422,66377.82,3.81,0.13,"Aurobindo Unit III, India",False,668.5,6721.705,109.52
9089,85279,114-UG-T30,FPQ-9355,SO-41593,DN-2744,Uganda,PMO - US,From RDC,N/A - From RDC,Truck,2012-02-20,2012-03-05,2012-09-05,2012-07-26,2012-07-26,ARV,Adult,SCMS from RDC,"Lamivudine 150mg, tablets, 60 Tabs",Lamivudine,Generic,150mg,Tablet,60,834,1851.48,2.22,0.04,Macleods Daman Plant INDIA,False,668.5,5458.45,2.6
9090,85280,114-UG-T30,FPQ-9875,SO-42081,DN-2747,Uganda,PMO - US,From RDC,N/A - From RDC,Air,2012-05-09,2012-02-17,2012-08-17,2012-08-07,2012-08-07,ARV,Adult,SCMS from RDC,"Lamivudine/Zidovudine 150/300mg, tablets, 60 Tabs",Lamivudine/Zidovudine,Generic,150/300mg,Tablet - FDC,60,26574,206745.72,7.78,0.13,"Cipla, Goa, India",True,2369.0,19980.62,289.86
9091,85281,110-ZM-T30,FPQ-9472,SO-41720,DN-2763,Zambia,PMO - US,From RDC,N/A - From RDC,Truck,2012-03-08,2012-01-31,2012-07-31,2012-08-01,2012-08-01,ARV,Adult,SCMS from RDC,"Abacavir 300mg, tablets, 60 Tabs",Abacavir,Generic,300mg,Tablet,60,27452,355777.92,12.96,0.22,Mylan (formerly Matrix) Nashik,False,3898.0,6476.695,498.8
9092,85282,104-CI-T30,FPQ-9063,SO-41351,DN-2755,Côte d'Ivoire,PMO - US,From RDC,N/A - From RDC,Truck,2011-12-21,2012-01-31,2012-07-31,2012-07-31,2012-07-31,ARV,Pediatric,SCMS from RDC,"Abacavir 20mg/ml, oral solution w/syringe, Bottle, 240 ml",Abacavir,Generic,20mg/ml,Oral solution,240,608,7600.0,12.5,0.05,"Aurobindo Unit III, India",True,223.0,2641.45,10.66
9093,85283,109-TZ-T30,FPQ-9303,SO-41560,DN-2762,Tanzania,PMO - US,From RDC,N/A - From RDC,Truck,2012-02-15,2012-03-04,2012-09-04,2012-08-22,2012-08-22,ARV,Pediatric,SCMS from RDC,"Lamivudine/Zidovudine 30/60mg, tablets, 60 Tabs",Lamivudine/Zidovudine,Generic,30/60mg,Tablet - FDC,60,38347,105837.72,2.76,0.05,Mylan (formerly Matrix) Nashik,True,1502.0,6900.62,148.38
9094,85284,151-NG-T30,FPQ-9432,SO-42644,DN-2764,Nigeria,PMO - US,From RDC,N/A - From RDC,Air Charter,2012-03-01,2012-02-02,2012-08-02,2012-07-24,2012-07-24,ARV,Adult,SCMS from RDC,"Lamivudine/Zidovudine 150/300mg, tablets, 60 Tabs",Lamivudine/Zidovudine,Generic,150/300mg,Tablet - FDC,60,25712,198496.64,7.72,0.13,"Aurobindo Unit III, India",False,668.5,12601.07,278.29
9095,85287,104-CI-T30,FPQ-9749,SO-42360,DN-2778,Côte d'Ivoire,PMO - US,From RDC,N/A - From RDC,Truck,2012-04-19,2012-02-15,2012-08-15,2012-08-15,2012-08-15,ARV,Pediatric,SCMS from RDC,"Didanosine 200mg, delayed-release capsules, 30 Caps",Didanosine,Generic,200mg,Delayed-release capsules,30,2528,27808.0,11.0,0.37,"Aurobindo Unit III, India",True,740.0,4754.52,38.99
9096,85288,107-RW-T30,FPQ-10119,SO-42761,DN-2784,Rwanda,PMO - US,From RDC,N/A - From RDC,Air,2012-06-18,2012-04-30,2012-10-31,2012-08-06,2012-08-06,ARV,Adult,SCMS from RDC,"Lopinavir/Ritonavir 200/50mg, tablets, 120 Tabs",Lopinavir/Ritonavir,Generic,200/50mg,Tablet,120,7541,223816.88,29.68,0.25,Mylan (formerly Matrix) Nashik,True,2003.0,32401.62,313.79
9097,85289,151-NG-T30,FPQ-9432,SO-42806,DN-2773,Nigeria,PMO - US,From RDC,N/A - From RDC,Air Charter,2012-03-01,2012-02-02,2012-08-02,2012-07-24,2012-07-24,ARV,Adult,SCMS from RDC,"Nevirapine 200mg, tablets, 60 Tabs",Nevirapine,Generic,200mg,Tablet,60,12156,30511.56,2.51,0.04,Hetero Unit III Hyderabad IN,False,668.5,12601.07,42.78
9098,85291,113-ZW-T30,FPQ-8464,SO-40902,DN-2803,Zimbabwe,PMO - US,From RDC,N/A - From RDC,Truck,2011-10-04,2012-06-11,2012-12-11,2012-09-04,2012-09-04,ARV,Adult,SCMS from RDC,"Nevirapine 200mg, tablets, 60 Tabs",Nevirapine,Generic,200mg,Tablet,60,10963,26530.46,2.42,0.04,"Aurobindo Unit III, India",False,668.5,6721.705,43.78
9099,85292,113-ZW-T30,FPQ-8464,SO-40900,DN-2804,Zimbabwe,PMO - US,From RDC,N/A - From RDC,Truck,2011-10-04,2012-06-11,2012-12-11,2012-09-04,2012-09-04,ARV,Adult,SCMS from RDC,"Efavirenz 600mg, tablets, 30 Tabs",Efavirenz,Generic,600mg,Tablet,30,17422,66377.82,3.81,0.13,"Emcure Plot No.P-2, I.T-B.T. Park, Phase II, MIDC, Hinjwadi, Pune, India",False,668.5,6721.705,109.52
9100,85293,105-GY-T30,FPQ-10252,SO-42790,DN-2810,Guyana,PMO - US,From RDC,N/A - From RDC,Air,2012-07-05,2012-03-30,2012-09-30,2012-08-29,2012-08-29,ARV,Adult,SCMS from RDC,"Stavudine 15mg, capsules, 60 Caps",Stavudine,Generic,15mg,Capsule,60,25,33.0,1.32,0.02,"Aurobindo Unit III, India",True,5.0,931.34,0.05
9101,85294,105-GY-T30,FPQ-10252,SO-42780,DN-2811,Guyana,PMO - US,From RDC,N/A - From RDC,Air,2012-07-05,2012-04-02,2012-10-02,2012-08-29,2012-08-29,ARV,Pediatric,SCMS from RDC,"Zidovudine 10mg/ml, oral solution w/syringe, Bottle, 240 ml",Zidovudine,Generic,10mg/ml,Oral solution,240,366,768.6,2.1,0.01,"Aurobindo Unit III, India",False,668.5,1924.4650000000001,1.08
9102,85295,105-GY-T30,FPQ-10252,SO-42780,DN-2811,Guyana,PMO - US,From RDC,N/A - From RDC,Air,2012-07-05,2012-04-02,2012-10-02,2012-08-29,2012-08-29,ARV,Adult,SCMS from RDC,"Zidovudine 300mg, tablets, 60 Tabs",Zidovudine,Generic,300mg,Tablet,60,1652,11167.52,6.76,0.11,"Aurobindo Unit III, India",False,146.0,1924.4650000000001,15.66
9103,85296,105-GY-T30,FPQ-10252,SO-42780,DN-2811,Guyana,PMO - US,From RDC,N/A - From RDC,Air,2012-07-05,2012-04-02,2012-10-02,2012-08-29,2012-08-29,ARV,Pediatric,SCMS from RDC,"Nevirapine 10mg/ml, oral suspension w/syringe, Bottle, 240 ml",Nevirapine,Generic,10mg/ml,Oral suspension,240,288,561.6,1.95,0.01,"Aurobindo Unit III, India",False,61.0,1924.4650000000001,0.79
9104,85297,102-CD-T30,FPQ-9906,SO-42340,DN-2812,"Congo, DRC",PMO - US,From RDC,N/A - From RDC,Air,2012-05-15,2012-08-14,2013-02-14,2013-02-14,2013-02-14,ARV,Adult,SCMS from RDC,"Abacavir 300mg, tablets, 60 Tabs",Abacavir,Generic,300mg,Tablet,60,298,3862.08,12.96,0.22,Mylan (formerly Matrix) Nashik,False,26.0,2346.5699999999997,5.41
9105,85298,102-CD-T30,FPQ-9906,SO-42340,DN-2812,"Congo, DRC",PMO - US,From RDC,N/A - From RDC,Air,2012-05-15,2012-08-14,2013-02-14,2013-02-14,2013-02-14,ARV,Adult,SCMS from RDC,"Efavirenz 600mg, tablets, 30 Tabs",Efavirenz,Generic,600mg,Tablet,30,525,2000.25,3.81,0.13,Hetero Unit III Hyderabad IN,False,97.0,2346.5699999999997,2.8
9106,85299,103-ZW-T30,FPQ-9907,SO-42230,DN-2825,Zimbabwe,PMO - US,From RDC,N/A - From RDC,Truck,2012-05-15,2012-03-30,2012-09-30,2012-09-11,2012-09-11,ARV,Pediatric,SCMS from RDC,"Abacavir 20mg/ml, oral solution w/syringe, Bottle, 240 ml",Abacavir,Generic,20mg/ml,Oral solution,240,80,1000.0,12.5,0.05,"Aurobindo Unit III, India",True,29.0,588.72,1.4
9107,85300,110-ZM-T30,FPQ-9773,SO-41991,DN-2833,Zambia,PMO - US,From RDC,N/A - From RDC,Truck,2012-04-27,2012-03-25,2012-09-25,2012-09-07,2012-09-07,ARV,Adult,SCMS from RDC,"Efavirenz 600mg, tablets, 30 Tabs",Efavirenz,Generic,600mg,Tablet,30,17124,66954.84,3.91,0.13,"Emcure Plot No.P-2, I.T-B.T. Park, Phase II, MIDC, Hinjwadi, Pune, India",False,2091.0,6476.695,93.87
9108,85301,104-CI-T30,FPQ-9749,SO-42382,DN-2837,Côte d'Ivoire,PMO - US,From RDC,N/A - From RDC,Truck,2012-04-19,2012-05-13,2012-11-13,2012-09-05,2012-09-05,ARV,Pediatric,SCMS from RDC,"Efavirenz 200mg, capsule, 90 Caps",Efavirenz,Generic,200mg,Capsule,90,3400,28084.0,8.26,0.09,"Aurobindo Unit III, India",False,281.0,6757.815,39.37
9109,85302,114-UG-T30,FPQ-10357,SO-42880,DN-2842,Uganda,PMO - US,From RDC,N/A - From RDC,Truck,2012-07-18,2012-04-12,2012-10-12,2012-09-25,2012-09-25,ARV,Adult,SCMS from RDC,"Nevirapine 200mg, tablets, 60 Tabs",Nevirapine,Generic,200mg,Tablet,60,22783,55134.86,2.42,0.04,Hetero Unit III Hyderabad IN,True,1285.0,6265.36,77.3
9110,85303,114-UG-T30,FPQ-10357,SO-42890,DN-2843,Uganda,PMO - US,From RDC,N/A - From RDC,Truck,2012-07-18,2012-04-15,2012-10-15,2012-10-12,2012-10-12,ARV,Adult,SCMS from RDC,"Nevirapine 200mg, tablets, 60 Tabs",Nevirapine,Generic,200mg,Tablet,60,26432,63965.44,2.42,0.04,Hetero Unit III Hyderabad IN,True,1499.0,10915.97,89.68
9111,85304,107-RW-T30,FPQ-10119,SO-42720,DN-2850,Rwanda,PMO - US,From RDC,N/A - From RDC,Air,2012-06-18,2012-03-28,2012-09-28,2012-10-10,2012-10-10,ARV,Adult,SCMS from RDC,"Efavirenz 600mg, tablets, 30 Tabs",Efavirenz,Generic,600mg,Tablet,30,50400,197064.0,3.91,0.13,"Strides, Bangalore, India.",True,3090.0,16603.9,276.28
9112,85305,900-SS-T30,FPQ-10514,SO-43050,DN-2857,South Sudan,PMO - US,From RDC,N/A - From RDC,Air,2012-08-17,2012-04-18,2012-10-18,2012-10-03,2012-10-03,ARV,Adult,SCMS from RDC,"Nevirapine 200mg, tablets, 60 Tabs",Nevirapine,Generic,200mg,Tablet,60,300,726.0,2.42,0.04,Hetero Unit III Hyderabad IN,False,42.0,2575.925,1.02
9113,85306,107-RW-T30,FPQ-9888,SO-42100,DN-2859,Rwanda,PMO - US,From RDC,N/A - From RDC,Air,2012-05-11,2012-04-19,2012-10-19,2012-10-18,2012-10-18,ARV,Adult,SCMS from RDC,"Lamivudine/Tenofovir Disoproxil Fumarate 300/300mg, tablets, 30 Tabs",Lamivudine/Tenofovir Disoproxil Fumarate,Generic,300/300mg,Tablet - FDC,30,11492,63665.68,5.54,0.18,"Cipla, Kurkumbh, India",False,668.5,5865.805,89.26
9114,85307,111-MZ-T30,FPQ-10210,SO-42841,DN-2863,Mozambique,PMO - US,From RDC,N/A - From RDC,Truck,2012-06-28,2012-04-30,2012-10-30,2012-10-10,2012-10-10,ARV,Adult,SCMS from RDC,"Lamivudine/Nevirapine/Zidovudine 150/200/300mg, tablets, 60 Tabs",Lamivudine/Nevirapine/Zidovudine,Generic,150/300/200mg,Tablet - FDC,60,17520,171871.2,9.81,0.16,Mylan (formerly Matrix) Nashik,True,9370.0,3855.94,240.96
9115,85308,111-MZ-T30,FPQ-10210,SO-42820,DN-2862,Mozambique,PMO - US,From RDC,N/A - From RDC,Truck,2012-06-28,2012-04-30,2012-10-31,2012-10-10,2012-10-10,ARV,Adult,SCMS from RDC,"Lamivudine 150mg, tablets, 60 Tabs",Lamivudine,Generic,150mg,Tablet,60,8586,19060.92,2.22,0.04,Hetero Unit III Hyderabad IN,False,544.0,5192.68,26.72
9116,85309,102-ZW-T30,FPQ-9927,SO-42282,DN-2867,Zimbabwe,PMO - US,From RDC,N/A - From RDC,Truck,2012-05-15,2012-04-05,2012-10-05,2012-10-05,2012-10-05,ARV,Adult,SCMS from RDC,"Nevirapine 200mg, tablets, 60 Tabs",Nevirapine,Generic,200mg,Tablet,60,69737,168763.54,2.42,0.04,Hetero Unit III Hyderabad IN,True,4028.0,8751.99,236.61
9117,85310,104-CI-T30,FPQ-9749,SO-42400,DN-2880,Côte d'Ivoire,PMO - US,From RDC,N/A - From RDC,Truck,2012-04-19,2012-04-30,2012-10-30,2012-10-24,2012-10-24,ARV,Adult,SCMS from RDC,"Efavirenz 600mg, tablets, 30 Tabs",Efavirenz,Generic,600mg,Tablet,30,56228,204669.92,3.64,0.12,"Aurobindo Unit III, India",True,6242.0,17129.96,286.95
9118,85311,104-CI-T30,FPQ-9749,SO-42400,DN-2880,Côte d'Ivoire,PMO - US,From RDC,N/A - From RDC,Truck,2012-04-19,2012-04-30,2012-10-30,2012-10-24,2012-10-24,ARV,Adult,SCMS from RDC,"Efavirenz 600mg, tablets, 30 Tabs",Efavirenz,Generic,600mg,Tablet,30,23705,86286.2,3.64,0.12,"Strides, Bangalore, India.",False,668.5,6757.815,120.97
9119,85312,110-ZM-T30,FPQ-9773,SO-41993,DN-2884,Zambia,PMO - US,From RDC,N/A - From RDC,Truck,2012-04-27,2012-04-30,2012-10-31,2012-10-19,2012-10-19,ARV,Adult,SCMS from RDC,"Nevirapine 200mg, tablets, 60 Tabs",Nevirapine,Generic,200mg,Tablet,60,50000,122000.0,2.44,0.04,Mylan (formerly Matrix) Nashik,True,7567.0,16697.66,171.04
9120,85313,151-NG-T30,FPQ-9968,SO-42681,DN-2900,Nigeria,PMO - US,From RDC,N/A - From RDC,Air,2012-05-23,2012-05-06,2012-11-06,2012-11-06,2012-11-06,ARV,Adult,SCMS from RDC,"Lamivudine/Zidovudine 150/300mg, tablets, 60 Tabs",Lamivudine/Zidovudine,Generic,150/300mg,Tablet - FDC,60,11597,89528.84,7.72,0.13,Mylan (formerly Matrix) Nashik,False,668.5,10144.765,125.52
9121,85314,151-NG-T30,FPQ-9968,SO-42685,DN-2904,Nigeria,PMO - US,From RDC,N/A - From RDC,Air,2012-05-23,2012-05-07,2012-11-07,2012-11-07,2012-11-07,ARV,Adult,SCMS from RDC,"Lopinavir/Ritonavir 200/50mg, tablets, 120 Tabs",Lopinavir/Ritonavir,Generic,200/50mg,Tablet,120,51861,1384688.7,26.7,0.22,"Aurobindo Unit III, India",True,14647.0,15459.09,1941.33
9122,85315,104-CI-T30,FPQ-9749,SO-43030,DN-2910,Côte d'Ivoire,PMO - US,From RDC,N/A - From RDC,Truck,2012-04-19,2012-05-30,2012-11-30,2012-11-05,2012-11-05,ARV,Pediatric,SCMS from RDC,"Lamivudine/Zidovudine 30/60mg, tablets, 60 Tabs",Lamivudine/Zidovudine,Generic,30/60mg,Tablet - FDC,60,15120,41731.2,2.76,0.05,Mylan (formerly Matrix) Nashik,True,959.0,4424.91,58.51
9123,85316,110-ZM-T30,FPQ-9552,SO-41841,DN-2929,Zambia,PMO - US,From RDC,N/A - From RDC,Truck,2012-03-29,2012-06-17,2012-12-17,2012-12-17,2012-12-17,ARV,Adult,SCMS from RDC,"Lamivudine 150mg, tablets, 60 Tabs",Lamivudine,Generic,150mg,Tablet,60,876,1892.16,2.16,0.04,Hetero Unit III Hyderabad IN,True,44.0,3951.02,2.65
9124,85317,151-NG-T30,FPQ-9968,SO-43433,DN-2944,Nigeria,PMO - US,From RDC,N/A - From RDC,Air,2012-05-23,2012-06-04,2012-12-04,2012-12-04,2012-12-04,ARV,Pediatric,SCMS from RDC,"Efavirenz 200mg, scored tablets, 90 Tabs",Efavirenz,Generic,200mg,Tablet,90,6654,48574.2,7.3,0.08,"Strides, Bangalore, India.",True,465.0,51090.0,68.1
9125,85318,102-ZW-T30,FPQ-9927,SO-43670,DN-2948,Zimbabwe,PMO - US,From RDC,N/A - From RDC,Truck,2012-05-15,2012-06-13,2012-12-13,2012-12-13,2012-12-13,ARV,Adult,SCMS from RDC,"Lamivudine/Zidovudine 150/300mg, tablets, 60 Tabs",Lamivudine/Zidovudine,Generic,150/300mg,Tablet - FDC,60,16971,131016.12,7.72,0.13,Hetero Unit III Hyderabad IN,True,1464.0,8000.72,183.68
9126,85319,114-UG-T30,FPQ-10780,SO-43500,DN-2953,Uganda,PMO - US,From RDC,N/A - From RDC,Air,2012-10-10,2012-08-02,2013-02-02,2013-02-02,2013-02-02,ARV,Adult,SCMS from RDC,"Lamivudine 150mg, tablets, 60 Tabs",Lamivudine,Generic,150mg,Tablet,60,2131,4602.96,2.16,0.04,Hetero Unit III Hyderabad IN,True,117.0,2005.48,6.45
9127,85320,109-TZ-T30,FPQ-10545,SO-43120,DN-2962,Tanzania,PMO - US,From RDC,N/A - From RDC,Truck,2012-08-24,2012-09-04,2013-03-04,2013-03-04,2013-03-04,ARV,Adult,SCMS from RDC,"Lopinavir/Ritonavir 200/50mg, tablets, 120 Tabs",Lopinavir/Ritonavir,Generic,200/50mg,Tablet,120,574,15325.8,26.7,0.22,"Aurobindo Unit III, India",True,4758.0,6031.15,21.49
9128,85321,111-MZ-T30,FPQ-10210,SO-42832,DN-2965,Mozambique,PMO - US,From RDC,N/A - From RDC,Truck,2012-06-28,2012-07-11,2013-01-11,2013-01-11,2013-01-11,ARV,Adult,SCMS from RDC,"Lamivudine/Nevirapine/Zidovudine 150/200/300mg, tablets, 60 Tabs",Lamivudine/Nevirapine/Zidovudine,Generic,150/300/200mg,Tablet - FDC,60,84875,816497.5,9.62,0.16,"Cipla, Goa, India",True,18031.0,7433.02,1144.73
9129,85323,101-CD-T30,FPQ-11054,SO-43680,DN-2981,"Congo, DRC",PMO - US,From RDC,N/A - From RDC,Air,2012-11-16,2013-03-11,2013-09-11,2013-09-11,2013-09-11,ARV,Adult,SCMS from RDC,"Abacavir 300mg, tablets, 60 Tabs",Abacavir,Generic,300mg,Tablet,60,155,2008.8,12.96,0.22,Mylan (formerly Matrix) Nashik,False,13.5,2346.5699999999997,2.48
9130,85324,101-CD-T30,FPQ-11054,SO-43680,DN-2981,"Congo, DRC",PMO - US,From RDC,N/A - From RDC,Air,2012-11-16,2013-03-11,2013-09-11,2013-09-11,2013-09-11,ARV,Pediatric,SCMS from RDC,"Nevirapine 10mg/ml, oral suspension w/syringe, Bottle, 240 ml",Nevirapine,Generic,10mg/ml,Oral suspension,240,7003,13655.85,1.95,0.01,"Aurobindo Unit III, India",False,668.5,2346.5699999999997,16.89
9131,85325,101-CD-T30,FPQ-11054,SO-43680,DN-2981,"Congo, DRC",PMO - US,From RDC,N/A - From RDC,Air,2012-11-16,2013-03-11,2013-09-11,2013-09-11,2013-09-11,ARV,Adult,SCMS from RDC,"Nevirapine 200mg, tablets, 60 Tabs",Nevirapine,Generic,200mg,Tablet,60,170,392.7,2.31,0.04,"Aurobindo Unit III, India",False,22.0,2346.5699999999997,0.49
9132,85326,113-ZW-T30,FPQ-10632,SO-43220,DN-2989,Zimbabwe,PMO - US,From RDC,N/A - From RDC,Truck,2012-09-11,2012-08-11,2013-02-11,2013-02-11,2013-02-11,ARV,Adult,SCMS from RDC,"Nevirapine 200mg, tablets, 60 Tabs",Nevirapine,Generic,200mg,Tablet,60,131487,318198.54,2.42,0.04,Hetero Unit III Hyderabad IN,False,668.5,6721.705,446.11
9133,85328,151-NG-T30,FPQ-10477,SO-43045,DN-2997,Nigeria,PMO - US,From RDC,N/A - From RDC,Air Charter,2012-08-09,2012-08-11,2013-02-11,2013-02-11,2013-02-11,ARV,Adult,SCMS from RDC,"Lamivudine/Zidovudine 150/300mg, tablets, 60 Tabs",Lamivudine/Zidovudine,Generic,150/300mg,Tablet - FDC,60,22790,165683.3,7.27,0.12,Hetero Unit III Hyderabad IN,True,22259.0,29780.5,232.29
9134,85330,111-MZ-T30,FPQ-11033,SO-43760,DN-3012,Mozambique,PMO - US,From RDC,N/A - From RDC,Truck,2012-11-12,2012-10-01,2013-04-01,2013-03-22,2013-03-22,ARV,Adult,SCMS from RDC,"Lamivudine 150mg, tablets, 60 Tabs",Lamivudine,Generic,150mg,Tablet,60,1458,2901.42,1.99,0.03,Hetero Unit III Hyderabad IN,False,79.0,5192.68,3.59
9135,85331,101-CD-T30,FPQ-11096,SO-43750,DN-3017,"Congo, DRC",PMO - US,From RDC,N/A - From RDC,Air,2012-11-20,2012-09-18,2013-03-18,2013-08-08,2013-08-08,ARV,Adult,SCMS from RDC,"Lamivudine/Zidovudine 150/300mg, tablets, 60 Tabs",Lamivudine/Zidovudine,Generic,150/300mg,Tablet - FDC,60,1296,9421.92,7.27,0.12,Mylan (formerly Matrix) Nashik,False,668.5,2346.5699999999997,11.65
9136,85332,114-UG-T30,FPQ-11143,SO-43940,DN-3034,Uganda,PMO - US,From RDC,N/A - From RDC,Air,2012-12-13,2012-09-29,2013-03-29,2013-03-01,2013-03-01,ARV,Adult,SCMS from RDC,"Efavirenz/Lamivudine/Tenofovir Disoproxil Fumarate 600/300/300mg, tablets, 30 Tabs",Efavirenz/Lamivudine/Tenofovir Disoproxil Fumarate,Generic,600/300/300mg,Tablet - FDC,30,14704,178065.44,12.11,0.4,Mylan (formerly Matrix) Nashik,False,668.5,2485.92,220.27
9137,85333,102-ZW-T30,FPQ-10674,SO-43250,DN-3036,Zimbabwe,PMO - US,From RDC,N/A - From RDC,Truck,2012-09-18,2012-09-29,2013-03-29,2013-03-23,2013-03-23,ARV,Adult,SCMS from RDC,"Abacavir/Lamivudine 600/300mg, scored tablets, 30 Tabs",Abacavir/Lamivudine,Generic,600/300mg,Tablet - FDC,30,810,11307.6,13.96,0.47,Mylan (formerly Matrix) Nashik,True,52.0,1600.0,15.85
9138,85334,106-HT-T30,FPQ-11526,SO-44450,DN-3043,Haiti,PMO - US,From RDC,N/A - From RDC,Air,2013-01-30,2012-10-30,2013-04-30,2013-03-15,2013-03-15,ARV,Pediatric,SCMS from RDC,"Lamivudine/Zidovudine 30/60mg, tablets, 60 Tabs",Lamivudine/Zidovudine,Generic,30/60mg,Tablet - FDC,60,3024,6834.24,2.26,0.04,"Aurobindo Unit III, India",False,238.5,2946.7200000000003,8.45
9139,85335,106-HT-T30,FPQ-11281,SO-44400,DN-3015,Haiti,PMO - US,From RDC,N/A - From RDC,Air,2013-01-16,2012-10-09,2013-04-09,2013-03-14,2013-03-14,ARV,Pediatric,SCMS from RDC,"Efavirenz 200mg, scored tablets, 90 Tabs",Efavirenz,Generic,200mg,Tablet,90,2000,14600.0,7.3,0.08,"Strides, Bangalore, India.",False,274.0,2946.7200000000003,18.06
9140,85336,106-HT-T30,FPQ-11281,SO-44400,DN-3015,Haiti,PMO - US,From RDC,N/A - From RDC,Air,2013-01-16,2012-10-09,2013-04-09,2013-03-14,2013-03-14,ARV,Pediatric,SCMS from RDC,"Stavudine 1mg/ml, powder for oral solution w/syringe, 200 ml",Stavudine,Generic,1mg/ml,Powder for oral solution,200,330,412.5,1.25,0.01,"Aurobindo Unit III, India",False,78.5,2946.7200000000003,0.51
9141,85337,106-HT-T30,FPQ-11281,SO-44400,DN-3015,Haiti,PMO - US,From RDC,N/A - From RDC,Air,2013-01-16,2012-10-09,2013-04-09,2013-03-14,2013-03-14,ARV,Adult,SCMS from RDC,"Lamivudine/Zidovudine 150/300mg, tablets, 60 Tabs",Lamivudine/Zidovudine,Generic,150/300mg,Tablet - FDC,60,53220,386909.4,7.27,0.12,Mylan (formerly Matrix) Nashik,False,668.5,2946.7200000000003,478.61
9142,85338,114-UG-T30,FPQ-11143,SO-43960,DN-3042,Uganda,PMO - US,From RDC,N/A - From RDC,Air,2012-12-13,2012-09-09,2013-03-09,2013-03-07,2013-03-07,ARV,Adult,SCMS from RDC,"Nevirapine 200mg, tablets, 60 Tabs",Nevirapine,Generic,200mg,Tablet,60,7875,17797.5,2.26,0.04,"Aurobindo Unit III, India",False,668.5,2485.92,22.02
9143,85340,113-ZW-T30,FPQ-10632,SO-43212,DN-3048,Zimbabwe,PMO - US,From RDC,N/A - From RDC,Truck,2012-09-11,2012-10-15,2013-04-15,2013-03-23,2013-03-23,ARV,Adult,SCMS from RDC,"Nevirapine 200mg, tablets, 60 Tabs",Nevirapine,Generic,200mg,Tablet,60,30000,67800.0,2.26,0.04,"Strides, Bangalore, India.",False,3136.0,6721.705,95.06
9144,85341,105-GY-T30,FPQ-11546,SO-44530,DN-3059,Guyana,PMO - US,From RDC,N/A - From RDC,Truck,2013-01-28,2012-10-18,2013-04-18,2013-03-15,2013-03-15,ARV,Adult,SCMS from RDC,"Lamivudine 150mg, tablets, 60 Tabs",Lamivudine,Generic,150mg,Tablet,60,529,1052.71,1.99,0.03,Hetero Unit III Hyderabad IN,False,668.5,3178.0,1.3
9145,85342,105-GY-T30,FPQ-11546,SO-44520,DN-3060,Guyana,PMO - US,From RDC,N/A - From RDC,Air,2013-01-28,2012-10-18,2013-04-18,2013-03-15,2013-03-15,ARV,Adult,SCMS from RDC,"Lamivudine/Zidovudine 150/300mg, tablets, 60 Tabs",Lamivudine/Zidovudine,Generic,150/300mg,Tablet - FDC,60,487,3540.49,7.27,0.12,"Aurobindo Unit III, India",False,66.0,1924.4650000000001,4.38
9146,85343,114-UG-T30,FPQ-11133,SO-43871,DN-3065,Uganda,PMO - US,From RDC,N/A - From RDC,Truck,2012-12-13,2012-12-28,2013-06-28,2013-03-20,2013-03-20,ARV,Pediatric,SCMS from RDC,"Lamivudine/Zidovudine 30/60mg, tablets, 60 Tabs",Lamivudine/Zidovudine,Generic,30/60mg,Tablet - FDC,60,2125,4802.5,2.26,0.04,Mylan (formerly Matrix) Nashik,False,777.5,5458.45,5.94
9147,85345,900-GY-T30,FPQ-11727,SO-44710,DN-3089,Guyana,PMO - US,From RDC,N/A - From RDC,Air,2013-03-01,2012-09-25,2013-03-25,2013-03-28,2013-03-28,ARV,Adult,SCMS from RDC,"Nevirapine 200mg, tablets, 60 Tabs",Nevirapine,Generic,200mg,Tablet,60,3485,7876.1,2.26,0.04,Hetero Unit III Hyderabad IN,True,214.0,3066.05,9.74
9148,85346,102-ZW-T30,FPQ-10674,SO-43230,DN-3092,Zimbabwe,PMO - US,From RDC,N/A - From RDC,Truck,2012-09-18,2012-09-30,2013-03-30,2013-04-08,2013-04-08,ARV,Adult,SCMS from RDC,"Lamivudine/Nevirapine/Zidovudine 150/200/300mg, tablets, 60 Tabs",Lamivudine/Nevirapine/Zidovudine,Generic,150/300/200mg,Tablet - FDC,60,73271,628665.18,8.58,0.14,Hetero Unit III Hyderabad IN,False,668.5,6721.705,881.39
9149,85347,104-CI-T30,FPQ-10633,SO-43330,DN-3075,Côte d'Ivoire,PMO - US,From RDC,N/A - From RDC,Truck,2012-09-11,2012-09-28,2013-03-28,2013-03-30,2013-03-30,ARV,Adult,SCMS from RDC,"Lamivudine/Nevirapine/Zidovudine 150/200/300mg, tablets, 60 Tabs",Lamivudine/Nevirapine/Zidovudine,Generic,150/300/200mg,Tablet - FDC,60,50000,429000.0,8.58,0.14,"Strides, Bangalore, India.",False,4502.0,6757.815,601.46
9150,85348,105-GY-T30,FPQ-11546,SO-44500,DN-3099,Guyana,PMO - US,From RDC,N/A - From RDC,Air,2013-01-28,2012-10-18,2013-04-18,2013-04-19,2013-04-19,ARV,Pediatric,SCMS from RDC,"Zidovudine 10mg/ml, oral solution w/syringe, Bottle, 240 ml",Zidovudine,Generic,10mg/ml,Oral solution,240,397,833.7,2.1,0.01,"Aurobindo Unit III, India",False,141.0,1924.4650000000001,1.03
9151,85349,109-TZ-T30,FPQ-11393,SO-44370,DN-3104,Tanzania,PMO - US,From RDC,N/A - From RDC,Truck,2012-12-30,2012-11-30,2013-05-31,2013-04-22,2013-04-22,ARV,Adult,SCMS from RDC,"Emtricitabine/Tenofovir Disoproxil Fumarate 200/300mg, tablets, 30 Tabs",Emtricitabine/Tenofovir Disoproxil Fumarate,Generic,200/300mg,Tablet - FDC,30,31512,191277.84,6.07,0.2,Mylan (formerly Matrix) Nashik,True,2635.0,3300.95,236.61
9152,85350,114-UG-T30,FPQ-11902,SO-44790,DN-3105,Uganda,PMO - US,From RDC,N/A - From RDC,Truck,2013-03-16,2012-10-16,2013-04-16,2013-04-25,2013-04-25,ARV,Pediatric,SCMS from RDC,"Nevirapine 10mg/ml, oral suspension w/syringe, Bottle, 240 ml",Nevirapine,Generic,10mg/ml,Oral suspension,240,36229,70646.55,1.95,0.01,"Aurobindo Unit III, India",True,13310.0,12203.29,87.39
9153,85351,109-TZ-T30,FPQ-10545,SO-43122,DN-3111,Tanzania,PMO - US,From RDC,N/A - From RDC,Truck,2012-08-24,2012-11-30,2013-05-31,2013-05-09,2013-05-09,ARV,Adult,SCMS from RDC,"Tenofovir Disoproxil Fumarate 300mg, tablets, 30 Tabs",Tenofovir Disoproxil Fumarate,Generic,300mg,Tablet,30,1980,7999.2,4.04,0.13,Mylan (formerly Matrix) Nashik,True,126.0,1382.0,11.21
9154,85352,102-DO-T30,FPQ-11791,SO-44740,DN-3117,Dominican Republic,PMO - US,From RDC,N/A - From RDC,Air,2013-03-04,2012-10-24,2013-04-24,2013-05-21,2013-05-21,ARV,Adult,SCMS from RDC,"Lamivudine/Tenofovir Disoproxil Fumarate 300/300mg, tablets, 30 Tabs",Lamivudine/Tenofovir Disoproxil Fumarate,Generic,300/300mg,Tablet - FDC,30,8250,38775.0,4.7,0.16,Hetero Unit III Hyderabad IN,False,821.0,3026.24,47.96
9155,85353,102-BI-T30,FPQ-11661,SO-44670,DN-3118,Burundi,PMO - US,From RDC,N/A - From RDC,Air,2013-02-20,2012-11-30,2013-05-31,2013-05-23,2013-05-23,ARV,Adult,SCMS from RDC,"Nevirapine 200mg, tablets, 60 Tabs",Nevirapine,Generic,200mg,Tablet,60,450,1017.0,2.26,0.04,Hetero Unit III Hyderabad IN,False,78.5,3544.4849999999997,1.26
9156,85354,114-UG-T30,FPQ-11133,SO-43890,DN-3122,Uganda,PMO - US,From RDC,N/A - From RDC,Truck,2012-12-13,2012-12-07,2013-06-07,2013-06-07,2013-06-07,ARV,Adult,SCMS from RDC,"Efavirenz 600mg, tablets, 30 Tabs",Efavirenz,Generic,600mg,Tablet,30,24912,82956.96,3.33,0.11,"Strides, Bangalore, India.",False,668.5,5458.45,102.62
9157,85355,114-UG-T30,FPQ-11133,SO-43890,DN-3122,Uganda,PMO - US,From RDC,N/A - From RDC,Truck,2012-12-13,2012-12-07,2013-06-07,2013-06-07,2013-06-07,ARV,Adult,SCMS from RDC,"Lamivudine/Nevirapine/Zidovudine 150/200/300mg, tablets, 60 Tabs",Lamivudine/Nevirapine/Zidovudine,Generic,150/300/200mg,Tablet - FDC,60,68736,589754.88,8.58,0.14,Hetero Unit III Hyderabad IN,False,668.5,5458.45,729.53
9158,85356,103-SS-T30,FPQ-11489,SO-44630,DN-3125,South Sudan,PMO - US,From RDC,N/A - From RDC,Air,2013-01-16,2012-10-30,2013-04-30,2013-04-24,2013-04-24,ARV,Adult,SCMS from RDC,"Efavirenz/Lamivudine/Tenofovir Disoproxil Fumarate 600/300/300mg, tablets, 30 Tabs",Efavirenz/Lamivudine/Tenofovir Disoproxil Fumarate,Generic,600/300/300mg,Tablet - FDC,30,1278,13444.56,10.52,0.35,Hetero Unit III Hyderabad IN,False,668.5,2575.925,16.63
9159,85357,114-UG-T30,FPQ-11133,SO-43880,DN-3127,Uganda,PMO - US,From RDC,N/A - From RDC,Truck,2012-12-13,2012-12-04,2013-06-04,2013-06-04,2013-06-04,ARV,Adult,SCMS from RDC,"Lamivudine/Tenofovir Disoproxil Fumarate 300/300mg, tablets, 30 Tabs",Lamivudine/Tenofovir Disoproxil Fumarate,Generic,300/300mg,Tablet - FDC,30,26940,126618.0,4.7,0.16,"Aurobindo Unit VII, IN",True,2517.0,11803.13,156.63
9160,85358,111-MZ-T30,FPQ-11033,SO-43820,DN-3133,Mozambique,PMO - US,From RDC,N/A - From RDC,Truck,2012-11-12,2013-01-21,2013-07-21,2013-07-26,2013-07-26,ARV,Pediatric,SCMS from RDC,"Zidovudine 10mg/ml, oral solution w/syringe, Bottle, 240 ml",Zidovudine,Generic,10mg/ml,Oral solution,240,13150,27615.0,2.1,0.01,"Aurobindo Unit III, India",False,668.5,5192.68,34.16
9161,85359,114-UG-T30,FPQ-11133,SO-43872,DN-3137,Uganda,PMO - US,From RDC,N/A - From RDC,Truck,2012-12-13,2012-12-28,2013-06-28,2013-05-15,2013-05-15,ARV,Pediatric,SCMS from RDC,"Lamivudine/Nevirapine/Zidovudine 30/50/60mg, dispersible tablets, 60 Tabs",Lamivudine/Nevirapine/Zidovudine,Generic,30/50/60mg,Chewable/dispersible tablet - FDC,60,5861,24323.15,4.15,0.07,Mylan (formerly Matrix) Nashik,True,345.0,3426.68,30.09
9162,85360,151-NG-T30,FPQ-10477,SO-43040,DN-3138,Nigeria,PMO - US,From RDC,N/A - From RDC,Air Charter,2012-08-09,2012-11-06,2013-05-06,2013-05-03,2013-05-03,ARV,Adult,SCMS from RDC,"Efavirenz/Emtricitabine/Tenofovir Disoproxil Fumarate 600/200/300mg, tablets, 30 Tabs",Efavirenz/Emtricitabine/Tenofovir Disoproxil Fumarate,Generic,600/200/300mg,Tablet - FDC,30,59615,772610.4,12.96,0.43,"Cipla, Goa, India",True,7722.0,14547.55,1083.2
9163,85361,151-NG-T30,FPQ-11022,SO-43845,DN-3140,Nigeria,PMO - US,From RDC,N/A - From RDC,Air Charter,2012-11-15,2012-11-21,2013-05-21,2013-05-02,2013-05-02,ARV,Pediatric,SCMS from RDC,"Lamivudine/Zidovudine 30/60mg, tablets, 60 Tabs",Lamivudine/Zidovudine,Generic,30/60mg,Tablet - FDC,60,9627,21757.02,2.26,0.04,"Aurobindo Unit III, India",True,486.0,14547.55,26.91
9164,85362,107-RW-T30,FPQ-11807,SO-44760,DN-3159,Rwanda,PMO - US,From RDC,N/A - From RDC,Air,2013-03-06,2012-12-28,2013-06-28,2013-05-24,2013-05-24,ARV,Pediatric,SCMS from RDC,"Zidovudine 10mg/ml, oral solution w/syringe, Bottle, 240 ml",Zidovudine,Generic,10mg/ml,Oral solution,240,3000,6300.0,2.1,0.01,"Aurobindo Unit III, India",True,1151.0,7086.88,7.79
9165,85363,151-NG-T30,FPQ-11022,SO-45190,DN-3170,Nigeria,PMO - US,From RDC,N/A - From RDC,Air Charter,2012-11-15,2012-11-21,2013-05-21,2013-05-10,2013-05-10,ARV,Adult,SCMS from RDC,"Lamivudine/Nevirapine/Zidovudine 150/200/300mg, tablets, 60 Tabs",Lamivudine/Nevirapine/Zidovudine,Generic,150/300/200mg,Tablet - FDC,60,31132,267112.56,8.58,0.14,Hetero Unit III Hyderabad IN,True,5041.0,20666.08,330.42
9166,85365,111-MZ-T30,FPQ-11884,SO-44861,DN-3181,Mozambique,PMO - US,From RDC,N/A - From RDC,Truck,2013-03-19,2013-03-30,2013-09-30,2013-08-08,2013-08-08,ARV,Adult,SCMS from RDC,"Abacavir 300mg, tablets, 60 Tabs",Abacavir,Generic,300mg,Tablet,60,10000,129600.0,12.96,0.22,Mylan (formerly Matrix) Nashik,True,1033.0,7951.22,160.32
9167,85367,110-ZM-T30,FPQ-10728,SO-43460,DN-3186,Zambia,PMO - US,From RDC,N/A - From RDC,Truck,2012-10-05,2012-12-28,2013-06-28,2013-06-07,2013-06-07,ARV,Adult,SCMS from RDC,"Lamivudine/Zidovudine 150/300mg, tablets, 60 Tabs",Lamivudine/Zidovudine,Generic,150/300mg,Tablet - FDC,60,92492,647444.0,7.0,0.12,Hetero Unit III Hyderabad IN,False,668.5,6476.695,907.72
9168,85368,111-MZ-T30,FPQ-11033,SO-43770,DN-3182,Mozambique,PMO - US,From RDC,N/A - From RDC,Truck,2012-11-12,2013-01-26,2013-07-26,2013-07-26,2013-07-26,ARV,Adult,SCMS from RDC,"Lamivudine/Nevirapine/Zidovudine 150/200/300mg, tablets, 60 Tabs",Lamivudine/Nevirapine/Zidovudine,Generic,150/300/200mg,Tablet - FDC,60,50000,429000.0,8.58,0.14,Hetero Unit III Hyderabad IN,False,4502.0,0.0,530.67
9169,85369,151-NG-T30,FPQ-11022,SO-43850,DN-3199,Nigeria,PMO - US,From RDC,N/A - From RDC,Air Charter,2012-11-15,2012-12-04,2013-06-04,2013-05-29,2013-05-29,ARV,Adult,SCMS from RDC,"Efavirenz 600mg, tablets, 30 Tabs",Efavirenz,Generic,600mg,Tablet,30,1428,4755.24,3.33,0.11,"Aurobindo Unit VII, IN",False,693.0,12601.07,5.88
9170,85370,151-NG-T30,FPQ-11022,SO-43850,DN-3199,Nigeria,PMO - US,From RDC,N/A - From RDC,Air Charter,2012-11-15,2012-12-04,2013-06-04,2013-05-29,2013-05-29,ARV,Adult,SCMS from RDC,"Efavirenz 600mg, tablets, 30 Tabs",Efavirenz,Generic,600mg,Tablet,30,60000,199800.0,3.33,0.11,"Hetero, Jadcherla, unit 5, IN",False,6875.0,12601.07,247.15
9171,85371,110-ZM-T30,FPQ-11032,SO-43831,DN-3204,Zambia,PMO - US,From RDC,N/A - From RDC,Truck,2012-11-28,2013-01-23,2013-07-23,2013-08-06,2013-08-06,ARV,Adult,SCMS from RDC,"Efavirenz/Emtricitabine/Tenofovir Disoproxil Fumarate 600/200/300mg, tablets, 30 Tabs",Efavirenz/Emtricitabine/Tenofovir Disoproxil Fumarate,Generic,600/200/300mg,Tablet - FDC,30,53787,697079.52,12.96,0.43,"Cipla, Goa, India",True,6342.0,42040.3,862.29
9172,85373,110-ZM-T30,FPQ-10728,SO-43461,DN-3210,Zambia,PMO - US,From RDC,N/A - From RDC,Truck,2012-10-05,2013-05-05,2013-11-05,2013-11-05,2013-11-12,ARV,Adult,SCMS from RDC,"Lamivudine/Zidovudine 150/300mg, tablets, 60 Tabs",Lamivudine/Zidovudine,Generic,150/300mg,Tablet - FDC,60,107832,754824.0,7.0,0.12,"Cipla, Goa, India",True,8744.0,12651.44,1058.26
9173,85376,113-ZW-T30,FPQ-11545,SO-44340,DN-3231,Zimbabwe,PMO - US,From RDC,N/A - From RDC,Truck,2013-01-24,2013-01-31,2013-07-31,2013-08-06,2013-08-06,ARV,Adult,SCMS from RDC,"Nevirapine 200mg, tablets, 60 Tabs",Nevirapine,Generic,200mg,Tablet,60,10227,23113.02,2.26,0.04,Hetero Unit III Hyderabad IN,False,668.5,6721.705,28.59
9174,85377,113-ZW-T30,FPQ-11545,SO-44340,DN-3231,Zimbabwe,PMO - US,From RDC,N/A - From RDC,Truck,2013-01-24,2013-01-31,2013-07-31,2013-08-06,2013-08-06,ARV,Adult,SCMS from RDC,"Nevirapine 200mg, tablets, 60 Tabs",Nevirapine,Generic,200mg,Tablet,60,98203,221938.78,2.26,0.04,"Cipla, Goa, India",False,668.5,6721.705,274.54
9175,85378,103-ZW-T30,FPQ-11478,SO-44290,DN-3232,Zimbabwe,PMO - US,From RDC,N/A - From RDC,Truck,2013-01-16,2013-01-30,2013-07-30,2013-08-06,2013-08-06,ARV,Pediatric,SCMS from RDC,"Lamivudine/Nevirapine/Zidovudine 30/50/60mg, dispersible tablets, 60 Tabs",Lamivudine/Nevirapine/Zidovudine,Generic,30/50/60mg,Chewable/dispersible tablet - FDC,60,49000,203350.0,4.15,0.07,Mylan (formerly Matrix) Nashik,True,3573.0,11133.66,251.54
9176,85381,109-TZ-T30,FPQ-12015,SO-44992,DN-3255,Tanzania,PMO - US,From RDC,N/A - From RDC,Truck,2013-04-02,2013-03-11,2013-09-11,2013-09-11,2013-09-11,ARV,Pediatric,SCMS from RDC,"Abacavir/Lamivudine 60/30mg, tablets, 60 Tabs",Abacavir/Lamivudine,Generic,60/30mg,Tablet - FDC,60,578,2312.0,4.0,0.07,Mylan (formerly Matrix) Nashik,True,24.0,1506.5,2.86
9177,85382,110-ZM-T30,FPQ-12066,SO-45061,DN-3258,Zambia,PMO - US,From RDC,N/A - From RDC,Truck,2013-04-19,2013-03-06,2013-09-06,2013-07-30,2013-07-30,ARV,Adult,SCMS from RDC,"Abacavir 300mg, tablets, 60 Tabs",Abacavir,Generic,300mg,Tablet,60,5410,70113.6,12.96,0.22,"Aurobindo Unit III, India",False,668.5,6476.695,86.73
9178,85383,900-SS-T30,FPQ-11637,SO-44701,DN-3259,South Sudan,PMO - US,From RDC,N/A - From RDC,Truck,2013-02-27,2013-02-26,2013-08-26,2013-08-26,2013-08-26,ARV,Adult,SCMS from RDC,"Lamivudine/Zidovudine 150/300mg, tablets, 60 Tabs",Lamivudine/Zidovudine,Generic,150/300mg,Tablet - FDC,60,240,1744.8,7.27,0.12,Hetero Unit III Hyderabad IN,False,25.0,1641.0,2.16
9179,85384,109-TZ-T30,FPQ-12536,SO-45970,DN-3266,Tanzania,PMO - US,From RDC,N/A - From RDC,Air,2013-06-24,2013-04-16,2013-10-16,2013-09-05,2013-09-05,ARV,Adult,SCMS from RDC,"Lamivudine/Nevirapine/Zidovudine 150/200/300mg, tablets, 60 Tabs",Lamivudine/Nevirapine/Zidovudine,Generic,150/300/200mg,Tablet - FDC,60,60000,495600.0,8.26,0.14,"Cipla, Goa, India",True,7857.0,40857.69,613.06
9180,85385,114-UG-T30,FPQ-12473,SO-45870,DN-3267,Uganda,PMO - US,From RDC,N/A - From RDC,Air,2013-06-11,2013-02-28,2013-08-29,2013-09-13,2013-09-13,ARV,Adult,SCMS from RDC,"Lamivudine/Nevirapine/Zidovudine 150/200/300mg, tablets, 60 Tabs",Lamivudine/Nevirapine/Zidovudine,Generic,150/300/200mg,Tablet - FDC,60,100000,858000.0,8.58,0.14,"Cipla, Goa, India",False,9389.5,2485.92,1061.35
9181,85386,101-CD-T30,FPQ-12033,SO-45020,DN-3268,"Congo, DRC",PMO - US,From RDC,N/A - From RDC,Air,2013-04-08,2013-02-27,2013-08-27,2014-02-08,2014-03-11,ARV,Adult,SCMS from RDC,"Abacavir 300mg, tablets, 60 Tabs",Abacavir,Generic,300mg,Tablet,60,379,4911.84,12.96,0.22,Mylan (formerly Matrix) Nashik,False,668.5,2346.5699999999997,6.08
9182,85387,101-CD-T30,FPQ-12033,SO-45020,DN-3268,"Congo, DRC",PMO - US,From RDC,N/A - From RDC,Air,2013-04-08,2013-02-27,2013-08-27,2014-02-08,2014-03-11,ARV,Adult,SCMS from RDC,"Lamivudine 150mg, tablets, 60 Tabs",Lamivudine,Generic,150mg,Tablet,60,373,742.27,1.99,0.03,Hetero Unit III Hyderabad IN,False,34.5,2346.5699999999997,0.92
9183,85388,102-BI-T30,FPQ-12065,SO-45180,DN-3234,Burundi,PMO - US,From RDC,N/A - From RDC,Air,2013-04-22,2013-01-09,2013-07-09,2013-08-23,2013-08-23,ARV,Pediatric,SCMS from RDC,"Lamivudine 10mg/ml, oral solution w/syringe, Bottle, 240 ml",Lamivudine,Generic,10mg/ml,Oral solution,240,927,1714.95,1.85,0.01,"Aurobindo Unit III, India",True,891.0,4674.58,2.12
9184,85389,102-BI-T30,FPQ-12065,SO-45180,DN-3234,Burundi,PMO - US,From RDC,N/A - From RDC,Air,2013-04-22,2013-01-09,2013-07-09,2013-08-23,2013-08-23,ARV,Pediatric,SCMS from RDC,"Zidovudine 10mg/ml, oral solution w/syringe, Bottle, 240 ml",Zidovudine,Generic,10mg/ml,Oral solution,240,1480,3108.0,2.1,0.01,"Aurobindo Unit III, India",False,278.5,3544.4849999999997,3.84
9185,85390,101-CD-T30,FPQ-12088,SO-45030,DN-3269,"Congo, DRC",PMO - US,From RDC,N/A - From RDC,Air,2013-04-12,2013-02-28,2013-08-28,2014-02-08,2014-03-11,ARV,Pediatric,SCMS from RDC,"Lamivudine/Zidovudine 30/60mg, tablets, 60 Tabs",Lamivudine/Zidovudine,Generic,30/60mg,Tablet - FDC,60,1413,3193.38,2.26,0.04,"Aurobindo Unit III, India",False,668.5,2346.5699999999997,3.95
9186,85391,101-CD-T30,FPQ-12088,SO-45030,DN-3269,"Congo, DRC",PMO - US,From RDC,N/A - From RDC,Air,2013-04-12,2013-02-28,2013-08-28,2014-02-08,2014-03-11,ARV,Pediatric,SCMS from RDC,"Lamivudine/Nevirapine/Zidovudine 30/50/60mg, dispersible tablets, 60 Tabs",Lamivudine/Nevirapine/Zidovudine,Generic,30/50/60mg,Chewable/dispersible tablet - FDC,60,5076,21065.4,4.15,0.07,Mylan (formerly Matrix) Nashik,False,668.5,2346.5699999999997,26.06
9187,85392,101-CD-T30,FPQ-12088,SO-45030,DN-3269,"Congo, DRC",PMO - US,From RDC,N/A - From RDC,Air,2013-04-12,2013-02-28,2013-08-28,2014-02-08,2014-03-11,ARV,Pediatric,SCMS from RDC,"Abacavir/Lamivudine 60/30mg, tablets, 60 Tabs",Abacavir/Lamivudine,Generic,60/30mg,Tablet - FDC,60,40,160.0,4.0,0.07,Mylan (formerly Matrix) Nashik,False,56.5,2346.5699999999997,0.2
9188,85393,114-UG-T30,FPQ-12253,SO-45480,DN-3270,Uganda,PMO - US,From RDC,N/A - From RDC,Air,2013-05-08,2013-03-05,2013-09-05,2013-09-05,2013-09-05,ARV,Adult,SCMS from RDC,"Lamivudine/Nevirapine/Zidovudine 150/200/300mg, tablets, 60 Tabs",Lamivudine/Nevirapine/Zidovudine,Generic,150/300/200mg,Tablet - FDC,60,50000,413000.0,8.26,0.14,Mylan (formerly Matrix) Nashik,True,6481.0,36226.26,510.88
9189,85394,114-UG-T30,FPQ-12253,SO-45460,DN-3271,Uganda,PMO - US,From RDC,N/A - From RDC,Air,2013-05-08,2013-03-02,2013-09-02,2013-09-02,2013-09-02,ARV,Adult,SCMS from RDC,"Lamivudine/Nevirapine/Zidovudine 150/200/300mg, tablets, 60 Tabs",Lamivudine/Nevirapine/Zidovudine,Generic,150/300/200mg,Tablet - FDC,60,59680,512054.4,8.58,0.14,Hetero Unit III Hyderabad IN,True,9886.0,58707.0,633.41
9190,85396,111-MZ-T30,FPQ-11033,SO-43780,DN-3281,Mozambique,PMO - US,From RDC,N/A - From RDC,Truck,2012-11-12,2013-03-27,2013-09-27,2013-09-27,2013-09-27,ARV,Adult,SCMS from RDC,"Lamivudine/Nevirapine/Stavudine 150/200/30mg, tablets, 60 Tabs",Lamivudine/Nevirapine/Stavudine,Generic,150/200/30mg,Tablet - FDC,60,13100,61570.0,4.7,0.08,"Strides, Bangalore, India.",False,5663.5,5192.68,76.16
9191,85397,102-BI-T30,FPQ-12065,SO-45150,DN-3284,Burundi,PMO - US,From RDC,N/A - From RDC,Air,2013-04-22,2013-02-28,2013-08-30,2013-08-27,2013-08-27,ARV,Adult,SCMS from RDC,"Emtricitabine/Tenofovir Disoproxil Fumarate 200/300mg, tablets, 30 Tabs",Emtricitabine/Tenofovir Disoproxil Fumarate,Generic,200/300mg,Tablet - FDC,30,2562,15551.34,6.07,0.2,"Aurobindo Unit III, India",True,240.0,1634.38,19.24
9192,85398,109-TZ-T30,FPQ-11393,SO-44380,DN-3309,Tanzania,PMO - US,From RDC,N/A - From RDC,Truck,2012-12-30,2013-04-15,2013-10-15,2013-09-05,2013-09-05,ARV,Pediatric,SCMS from RDC,"Nevirapine 10mg/ml, oral suspension w/syringe, Bottle, 240 ml",Nevirapine,Generic,10mg/ml,Oral suspension,240,14146,27584.7,1.95,0.01,"Aurobindo Unit III, India",True,5475.0,17114.5,34.12
9193,85399,151-NG-T30,FPQ-11864,SO-44931,DN-3324,Nigeria,PMO - US,From RDC,N/A - From RDC,Air Charter,2013-03-14,2013-03-18,2013-09-18,2013-09-12,2013-09-12,ARV,Adult,SCMS from RDC,"Lamivudine/Nevirapine/Zidovudine 150/200/300mg, tablets, 60 Tabs",Lamivudine/Nevirapine/Zidovudine,Generic,150/300/200mg,Tablet - FDC,60,80000,686400.0,8.58,0.14,"Strides, Bangalore, India.",False,7629.0,12601.07,849.08
9194,85400,110-ZM-T30,FPQ-12066,SO-45060,DN-3327,Zambia,PMO - US,From RDC,N/A - From RDC,Truck,2013-04-19,2013-03-30,2013-09-30,2013-09-17,2013-09-17,ARV,Adult,SCMS from RDC,"Abacavir 300mg, tablets, 60 Tabs",Abacavir,Generic,300mg,Tablet,60,62000,710520.0,11.46,0.19,Mylan (formerly Matrix) Nashik,True,6795.0,14316.94,878.91
9195,85401,104-CI-T30,FPQ-11253,SO-44201,DN-3329,Côte d'Ivoire,PMO - US,From RDC,N/A - From RDC,Truck,2012-12-14,2013-03-30,2013-09-30,2013-09-20,2013-09-20,ARV,Adult,SCMS from RDC,"Lamivudine/Zidovudine 150/300mg, tablets, 60 Tabs",Lamivudine/Zidovudine,Generic,150/300mg,Tablet - FDC,60,19920,144818.4,7.27,0.12,"Cipla, Goa, India",False,1936.0,6757.815,179.14
9196,85402,105-GY-T30,FPQ-12047,SO-45050,DN-3331,Guyana,PMO - US,From RDC,N/A - From RDC,Air,2013-04-15,2013-03-30,2013-09-30,2013-10-04,2013-10-22,ARV,Pediatric,SCMS from RDC,"Zidovudine 10mg/ml, oral solution w/syringe, Bottle, 240 ml",Zidovudine,Generic,10mg/ml,Oral solution,240,160,336.0,2.1,0.01,"Aurobindo Unit III, India",False,186.0,1924.4650000000001,0.42
9197,85407,103-DO-T30,FPQ-11920,SO-46150,DN-3355,Dominican Republic,PMO - US,From RDC,N/A - From RDC,Air,2013-03-18,2013-04-29,2013-10-29,2013-10-10,2013-10-29,ARV,Adult,SCMS from RDC,"Efavirenz 600mg, tablets, 30 Tabs",Efavirenz,Generic,600mg,Tablet,30,41083,136806.39,3.33,0.11,"Aurobindo Unit III, India",False,668.5,3026.24,169.23
9198,85408,100-ZM-T30,FPQ-12497,SO-45930,DN-3357,Zambia,PMO - US,From RDC,N/A - From RDC,Truck,2013-06-20,2013-05-24,2013-11-24,2013-11-29,2013-12-12,ARV,Adult,SCMS from RDC,"Nevirapine 200mg, tablets, 60 Tabs",Nevirapine,Generic,200mg,Tablet,60,35496,80220.96,2.26,0.04,"Cipla, Goa, India",False,668.5,0.0,99.23
9199,85409,110-ZM-T30,FPQ-12066,SO-45092,DN-3362,Zambia,PMO - US,From RDC,N/A - From RDC,Truck,2013-04-19,2013-05-29,2013-11-29,2013-11-29,2013-12-12,ARV,Adult,SCMS from RDC,"Nevirapine 200mg, tablets, 60 Tabs",Nevirapine,Generic,200mg,Tablet,60,80000,180800.0,2.26,0.04,"Micro labs, Verna, Goa, India",True,6502.0,13300.01,223.65
9200,85410,151-NG-T30,FPQ-11864,SO-44933,DN-3369,Nigeria,PMO - US,From RDC,N/A - From RDC,Air Charter,2013-03-14,2013-04-30,2013-10-31,2013-10-14,2013-10-24,ARV,Adult,SCMS from RDC,"Lamivudine/Nevirapine/Zidovudine 150/200/300mg, tablets, 60 Tabs",Lamivudine/Nevirapine/Zidovudine,Generic,150/300/200mg,Tablet - FDC,60,123700,1061346.0,8.58,0.14,"Cipla, Goa, India",True,18882.0,20225.07,1312.89
9201,85412,104-CI-T30,FPQ-11253,SO-44210,DN-3371,Côte d'Ivoire,PMO - US,From RDC,N/A - From RDC,Truck,2012-12-14,2013-04-30,2013-10-31,2013-10-22,2013-11-19,ARV,Pediatric,SCMS from RDC,"Zidovudine 10mg/ml, oral solution w/syringe, Bottle, 240 ml",Zidovudine,Generic,10mg/ml,Oral solution,240,2000,4200.0,2.1,0.01,"Aurobindo Unit III, India",False,274.0,6757.815,5.2
9202,85413,110-ZM-T30,FPQ-12066,SO-45072,DN-3380,Zambia,PMO - US,From RDC,N/A - From RDC,Truck,2013-04-19,2013-04-30,2013-10-31,2014-01-24,2014-03-17,ARV,Pediatric,SCMS from RDC,"Lamivudine/Nevirapine/Zidovudine 30/50/60mg, dispersible tablets, 60 Tabs",Lamivudine/Nevirapine/Zidovudine,Generic,30/50/60mg,Chewable/dispersible tablet - FDC,60,20000,77800.0,3.89,0.06,Mylan (formerly Matrix) Nashik,True,117.0,5900.0,96.24
9203,85414,102-BI-T30,FPQ-12602,SO-46050,DN-3383,Burundi,PMO - US,From RDC,N/A - From RDC,Air,2013-07-09,2013-06-29,2013-12-29,2013-11-20,2013-11-27,ARV,Adult,SCMS from RDC,"Efavirenz/Lamivudine/Tenofovir Disoproxil Fumarate 600/300/300mg, tablets, 30 Tabs",Efavirenz/Lamivudine/Tenofovir Disoproxil Fumarate,Generic,600/300/300mg,Tablet - FDC,30,6120,68238.0,11.15,0.37,Hetero Unit III Hyderabad IN,True,820.0,4581.26,84.41
9204,85415,114-UG-T30,FPQ-12253,SO-45570,DN-3385,Uganda,PMO - US,From RDC,N/A - From RDC,Truck,2013-05-08,2013-05-29,2013-11-29,2013-11-13,2013-11-27,ARV,Adult,SCMS from RDC,"Abacavir 300mg, tablets, 60 Tabs",Abacavir,Generic,300mg,Tablet,60,990,11345.4,11.46,0.19,"Aurobindo Unit III, India",True,597.0,2279.5,14.03
9205,85419,109-TZ-T30,FPQ-13042,SO-46680,DN-3401,Tanzania,PMO - US,From RDC,N/A - From RDC,Truck,2013-10-01,2013-06-26,2013-12-26,2013-12-16,2014-01-17,ARV,Adult,SCMS from RDC,"Nevirapine 200mg, tablets, 60 Tabs",Nevirapine,Generic,200mg,Tablet,60,72518,163890.68,2.26,0.04,"Strides, Bangalore, India.",False,668.5,3623.2,202.73
9206,85420,109-TZ-T30,FPQ-12587,SO-45993,DN-3407,Tanzania,PMO - US,From RDC,N/A - From RDC,Truck,2013-07-04,2013-06-30,2013-12-31,2014-01-09,2014-01-31,ARV,Pediatric,SCMS from RDC,"Lamivudine/Nevirapine/Zidovudine 30/50/60mg, dispersible tablets, 60 Tabs",Lamivudine/Nevirapine/Zidovudine,Generic,30/50/60mg,Chewable/dispersible tablet - FDC,60,50000,194500.0,3.89,0.06,Mylan (formerly Matrix) Nashik,True,2791.0,10167.54,240.6
9207,85421,104-CI-T30,FPQ-12712,SO-46320,DN-3419,Côte d'Ivoire,PMO - US,From RDC,N/A - From RDC,Truck,2013-07-30,2013-05-18,2013-11-18,2013-12-02,2013-12-20,ARV,Adult,SCMS from RDC,"Lamivudine 150mg, tablets, 60 Tabs",Lamivudine,Generic,150mg,Tablet,60,4800,10704.0,2.23,0.04,"Strides, Bangalore, India.",True,216.0,4017.7,13.24
9208,85422,105-GY-T30,FPQ-12619,SO-46070,DN-3408,Guyana,PMO - US,From RDC,N/A - From RDC,Air,2013-07-16,2013-06-30,2013-12-31,2013-11-30,2013-12-23,ARV,Pediatric,SCMS from RDC,"Lamivudine 10mg/ml, oral solution w/syringe, Bottle, 240 ml",Lamivudine,Generic,10mg/ml,Oral solution,240,81,117.45,1.45,0.01,"Aurobindo Unit III, India",True,32.0,728.3,0.15
9209,85423,111-MZ-T30,FPQ-12416,SO-45894,DN-3439,Mozambique,PMO - US,From RDC,N/A - From RDC,Truck,2013-06-28,2013-07-31,2014-01-31,2014-01-30,2014-02-17,ARV,Adult,SCMS from RDC,"Zidovudine 300mg, tablets, 60 Tabs",Zidovudine,Generic,300mg,Tablet,60,33650,187767.0,5.58,0.09,"Aurobindo Unit III, India",True,6904.0,5816.46,232.27
9210,85426,104-CI-T30,FPQ-13217,SO-47170,DN-3456,Côte d'Ivoire,PMO - US,From RDC,N/A - From RDC,Truck,2013-10-25,2013-07-07,2014-01-07,2013-12-14,2014-01-20,ARV,Pediatric,SCMS from RDC,"Didanosine 200mg, [DON] delayed-release capsules, 30 Caps",Didanosine,Generic,200mg,Delayed-release capsules,30,1200,0.0,0.0,0.0,"Aurobindo Unit III, India",True,80.0,1532.73,0.0
9211,85427,109-TZ-T30,FPQ-12354,SO-45741,DN-3454,Tanzania,PMO - US,From RDC,N/A - From RDC,Truck,2013-05-16,2013-07-31,2014-01-31,2014-01-20,2014-01-29,ARV,Adult,SCMS from RDC,"Efavirenz/Lamivudine/Tenofovir Disoproxil Fumarate 600/300/300mg, tablets, 30 Tabs",Efavirenz/Lamivudine/Tenofovir Disoproxil Fumarate,Generic,600/300/300mg,Tablet - FDC,30,5531,61670.65,11.15,0.37,Hetero Unit III Hyderabad IN,False,668.5,3623.2,76.29
9212,85428,103-ZW-T30,FPQ-12086,SO-45130,DN-3457,Zimbabwe,PMO - US,From RDC,N/A - From RDC,Truck,2013-04-19,2013-07-31,2014-01-31,2014-01-13,2014-01-23,ARV,Pediatric,SCMS from RDC,"Lamivudine/Nevirapine/Zidovudine 30/50/60mg, dispersible tablets, 60 Tabs",Lamivudine/Nevirapine/Zidovudine,Generic,30/50/60mg,Chewable/dispersible tablet - FDC,60,88500,344265.0,3.89,0.06,"Cipla, Goa, India",False,668.5,6721.705,425.86
9213,85429,104-CI-T30,FPQ-12800,SO-46342,DN-3471,Côte d'Ivoire,PMO - US,From RDC,N/A - From RDC,Air,2013-08-09,2013-07-17,2014-01-17,2014-01-17,2014-01-23,ARV,Adult,SCMS from RDC,"Lamivudine/Tenofovir Disoproxil Fumarate 300/300mg, tablets, 30 Tabs",Lamivudine/Tenofovir Disoproxil Fumarate,Generic,300/300mg,Tablet - FDC,30,9744,45796.8,4.7,0.16,"Cipla, Kurkumbh, India",True,989.0,12924.8,56.65
9214,85430,102-BI-T30,FPQ-12602,SO-46020,DN-3381,Burundi,PMO - US,From RDC,N/A - From RDC,Air,2013-07-09,2013-05-15,2013-11-15,2013-11-22,2014-01-21,ARV,Adult,SCMS from RDC,"Nevirapine 200mg, tablets, 60 Tabs",Nevirapine,Generic,200mg,Tablet,60,687,1552.62,2.26,0.04,"Strides, Bangalore, India.",False,668.5,3544.4849999999997,1.92
9215,85431,111-MZ-T30,FPQ-12416,SO-45896,DN-3483,Mozambique,PMO - US,From RDC,N/A - From RDC,Truck,2013-06-28,2013-07-31,2014-01-31,2014-02-10,2014-03-17,ARV,Adult,SCMS from RDC,"Lamivudine/Zidovudine 150/300mg, tablets, 60 Tabs",Lamivudine/Zidovudine,Generic,150/300mg,Tablet - FDC,60,34552,232534.96,6.73,0.11,"Cipla, Goa, India",False,668.5,5192.68,287.65
9216,85432,103-SS-T30,FPQ-13173,SO-47110,DN-3493,South Sudan,PMO - US,From RDC,N/A - From RDC,Air,2013-10-28,2013-07-22,2014-01-22,2014-02-11,2014-02-13,ARV,Pediatric,SCMS from RDC,"Efavirenz 200mg, scored tablets, 90 Tabs",Efavirenz,Generic,200mg,Tablet,90,66,613.8,9.3,0.1,"Strides, Bangalore, India.",False,668.5,2575.925,0.63
9217,85433,151-NG-T30,FPQ-12248,SO-45663,DN-3494,Nigeria,PMO - US,From RDC,N/A - From RDC,Air Charter,2013-05-06,2013-07-17,2014-01-17,2014-01-10,2014-01-15,ARV,Adult,SCMS from RDC,"Efavirenz/Lamivudine/Tenofovir Disoproxil Fumarate 600/300/300mg, tablets, 30 Tabs",Efavirenz/Lamivudine/Tenofovir Disoproxil Fumarate,Generic,600/300/300mg,Tablet - FDC,30,249986,2787343.9,11.15,0.37,Mylan (formerly Matrix) Nashik,False,668.5,12601.07,3447.94
9218,85436,104-CI-T30,FPQ-12144,SO-45611,DN-3512,Côte d'Ivoire,PMO - US,From RDC,N/A - From RDC,Truck,2013-04-22,2013-08-15,2014-02-15,2014-02-18,2014-03-04,ARV,Adult,SCMS from RDC,"Efavirenz/Lamivudine/Tenofovir Disoproxil Fumarate 600/300/300mg, tablets, 30 Tabs",Efavirenz/Lamivudine/Tenofovir Disoproxil Fumarate,Generic,600/300/300mg,Tablet - FDC,30,50510,549043.7,10.87,0.36,Hetero Unit III Hyderabad IN,True,6766.0,18278.07,679.17
9219,85437,111-MZ-T30,FPQ-12421,SO-45901,DN-3526,Mozambique,PMO - US,From RDC,N/A - From RDC,Truck,2013-06-28,2013-09-10,2014-03-10,2014-02-20,2014-03-19,ARV,Adult,SCMS from RDC,"Efavirenz/Lamivudine/Tenofovir Disoproxil Fumarate 600/300/300mg, tablets, 30 Tabs",Efavirenz/Lamivudine/Tenofovir Disoproxil Fumarate,Generic,600/300/300mg,Tablet - FDC,30,103129,1121012.23,10.87,0.36,"Aurobindo Unit VII, IN",False,668.5,5192.68,1386.69
9220,85438,114-UG-T30,FPQ-13108,SO-46881,DN-3527,Uganda,PMO - US,From RDC,N/A - From RDC,Air,2013-10-16,2013-08-28,2014-02-28,2014-02-21,2014-04-04,ARV,Adult,SCMS from RDC,"Nevirapine 200mg, tablets, 60 Tabs",Nevirapine,Generic,200mg,Tablet,60,23819,53830.94,2.26,0.04,"Strides, Bangalore, India.",True,1447.0,8854.24,55.34
9221,85440,111-MZ-T30,FPQ-13123,SO-47081,DN-3558,Mozambique,PMO - US,From RDC,N/A - From RDC,Truck,2013-10-21,2013-10-15,2014-04-15,2014-03-28,2014-04-04,ARV,Adult,SCMS from RDC,"Lamivudine/Tenofovir Disoproxil Fumarate 300/300mg, tablets, 30 Tabs",Lamivudine/Tenofovir Disoproxil Fumarate,Generic,300/300mg,Tablet - FDC,30,1638,7698.6,4.7,0.16,"Cipla, Kurkumbh, India",False,668.5,5192.68,7.91
9222,85444,104-CI-T30,FPQ-10633,SO-43341,DN-3569,Côte d'Ivoire,PMO - US,From RDC,N/A - From RDC,Truck,2012-09-11,2013-09-30,2014-03-31,2014-03-26,2014-04-28,ARV,Adult,SCMS from RDC,"Efavirenz 600mg, tablets, 30 Tabs",Efavirenz,Generic,600mg,Tablet,30,72300,240759.0,3.33,0.11,"Strides, Bangalore, India.",True,4392.0,18607.76,337.54
9223,85445,103-ZW-T30,FPQ-12086,SO-45140,DN-3571,Zimbabwe,PMO - US,From RDC,N/A - From RDC,Truck,2013-04-19,2013-09-30,2014-03-31,2014-03-24,2014-04-04,ARV,Pediatric,SCMS from RDC,"Lamivudine/Nevirapine/Zidovudine 30/50/60mg, dispersible tablets, 60 Tabs",Lamivudine/Nevirapine/Zidovudine,Generic,30/50/60mg,Chewable/dispersible tablet - FDC,60,290000,1087500.0,3.75,0.06,Mylan (formerly Matrix) Nashik,True,16192.0,18090.64,1345.24
9224,85446,105-GH-T30,FPQ-13609,SO-47940,DN-3576,Ghana,PMO - US,From RDC,N/A - From RDC,Truck,2014-02-19,2013-09-20,2014-03-20,2014-03-14,2014-04-25,ARV,Adult,SCMS from RDC,"Efavirenz 600mg, tablets, 30 Tabs",Efavirenz,Generic,600mg,Tablet,30,24996,83236.68,3.33,0.11,"Strides, Bangalore, India.",False,668.5,3975.7,85.57
9225,85447,105-GH-T30,FPQ-13609,SO-47940,DN-3576,Ghana,PMO - US,From RDC,N/A - From RDC,Truck,2014-02-19,2013-09-20,2014-03-20,2014-03-14,2014-04-25,ARV,Adult,SCMS from RDC,"Efavirenz/Lamivudine/Tenofovir Disoproxil Fumarate 600/300/300mg, tablets, 30 Tabs",Efavirenz/Lamivudine/Tenofovir Disoproxil Fumarate,Generic,600/300/300mg,Tablet - FDC,30,47158,512607.46,10.87,0.36,Mylan (formerly Matrix) Nashik,False,668.5,3975.7,526.96
9226,85448,107-RW-T30,FPQ-12766,SO-46480,DN-3579,Rwanda,PMO - US,From RDC,N/A - From RDC,Truck,2013-08-02,2013-09-28,2014-03-28,2014-04-02,2014-04-14,ARV,Adult,SCMS from RDC,"Lamivudine/Tenofovir Disoproxil Fumarate 300/300mg, tablets, 30 Tabs",Lamivudine/Tenofovir Disoproxil Fumarate,Generic,300/300mg,Tablet - FDC,30,36406,171108.2,4.7,0.16,Hetero Unit III Hyderabad IN,False,668.5,7173.3,211.66
9227,85449,111-MZ-T30,FPQ-13123,SO-47083,DN-3580,Mozambique,PMO - US,From RDC,N/A - From RDC,Truck,2013-10-21,2013-10-15,2014-04-15,2014-04-14,2014-04-17,ARV,Adult,SCMS from RDC,"Lamivudine/Nevirapine/Zidovudine 150/200/300mg, tablets, 60 Tabs",Lamivudine/Nevirapine/Zidovudine,Generic,150/300/200mg,Tablet - FDC,60,95,784.7,8.26,0.14,Mylan (formerly Matrix) Nashik,False,14.0,5192.68,0.81
9228,85451,105-GH-T30,FPQ-13609,SO-47930,DN-3590,Ghana,PMO - US,From RDC,N/A - From RDC,Air,2014-02-19,2013-10-07,2014-04-07,2014-04-07,2014-04-17,ARV,Adult,SCMS from RDC,"Lamivudine/Tenofovir Disoproxil Fumarate 300/300mg, tablets, 30 Tabs",Lamivudine/Tenofovir Disoproxil Fumarate,Generic,300/300mg,Tablet - FDC,30,34224,160852.8,4.7,0.16,Hetero Unit III Hyderabad IN,False,668.5,10790.63,165.36
9229,85452,104-CI-T30,FPQ-12144,SO-45630,DN-3598,Côte d'Ivoire,PMO - US,From RDC,N/A - From RDC,Truck,2013-04-22,2013-10-10,2014-04-10,2014-04-10,2014-05-06,ARV,Adult,SCMS from RDC,"Lamivudine/Tenofovir Disoproxil Fumarate 300/300mg, tablets, 30 Tabs",Lamivudine/Tenofovir Disoproxil Fumarate,Generic,300/300mg,Tablet - FDC,30,6377,29971.9,4.7,0.16,Hetero Unit III Hyderabad IN,True,833.0,4730.18,37.08
9230,85453,104-CI-T30,FPQ-12800,SO-46380,DN-3601,Côte d'Ivoire,PMO - US,From RDC,N/A - From RDC,Air,2013-08-09,2013-09-30,2014-03-31,2014-04-14,2014-05-22,ARV,Adult,SCMS from RDC,"Lamivudine 150mg, tablets, 60 Tabs",Lamivudine,Generic,150mg,Tablet,60,1481,3184.15,2.15,0.04,"Aurobindo Unit III, India",True,141.0,1400.0,3.94
9231,85454,111-MZ-T30,FPQ-13575,SO-47701,DN-3623,Mozambique,PMO - US,From RDC,N/A - From RDC,Truck,2014-01-17,2014-02-28,2014-08-31,2014-06-03,2014-06-11,ARV,Adult,SCMS from RDC,"Lamivudine/Tenofovir Disoproxil Fumarate 300/300mg, tablets, 30 Tabs",Lamivudine/Tenofovir Disoproxil Fumarate,Generic,300/300mg,Tablet - FDC,30,3456,16243.2,4.7,0.16,Hetero Unit III Hyderabad IN,True,358.0,3590.0,16.7
9232,85455,110-ZM-T30,FPQ-13221,SO-47202,DN-3625,Zambia,PMO - US,From RDC,N/A - From RDC,Truck,2013-10-31,2013-11-06,2014-05-06,2014-06-04,2014-06-12,ARV,Adult,SCMS from RDC,"Lopinavir/Ritonavir 200/50mg, tablets, 120 Tabs",Lopinavir/Ritonavir,Generic,200/50mg,Tablet,120,3599,73707.52,20.48,0.17,Mylan (formerly Matrix) Nashik,False,668.5,6476.695,75.77
9233,85456,105-GY-T30,FPQ-13567,SO-47730,DN-3626,Guyana,PMO - US,From RDC,N/A - From RDC,Air,2014-01-16,2013-12-30,2014-06-30,2014-04-14,2014-06-06,ARV,Pediatric,SCMS from RDC,"Lamivudine 10mg/ml, oral solution w/syringe, Bottle, 240 ml",Lamivudine,Generic,10mg/ml,Oral solution,240,144,205.92,1.43,0.01,"Aurobindo Unit III, India",False,47.0,1924.4650000000001,0.21
9234,85457,109-TZ-T30,FPQ-13566,SO-47653,DN-3629,Tanzania,PMO - US,From RDC,N/A - From RDC,Truck,2014-01-15,2013-12-30,2014-06-30,2014-08-15,2014-09-08,ARV,Adult,SCMS from RDC,"Efavirenz/Emtricitabine/Tenofovir Disoproxil Fumarate 600/200/300mg, tablets, 30 Tabs",Efavirenz/Emtricitabine/Tenofovir Disoproxil Fumarate,Generic,600/200/300mg,Tablet - FDC,30,76134,905233.26,11.89,0.4,"Hetero, Jadcherla, unit 5, IN",True,9400.0,43758.8,930.58
9235,85458,104-CI-T30,FPQ-12144,SO-45641,DN-3631,Côte d'Ivoire,PMO - US,From RDC,N/A - From RDC,Truck,2013-04-22,2013-11-30,2014-05-30,2014-04-23,2014-06-11,ARV,Adult,SCMS from RDC,"Lopinavir/Ritonavir 200/50mg, tablets, 120 Tabs",Lopinavir/Ritonavir,Generic,200/50mg,Tablet,120,964,19318.56,20.04,0.17,Mylan (formerly Matrix) Nashik,True,6705.0,27664.61,23.9
9236,85459,104-CI-T30,FPQ-13142,SO-47131,DN-3632,Côte d'Ivoire,PMO - US,From RDC,N/A - From RDC,Truck,2013-10-22,2013-10-30,2014-04-30,2014-04-25,2014-06-11,ARV,Adult,SCMS from RDC,"Abacavir 300mg, tablets, 60 Tabs",Abacavir,Generic,300mg,Tablet,60,10620,119262.6,11.23,0.19,"Aurobindo Unit III, India",False,821.5,6757.815,122.6
9237,85460,104-CI-T30,FPQ-13142,SO-47151,DN-3633,Côte d'Ivoire,PMO - US,From RDC,N/A - From RDC,Truck,2013-10-22,2013-10-30,2014-04-30,2014-04-22,2014-06-11,ARV,Adult,SCMS from RDC,"Efavirenz/Lamivudine/Tenofovir Disoproxil Fumarate 600/300/300mg, tablets, 30 Tabs",Efavirenz/Lamivudine/Tenofovir Disoproxil Fumarate,Generic,600/300/300mg,Tablet - FDC,30,30000,323400.0,10.78,0.36,Hetero Unit III Hyderabad IN,False,3136.0,6757.815,332.46
9238,85461,109-TZ-T30,FPQ-12587,SO-48290,DN-3646,Tanzania,PMO - US,From RDC,N/A - From RDC,Truck,2013-07-04,2014-03-15,2014-09-15,2014-09-25,2014-11-07,ARV,Adult,SCMS from RDC,"Emtricitabine/Tenofovir Disoproxil Fumarate 200/300mg, tablets, 30 Tabs",Emtricitabine/Tenofovir Disoproxil Fumarate,Generic,200/300mg,Tablet - FDC,30,1542,8851.08,5.74,0.19,"Aurobindo Unit III, India",True,9400.0,2317.16,10.95
9239,85462,110-ZM-T30,FPQ-13221,SO-47201,DN-3648,Zambia,PMO - US,From RDC,N/A - From RDC,Truck,2013-10-31,2013-11-06,2014-05-06,2014-05-19,2014-06-12,ARV,Adult,SCMS from RDC,"Lamivudine/Tenofovir Disoproxil Fumarate 300/300mg, tablets, 30 Tabs",Lamivudine/Tenofovir Disoproxil Fumarate,Generic,300/300mg,Tablet - FDC,30,123856,574691.84,4.64,0.15,Hetero Unit III Hyderabad IN,False,668.5,6476.695,590.78
9240,85463,111-MZ-T30,FPQ-13123,SO-47085,DN-3652,Mozambique,PMO - US,From RDC,N/A - From RDC,Truck,2013-10-21,2013-12-16,2014-06-16,2014-05-23,2014-06-13,ARV,Adult,SCMS from RDC,"Lamivudine/Nevirapine/Zidovudine 150/200/300mg, tablets, 60 Tabs",Lamivudine/Nevirapine/Zidovudine,Generic,150/300/200mg,Tablet - FDC,60,100000,811000.0,8.11,0.14,Hetero Unit III Hyderabad IN,True,48109.0,30202.86,833.71
9241,85464,111-MZ-T30,FPQ-13123,SO-47085,DN-3652,Mozambique,PMO - US,From RDC,N/A - From RDC,Truck,2013-10-21,2013-12-16,2014-06-16,2014-05-23,2014-06-13,ARV,Adult,SCMS from RDC,"Lamivudine/Nevirapine/Zidovudine 150/200/300mg, tablets, 60 Tabs",Lamivudine/Nevirapine/Zidovudine,Generic,150/300/200mg,Tablet - FDC,60,100000,811000.0,8.11,0.14,"Aurobindo Unit III, India",False,9389.5,5192.68,833.71
9242,85465,104-CI-T30,FPQ-12800,SO-46401,DN-3653,Côte d'Ivoire,PMO - US,From RDC,N/A - From RDC,Air,2013-08-09,2013-10-30,2014-04-30,2014-05-12,2014-06-30,ARV,Adult,SCMS from RDC,"Lamivudine/Nevirapine/Zidovudine 150/200/300mg, tablets, 60 Tabs",Lamivudine/Nevirapine/Zidovudine,Generic,150/300/200mg,Tablet - FDC,60,24765,200844.15,8.11,0.14,"Strides, Bangalore, India.",True,2666.0,11186.09,248.44
9243,85466,104-CI-T30,FPQ-13142,SO-47150,DN-3656,Côte d'Ivoire,PMO - US,From RDC,N/A - From RDC,Truck,2013-10-22,2013-10-30,2014-04-30,2014-04-22,2014-06-11,ARV,Pediatric,SCMS from RDC,"Abacavir/Lamivudine 60/30mg, dispersible tablets, 60 Tabs",Abacavir/Lamivudine,Generic,60/30mg,Chewable/dispersible tablet - FDC,60,11000,61930.0,5.63,0.09,"Cipla, Patalganga, India",False,2449.0,6757.815,63.66
9244,85467,110-ZM-T30,FPQ-13574,SO-47791,DN-3657,Zambia,PMO - US,From RDC,N/A - From RDC,Air,2014-01-16,2013-10-08,2014-04-08,2014-04-18,2014-05-22,ARV,Pediatric,SCMS from RDC,"Nevirapine 10mg/ml, oral suspension w/syringe, Bottle, 100 ml",Nevirapine,Generic,10mg/ml,Oral suspension,100,2000,2600.0,1.3,0.01,"Aurobindo Unit III, India",False,274.0,14019.38,2.67
9245,85468,114-UG-T30,FPQ-13108,SO-46873,DN-3661,Uganda,PMO - US,From RDC,N/A - From RDC,Truck,2013-10-16,2013-11-20,2014-05-20,2014-05-08,2014-06-13,ARV,Adult,SCMS from RDC,"Lamivudine/Zidovudine 150/300mg, tablets, 60 Tabs",Lamivudine/Zidovudine,Generic,150/300mg,Tablet - FDC,60,114630,771459.9,6.73,0.11,Hetero Unit III Hyderabad IN,True,10166.0,4909.97,793.06
9246,85472,109-TZ-T30,FPQ-13566,SO-47651,DN-3674,Tanzania,PMO - US,From RDC,N/A - From RDC,Truck,2014-01-15,2013-12-30,2014-06-30,2014-06-24,2014-08-21,ARV,Adult,SCMS from RDC,"Efavirenz/Emtricitabine/Tenofovir Disoproxil Fumarate 600/200/300mg, tablets, 30 Tabs",Efavirenz/Emtricitabine/Tenofovir Disoproxil Fumarate,Generic,600/200/300mg,Tablet - FDC,30,50000,594500.0,11.89,0.4,"Cipla, Goa, India",True,5446.0,27804.65,611.15
9247,85473,104-CI-T30,FPQ-13142,SO-47160,DN-3685,Côte d'Ivoire,PMO - US,From RDC,N/A - From RDC,Truck,2013-10-22,2013-11-30,2014-05-30,2014-05-12,2014-06-30,ARV,Adult,SCMS from RDC,"Lamivudine 150mg, tablets, 60 Tabs",Lamivudine,Generic,150mg,Tablet,60,1821,3168.54,1.74,0.03,"Micro labs, Verna, Goa, India",False,668.5,6757.815,3.26
9248,85474,109-TZ-T30,FPQ-12354,SO-45743,DN-3688,Tanzania,PMO - US,From RDC,N/A - From RDC,Truck,2013-05-16,2013-12-01,2014-06-01,2014-06-05,2014-06-12,ARV,Adult,SCMS from RDC,"Efavirenz/Lamivudine/Tenofovir Disoproxil Fumarate 600/300/300mg, tablets, 30 Tabs",Efavirenz/Lamivudine/Tenofovir Disoproxil Fumarate,Generic,600/300/300mg,Tablet - FDC,30,151208,1590708.16,10.52,0.35,Hetero Unit III Hyderabad IN,True,20501.0,13765.17,1967.71
9249,85475,111-MZ-T30,FPQ-13123,SO-47091,DN-3696,Mozambique,PMO - US,From RDC,N/A - From RDC,Truck,2013-10-21,2014-01-31,2014-07-31,2014-09-05,2014-09-08,ARV,Adult,SCMS from RDC,"Lopinavir/Ritonavir 200/50mg [Aluvia], tablets, 120 Tabs",Lopinavir/Ritonavir,Aluvia,200/50mg,Tablet,120,12800,241920.0,18.9,0.16,ABBVIE Ludwigshafen Germany,True,2844.0,4853.84,248.69
9250,85476,104-CI-T30,FPQ-10633,SO-43370,DN-3706,Côte d'Ivoire,PMO - US,From RDC,N/A - From RDC,Truck,2012-09-11,2013-12-30,2014-06-30,2014-06-04,2014-07-10,ARV,Adult,SCMS from RDC,"Efavirenz 600mg, tablets, 30 Tabs",Efavirenz,Generic,600mg,Tablet,30,25000,83250.0,3.33,0.11,"Strides, Bangalore, India.",False,2348.0,6757.815,116.72
9251,85477,151-NG-T30,FPQ-13293,SO-47284,DN-3719,Nigeria,PMO - US,From RDC,N/A - From RDC,Air Charter,2013-11-19,2013-12-30,2014-06-30,2014-05-09,2014-05-23,ARV,Pediatric,SCMS from RDC,"Lamivudine/Nevirapine/Zidovudine 30/50/60mg, dispersible tablets, 60 Tabs",Lamivudine/Nevirapine/Zidovudine,Generic,30/50/60mg,Chewable/dispersible tablet - FDC,60,85800,321750.0,3.75,0.06,Mylan (formerly Matrix) Nashik,True,5605.0,45180.63,330.76
9252,85478,104-CI-T30,FPQ-13142,SO-47152,DN-3731,Côte d'Ivoire,PMO - US,From RDC,N/A - From RDC,Truck,2013-10-22,2013-12-16,2014-06-16,2014-06-16,2014-07-10,ARV,Adult,SCMS from RDC,"Lamivudine/Nevirapine/Zidovudine 150/200/300mg, tablets, 60 Tabs",Lamivudine/Nevirapine/Zidovudine,Generic,150/300/200mg,Tablet - FDC,60,24765,200844.15,8.11,0.14,"Strides, Bangalore, India.",True,2751.0,11438.93,206.47
9253,85480,114-UG-T30,FPQ-13108,SO-46871,DN-3736,Uganda,PMO - US,From RDC,N/A - From RDC,Truck,2013-10-16,2013-12-30,2014-06-30,2014-06-30,2014-07-01,ARV,Adult,SCMS from RDC,"Lamivudine/Nevirapine/Zidovudine 150/200/300mg, tablets, 60 Tabs",Lamivudine/Nevirapine/Zidovudine,Generic,150/300/200mg,Tablet - FDC,60,212934,1758834.84,8.26,0.14,Hetero Unit III Hyderabad IN,True,27953.0,19248.7,1808.08
9254,85481,105-GY-T30,FPQ-14042,SO-48500,DN-3737,Guyana,PMO - US,From RDC,N/A - From RDC,Air,2014-04-09,2013-12-30,2014-06-30,2014-06-03,2014-07-18,ARV,Adult,SCMS from RDC,"Lamivudine 150mg, tablets, 60 Tabs",Lamivudine,Generic,150mg,Tablet,60,574,998.76,1.74,0.03,"Aurobindo Unit III, India",False,2590.0,1924.4650000000001,1.03
9255,85483,111-MZ-T30,FPQ-13575,SO-47702,DN-3744,Mozambique,PMO - US,From RDC,N/A - From RDC,Truck,2014-01-17,2014-02-28,2014-08-31,2014-07-18,2014-08-07,ARV,Adult,SCMS from RDC,"Efavirenz/Lamivudine/Tenofovir Disoproxil Fumarate 600/300/300mg, tablets, 30 Tabs",Efavirenz/Lamivudine/Tenofovir Disoproxil Fumarate,Generic,600/300/300mg,Tablet - FDC,30,165917,1788585.26,10.78,0.36,Hetero Unit III Hyderabad IN,True,45740.0,31113.19,1838.67
9256,85488,113-ZW-T30,FPQ-13508,SO-47530,DN-3780,Zimbabwe,PMO - US,From RDC,N/A - From RDC,Truck,2013-12-24,2014-01-30,2014-07-30,2014-07-11,2014-08-04,ARV,Adult,SCMS from RDC,"Nevirapine 200mg, tablets, 60 Tabs",Nevirapine,Generic,200mg,Tablet,60,51747,116948.22,2.26,0.04,"Strides, Bangalore, India.",False,668.5,6721.705,120.22
9257,85490,104-CI-T30,FPQ-13509,SO-47550,DN-3898,Côte d'Ivoire,PMO - US,From RDC,N/A - From RDC,Truck,2013-12-24,2014-03-30,2014-09-30,2014-09-08,2014-09-19,ARV,Pediatric,SCMS from RDC,"Zidovudine 10mg/ml, oral solution w/syringe, Bottle, 240 ml",Zidovudine,Generic,10mg/ml,Oral solution,240,3393,7125.3,2.1,0.01,"Cipla, Goa, India",True,1273.0,4783.36,7.32
9258,85491,104-CI-T30,FPQ-13691,SO-47920,DN-3899,Côte d'Ivoire,PMO - US,From RDC,N/A - From RDC,Air,2014-02-07,2014-03-30,2014-09-30,2014-09-08,2014-09-19,ARV,Pediatric,SCMS from RDC,"Zidovudine 10mg/ml, oral solution w/syringe, Bottle, 240 ml",Zidovudine,Generic,10mg/ml,Oral solution,240,7000,14700.0,2.1,0.01,"Cipla, Goa, India",True,2625.0,9868.54,15.11
9259,85492,111-MZ-T30,FPQ-13124,SO-47055,DN-3873,Mozambique,PMO - US,From RDC,N/A - From RDC,Truck,2013-10-21,2014-08-01,2015-02-01,2015-01-13,2015-01-21,ARV,Adult,SCMS from RDC,"Lamivudine/Zidovudine 150/300mg, tablets, 60 Tabs",Lamivudine/Zidovudine,Generic,150/300mg,Tablet - FDC,60,26512,172858.24,6.52,0.11,"Aurobindo Unit III, India",True,2381.0,5073.25,177.7
9260,85493,111-MZ-T30,FPQ-14226,SO-48883,DN-3875,Mozambique,PMO - US,From RDC,N/A - From RDC,Truck,2014-05-02,2014-06-30,2014-12-31,2014-10-30,2014-11-07,ARV,Adult,SCMS from RDC,"Efavirenz 600mg, tablets, 30 Tabs",Efavirenz,Generic,600mg,Tablet,30,1040,3338.4,3.21,0.11,"Strides, Bangalore, India.",False,238.5,5192.68,3.43
9261,85494,111-MZ-T30,FPQ-14226,SO-48883,DN-3875,Mozambique,PMO - US,From RDC,N/A - From RDC,Truck,2014-05-02,2014-06-30,2014-12-31,2014-10-30,2014-11-07,ARV,Adult,SCMS from RDC,"Efavirenz/Lamivudine/Tenofovir Disoproxil Fumarate 600/300/300mg, tablets, 30 Tabs",Efavirenz/Lamivudine/Tenofovir Disoproxil Fumarate,Generic,600/300/300mg,Tablet - FDC,30,18886,203591.08,10.78,0.36,"Aurobindo Unit VII, IN",False,668.5,5192.68,209.29
9262,85496,151-NG-T30,FPQ-13293,SO-47285,DN-3791,Nigeria,PMO - US,From RDC,N/A - From RDC,Air Charter,2013-11-19,2013-12-30,2014-06-30,2014-06-20,2014-06-25,ARV,Adult,SCMS from RDC,"Abacavir/Lamivudine 600/300mg, tablets, 30 Tabs",Abacavir/Lamivudine,Generic,600/300mg,Tablet - FDC,30,19573,264626.96,13.52,0.45,"Cipla, Patalganga, India",True,1947.0,28812.57,272.04
9263,85497,151-NG-T30,FPQ-13293,SO-47286,DN-3792,Nigeria,PMO - US,From RDC,N/A - From RDC,Air Charter,2013-11-19,2013-12-30,2014-06-30,2014-06-20,2014-06-25,ARV,Adult,SCMS from RDC,"Lamivudine/Zidovudine 150/300mg, tablets, 60 Tabs",Lamivudine/Zidovudine,Generic,150/300mg,Tablet - FDC,60,34000,221680.0,6.52,0.11,Hetero Unit III Hyderabad IN,False,2300.0,12601.07,227.89
9264,85499,102-BI-T30,FPQ-14112,SO-48600,DN-3797,Burundi,PMO - US,From RDC,N/A - From RDC,Air,2014-04-18,2014-02-28,2014-08-30,2014-09-05,2014-09-18,ARV,Adult,SCMS from RDC,"Lopinavir/Ritonavir 200/50mg, tablets, 120 Tabs",Lopinavir/Ritonavir,Generic,200/50mg,Tablet,120,200,4008.0,20.04,0.17,Mylan (formerly Matrix) Nashik,True,53.0,1621.53,4.12
9265,85500,107-RW-T30,FPQ-14111,SO-48771,DN-3802,Rwanda,PMO - US,From RDC,N/A - From RDC,Truck,2014-04-22,2014-03-30,2014-09-30,2014-07-16,2014-07-21,ARV,Pediatric,SCMS from RDC,"Abacavir/Lamivudine 60/30mg, tablets, 60 Tabs",Abacavir/Lamivudine,Generic,60/30mg,Tablet - FDC,60,1419,6385.5,4.5,0.08,"Aurobindo Unit III, India",True,71.0,961.06,6.56
9266,85501,104-CI-T30,FPQ-13628,SO-47880,DN-3803,Côte d'Ivoire,PMO - US,From RDC,N/A - From RDC,Truck,2014-01-29,2014-05-28,2014-11-28,2014-07-09,2014-08-07,ARV,Pediatric,SCMS from RDC,"Abacavir/Lamivudine 60/30mg, tablets, 60 Tabs",Abacavir/Lamivudine,Generic,60/30mg,Tablet - FDC,60,2863,11709.67,4.09,0.07,Mylan (formerly Matrix) Nashik,False,668.5,6757.815,12.04
9267,85502,151-NG-T30,FPQ-14156,SO-48901,DN-3807,Nigeria,PMO - US,From RDC,N/A - From RDC,Air Charter,2014-04-25,2014-04-30,2014-10-31,2014-06-20,2014-06-25,ARV,Adult,SCMS from RDC,"Lamivudine/Tenofovir Disoproxil Fumarate 300/300mg, tablets, 30 Tabs",Lamivudine/Tenofovir Disoproxil Fumarate,Generic,300/300mg,Tablet - FDC,30,7354,34122.56,4.64,0.15,Hetero Unit III Hyderabad IN,False,668.5,12601.07,35.08
9268,85503,109-TZ-T30,FPQ-13042,SO-46675,DN-3812,Tanzania,PMO - US,From RDC,N/A - From RDC,Truck,2013-10-01,2014-02-28,2014-08-29,2014-09-23,2014-11-24,ARV,Pediatric,SCMS from RDC,"Lamivudine/Nevirapine/Zidovudine 30/50/60mg, dispersible tablets, 60 Tabs",Lamivudine/Nevirapine/Zidovudine,Generic,30/50/60mg,Chewable/dispersible tablet - FDC,60,17000,63410.0,3.73,0.06,Mylan (formerly Matrix) Nashik,True,931.0,6002.0,78.44
9269,85504,105-GY-T30,FPQ-13567,SO-47741,DN-3816,Guyana,PMO - US,From RDC,N/A - From RDC,Air,2014-01-16,2014-01-21,2014-07-21,2014-08-25,2014-09-08,ARV,Adult,SCMS from RDC,"Emtricitabine/Tenofovir Disoproxil Fumarate 200/300mg, tablets, 30 Tabs",Emtricitabine/Tenofovir Disoproxil Fumarate,Generic,200/300mg,Tablet - FDC,30,2158,12386.92,5.74,0.19,"Aurobindo Unit III, India",True,196.0,3009.33,12.73
9270,85505,111-MZ-T30,FPQ-14226,SO-48881,DN-3818,Mozambique,PMO - US,From RDC,N/A - From RDC,Truck,2014-05-02,2014-06-30,2014-12-31,2014-08-15,2014-08-25,ARV,Adult,SCMS from RDC,"Lamivudine/Nevirapine/Stavudine 150/200/30mg, tablets, 60 Tabs",Lamivudine/Nevirapine/Stavudine,Generic,150/200/30mg,Tablet - FDC,60,5768,24917.76,4.32,0.07,Hetero Unit III Hyderabad IN,True,592.0,598.91,25.62
9271,85506,110-ZM-T30,FPQ-13692,SO-48000,DN-3819,Zambia,PMO - US,From RDC,N/A - From RDC,Truck,2014-02-06,2014-01-31,2014-07-31,2014-07-23,2014-08-28,ARV,Adult,SCMS from RDC,"Efavirenz/Lamivudine/Tenofovir Disoproxil Fumarate 600/300/300mg, tablets, 30 Tabs",Efavirenz/Lamivudine/Tenofovir Disoproxil Fumarate,Generic,600/300/300mg,Tablet - FDC,30,352500,3799950.0,10.78,0.36,Hetero Unit III Hyderabad IN,True,82137.0,67855.39,3906.35
9272,85507,110-ZM-T30,FPQ-13692,SO-48000,DN-3819,Zambia,PMO - US,From RDC,N/A - From RDC,Truck,2014-02-06,2014-01-31,2014-07-31,2014-07-23,2014-08-28,ARV,Adult,SCMS from RDC,"Efavirenz/Lamivudine/Tenofovir Disoproxil Fumarate 600/300/300mg, tablets, 30 Tabs",Efavirenz/Lamivudine/Tenofovir Disoproxil Fumarate,Generic,600/300/300mg,Tablet - FDC,30,106280,1145698.4,10.78,0.36,"Aurobindo Unit VII, IN",False,668.5,6476.695,1177.78
9273,85508,113-ZW-T30,FPQ-13508,SO-47540,DN-3825,Zimbabwe,PMO - US,From RDC,N/A - From RDC,Truck,2013-12-24,2014-03-30,2014-09-30,2014-06-29,2014-08-04,ARV,Adult,SCMS from RDC,"Lamivudine/Tenofovir Disoproxil Fumarate 300/300mg, tablets, 30 Tabs",Lamivudine/Tenofovir Disoproxil Fumarate,Generic,300/300mg,Tablet - FDC,30,75701,350495.63,4.63,0.15,"Cipla, Kurkumbh, India",False,668.5,6721.705,360.31
9274,85509,111-MZ-T30,FPQ-13124,SO-47050,DN-3827,Mozambique,PMO - US,From RDC,N/A - From RDC,Truck,2013-10-21,2014-02-28,2014-08-29,2014-08-25,2014-08-28,ARV,Adult,SCMS from RDC,"Lamivudine/Nevirapine/Zidovudine 150/200/300mg, tablets, 60 Tabs",Lamivudine/Nevirapine/Zidovudine,Generic,150/300/200mg,Tablet - FDC,60,150000,1216500.0,8.11,0.14,Mylan (formerly Matrix) Nashik,False,10153.5,5192.68,1250.56
9275,85510,111-MZ-T30,FPQ-12416,SO-45899,DN-3829,Mozambique,PMO - US,From RDC,N/A - From RDC,Truck,2013-06-28,2014-02-28,2014-08-29,2014-10-30,2014-11-13,ARV,Adult,SCMS from RDC,"Lamivudine/Zidovudine 150/300mg, tablets, 60 Tabs",Lamivudine/Zidovudine,Generic,150/300mg,Tablet - FDC,60,9784,63791.68,6.52,0.11,"Aurobindo Unit III, India",True,884.0,684.86,78.91
9276,85511,101-CD-T30,FPQ-14252,SO-48850,DN-3843,"Congo, DRC",PMO - US,From RDC,N/A - From RDC,Air,2014-05-07,2014-02-13,2014-08-13,2014-09-24,2014-11-06,ARV,Pediatric,SCMS from RDC,"Lamivudine/Zidovudine 30/60mg, tablets, 60 Tabs",Lamivudine/Zidovudine,Generic,30/60mg,Tablet - FDC,60,900,1791.0,1.99,0.03,Mylan (formerly Matrix) Nashik,False,104.5,2346.5699999999997,1.84
9277,85518,111-MZ-T30,FPQ-13124,SO-47053,DN-3864,Mozambique,PMO - US,From RDC,N/A - From RDC,Truck,2013-10-21,2014-02-28,2014-08-29,2014-10-27,2014-11-07,ARV,Adult,SCMS from RDC,"Lamivudine/Zidovudine 150/300mg, tablets, 60 Tabs",Lamivudine/Zidovudine,Generic,150/300mg,Tablet - FDC,60,15000,97800.0,6.52,0.11,"Aurobindo Unit III, India",True,15659.0,10925.34,100.54
9278,85519,111-MZ-T30,FPQ-13394,SO-47462,DN-3866,Mozambique,PMO - US,From RDC,N/A - From RDC,Truck,2013-12-09,2014-02-28,2014-08-29,2014-10-27,2014-11-07,ARV,Adult,SCMS from RDC,"Lamivudine/Nevirapine/Zidovudine 150/200/300mg, tablets, 60 Tabs",Lamivudine/Nevirapine/Zidovudine,Generic,150/300/200mg,Tablet - FDC,60,33922,275107.42,8.11,0.14,"Cipla, Goa, India",True,16611.0,11223.8,282.81
9279,85520,109-TZ-T30,FPQ-13042,SO-46702,DN-3868,Tanzania,PMO - US,From RDC,N/A - From RDC,Truck,2013-10-01,2014-02-28,2014-08-29,2014-09-29,2014-10-06,ARV,Pediatric,SCMS from RDC,"Lamivudine/Nevirapine/Zidovudine 30/50/60mg, dispersible tablets, 60 Tabs",Lamivudine/Nevirapine/Zidovudine,Generic,30/50/60mg,Chewable/dispersible tablet - FDC,60,57859,215814.07,3.73,0.06,Mylan (formerly Matrix) Nashik,True,3090.0,17858.3,266.96
9280,85521,111-MZ-T30,FPQ-13394,SO-47460,DN-3872,Mozambique,PMO - US,From RDC,N/A - From RDC,Truck,2013-12-09,2014-03-30,2014-09-30,2014-10-27,2014-11-07,ARV,Adult,SCMS from RDC,"Lamivudine/Nevirapine/Zidovudine 150/200/300mg, tablets, 60 Tabs",Lamivudine/Nevirapine/Zidovudine,Generic,150/300/200mg,Tablet - FDC,60,90000,729900.0,8.11,0.14,Hetero Unit III Hyderabad IN,False,10611.0,5192.68,750.34
9281,85523,151-NG-T30,FPQ-13704,SO-48320,DN-3918,Nigeria,PMO - US,From RDC,N/A - From RDC,Air Charter,2014-02-13,2014-03-30,2014-09-30,2014-09-03,2014-09-05,ARV,Adult,SCMS from RDC,"Lamivudine/Zidovudine 150/300mg, tablets, 60 Tabs",Lamivudine/Zidovudine,Generic,150/300mg,Tablet - FDC,60,15485,104214.05,6.73,0.11,Mylan (formerly Matrix) Nashik,False,668.5,12601.07,107.13
9282,85527,109-TZ-T30,FPQ-13042,SO-47960,DN-3926,Tanzania,PMO - US,From RDC,N/A - From RDC,Truck,2013-10-01,2014-05-03,2014-11-03,2014-10-28,2014-10-31,ARV,Adult,SCMS from RDC,"Abacavir 300mg, tablets, 60 Tabs",Abacavir,Generic,300mg,Tablet,60,2469,27726.87,11.23,0.19,Mylan (formerly Matrix) Nashik,True,230.0,1163.2,34.3
9283,85528,101-CD-T30,FPQ-14576,SO-49300,DN-3927,"Congo, DRC",PMO - US,From RDC,N/A - From RDC,Air,2014-07-14,2014-04-30,2014-10-30,2014-10-27,2014-11-12,ARV,Pediatric,SCMS from RDC,"Efavirenz 200mg, scored tablets, 90 Tabs",Efavirenz,Generic,200mg,Tablet,90,710,6624.3,9.33,0.1,"Strides, Bangalore, India.",False,62.0,2346.5699999999997,6.81
9284,85529,109-TZ-T30,FPQ-13566,SO-47650,DN-3933,Tanzania,PMO - US,From RDC,N/A - From RDC,Truck,2014-01-15,2014-05-03,2014-11-03,2014-10-17,2014-11-07,ARV,Adult,SCMS from RDC,"Efavirenz/Emtricitabine/Tenofovir Disoproxil Fumarate 600/200/300mg, tablets, 30 Tabs",Efavirenz/Emtricitabine/Tenofovir Disoproxil Fumarate,Generic,600/200/300mg,Tablet - FDC,30,17851,212248.39,11.89,0.4,"Cipla, Goa, India",True,2117.0,1663.18,218.19
9285,85530,114-UG-T30,FPQ-14396,SO-48960,DN-3936,Uganda,PMO - US,From RDC,N/A - From RDC,Air,2014-06-04,2014-03-30,2014-09-30,2014-10-01,2014-10-21,ARV,Adult,SCMS from RDC,"Abacavir/Lamivudine 600/300mg, tablets, 30 Tabs",Abacavir/Lamivudine,Generic,600/300mg,Tablet - FDC,30,3273,44250.96,13.52,0.45,"Cipla, Patalganga, India",True,389.0,2786.61,45.49
9286,85531,901-NA-T30,FPQ-14742,SO-49520,DN-3923,Namibia,PMO - US,From RDC,N/A - From RDC,Air,2014-07-30,2014-04-08,2014-10-08,2014-10-21,2014-10-22,ARV,Adult,SCMS from RDC,"Efavirenz/Emtricitabine/Tenofovir Disoproxil Fumarate 600/200/300mg, tablets, 30 Tabs",Efavirenz/Emtricitabine/Tenofovir Disoproxil Fumarate,Generic,600/200/300mg,Tablet - FDC,30,54147,643807.83,11.89,0.4,"Cipla, Goa, India",True,6425.0,35476.0,661.83
9287,85534,109-TZ-T30,FPQ-13566,SO-47655,DN-3964,Tanzania,PMO - US,From RDC,N/A - From RDC,Truck,2014-01-15,2014-05-28,2014-11-28,2014-11-19,2014-11-20,ARV,Pediatric,SCMS from RDC,"Lamivudine/Zidovudine 30/60mg, dispersible tablets, 60 Tabs",Lamivudine/Zidovudine,Generic,30/60mg,Chewable/dispersible tablet - FDC,60,34374,73904.1,2.15,0.04,"Cipla, Goa, India",True,2346.0,1462.81,75.97
9288,85536,110-ZM-T30,FPQ-14162,SO-48681,DN-3984,Zambia,PMO - US,From RDC,N/A - From RDC,Truck,2014-04-24,2014-07-30,2015-01-30,2015-02-19,2015-02-20,ARV,Adult,SCMS from RDC,"Nevirapine 200mg, tablets, 60 Tabs",Nevirapine,Generic,200mg,Tablet,60,41768,92307.28,2.21,0.04,"Strides, Bangalore, India.",True,2599.0,3427.33,94.89
9289,85539,113-ZW-T30,FPQ-14458,SO-49171,DN-3974,Zimbabwe,PMO - US,From RDC,N/A - From RDC,Truck,2014-06-13,2014-07-31,2015-01-31,2014-10-30,2014-11-07,ARV,Adult,SCMS from RDC,"Efavirenz/Lamivudine/Tenofovir Disoproxil Fumarate 600/300/300mg, tablets, 30 Tabs",Efavirenz/Lamivudine/Tenofovir Disoproxil Fumarate,Generic,600/300/300mg,Tablet - FDC,30,6,0.0,0.0,0.0,Cipla Ltd A-42 MIDC Mahar. IN,False,9.0,6721.705,0.0
9290,85541,114-UG-T30,FPQ-14396,SO-49020,DN-4007,Uganda,PMO - US,From RDC,N/A - From RDC,Truck,2014-06-04,2014-04-30,2014-10-31,2014-11-25,2014-11-28,ARV,Adult,SCMS from RDC,"Abacavir/Lamivudine 600/300mg, tablets, 30 Tabs",Abacavir/Lamivudine,Generic,600/300mg,Tablet - FDC,30,5403,73048.56,13.52,0.45,Mylan (formerly Matrix) Nashik,True,490.0,2016.1,75.09
9291,85542,104-CI-T30,FPQ-13628,SO-47912,DN-4024,Côte d'Ivoire,PMO - US,From RDC,N/A - From RDC,Truck,2014-01-29,2014-07-30,2015-01-30,2015-02-11,2015-02-16,ARV,Adult,SCMS from RDC,"Lamivudine/Nevirapine/Zidovudine 150/200/300mg, tablets, 60 Tabs",Lamivudine/Nevirapine/Zidovudine,Generic,150/300/200mg,Tablet - FDC,60,50700,391404.0,7.72,0.13,Mylan (formerly Matrix) Nashik,False,668.5,6757.815,402.36
9292,85547,104-CI-T30,FPQ-13628,SO-47900,DN-4039,Côte d'Ivoire,PMO - US,From RDC,N/A - From RDC,Truck,2014-01-29,2014-07-30,2015-01-30,2015-02-11,2015-02-16,ARV,Adult,SCMS from RDC,"Abacavir/Lamivudine 600/300mg, tablets, 30 Tabs",Abacavir/Lamivudine,Generic,600/300mg,Tablet - FDC,30,2000,26980.0,13.49,0.45,Mylan (formerly Matrix) Nashik,False,274.0,6757.815,27.74
9293,85551,110-ZM-T30,FPQ-14162,SO-48680,DN-4082,Zambia,PMO - US,From RDC,N/A - From RDC,Truck,2014-04-24,2014-07-30,2015-01-30,2015-02-19,2015-02-20,ARV,Adult,SCMS from RDC,"Lamivudine/Zidovudine 150/300mg, tablets, 60 Tabs",Lamivudine/Zidovudine,Generic,150/300mg,Tablet - FDC,60,1846,12183.6,6.6,0.11,Hetero Unit III Hyderabad IN,False,773.0,6476.695,12.52
9294,85554,151-NG-T30,FPQ-14156,SO-48893,DN-4098,Nigeria,PMO - US,From RDC,N/A - From RDC,Air Charter,2014-04-25,2014-07-30,2015-01-30,2015-01-14,2015-01-20,ARV,Adult,SCMS from RDC,"Lamivudine/Nevirapine/Zidovudine 150/200/300mg, tablets, 60 Tabs",Lamivudine/Nevirapine/Zidovudine,Generic,150/300/200mg,Tablet - FDC,60,24000,185280.0,7.72,0.13,Hetero Unit III Hyderabad IN,False,2830.0,12601.07,190.47
9295,85555,102-ZW-T30,FPQ-13991,SO-48490,DN-4113,Zimbabwe,PMO - US,From RDC,N/A - From RDC,Truck,2014-04-01,2014-08-16,2015-02-16,2015-02-04,2015-02-16,ARV,Adult,SCMS from RDC,"Abacavir/Lamivudine 600/300mg, tablets, 30 Tabs",Abacavir/Lamivudine,Generic,600/300mg,Tablet - FDC,30,19913,268626.37,13.49,0.45,"Cipla, Patalganga, India",True,1828.0,1955.17,276.15
9296,85556,103-ZW-T30,FPQ-13967,SO-48460,DN-4114,Zimbabwe,PMO - US,From RDC,N/A - From RDC,Truck,2014-04-02,2014-08-16,2015-02-16,2015-02-04,2015-02-16,ARV,Pediatric,SCMS from RDC,"Efavirenz 200mg, capsule, 90 Caps",Efavirenz,Generic,200mg,Capsule,90,3969,17542.98,4.42,0.05,"Micro labs, Verna, Goa, India",True,561.0,251.42,18.03
9297,85557,113-ZW-T30,FPQ-14458,SO-49170,DN-4112,Zimbabwe,PMO - US,From RDC,N/A - From RDC,Truck,2014-06-13,2014-09-06,2015-03-06,2015-02-06,2015-02-06,ARV,Adult,SCMS from RDC,"Efavirenz/Lamivudine/Tenofovir Disoproxil Fumarate 600/300/300mg, tablets, 30 Tabs",Efavirenz/Lamivudine/Tenofovir Disoproxil Fumarate,Generic,600/300/300mg,Tablet - FDC,30,150468,1468567.68,9.76,0.33,Mylan (formerly Matrix) Nashik,False,668.5,6721.705,1509.69
9298,85558,113-ZW-T30,FPQ-14458,SO-49170,DN-4112,Zimbabwe,PMO - US,From RDC,N/A - From RDC,Truck,2014-06-13,2014-09-06,2015-03-06,2015-02-06,2015-02-06,ARV,Adult,SCMS from RDC,"Efavirenz/Lamivudine/Tenofovir Disoproxil Fumarate 600/300/300mg, tablets, 30 Tabs",Efavirenz/Lamivudine/Tenofovir Disoproxil Fumarate,Generic,600/300/300mg,Tablet - FDC,30,74346,725616.96,9.76,0.33,Hetero Unit III Hyderabad IN,False,668.5,6721.705,745.93
9299,85559,103-ZW-T30,FPQ-13967,SO-48432,DN-4116,Zimbabwe,PMO - US,From RDC,N/A - From RDC,Truck,2014-04-02,2014-08-16,2015-02-16,2015-02-04,2015-02-16,ARV,Pediatric,SCMS from RDC,"Lamivudine/Nevirapine/Zidovudine 30/50/60mg, dispersible tablets, 60 Tabs",Lamivudine/Nevirapine/Zidovudine,Generic,30/50/60mg,Chewable/dispersible tablet - FDC,60,203160,761850.0,3.75,0.06,Mylan (formerly Matrix) Nashik,True,11353.0,12654.78,783.18
9300,85560,110-ZM-T30,FPQ-14575,SO-49282,DN-4117,Zambia,PMO - US,From RDC,N/A - From RDC,Truck,2014-07-11,2014-08-27,2015-02-27,2015-02-19,2015-02-20,ARV,Adult,SCMS from RDC,"Nevirapine 200mg, tablets, 60 Tabs",Nevirapine,Generic,200mg,Tablet,60,38151,83169.18,2.18,0.04,"Strides, Bangalore, India.",False,668.5,6476.695,85.5
9301,85561,151-NG-T30,FPQ-14156,SO-48890,DN-4121,Nigeria,PMO - US,From RDC,N/A - From RDC,Air Charter,2014-04-25,2014-09-02,2015-03-02,2015-02-05,2015-02-10,ARV,Adult,SCMS from RDC,"Lamivudine/Nevirapine/Zidovudine 150/200/300mg, tablets, 60 Tabs",Lamivudine/Nevirapine/Zidovudine,Generic,150/300/200mg,Tablet - FDC,60,213502,1648235.44,7.72,0.13,"Cipla, Goa, India",True,31271.0,62693.85,1694.39
9302,85562,151-NG-T30,FPQ-14156,SO-50881,DN-4134,Nigeria,PMO - US,From RDC,N/A - From RDC,Air Charter,2014-04-25,2014-09-02,2015-03-02,2015-02-05,2015-02-10,ARV,Adult,SCMS from RDC,"Zidovudine 300mg, tablets, 60 Tabs",Zidovudine,Generic,300mg,Tablet,60,14648,80564.0,5.5,0.09,"Cipla, Goa, India",True,1023.0,2244.2,82.82
9303,85564,111-MZ-T30,FPQ-15195,SO-50131,DN-4152,Mozambique,PMO - US,From RDC,N/A - From RDC,Truck,2014-10-17,2014-09-30,2015-03-31,2015-04-10,2015-04-20,ARV,Adult,SCMS from RDC,"Nevirapine 200mg, tablets, 60 Tabs",Nevirapine,Generic,200mg,Tablet,60,1400,3052.0,2.18,0.04,"Strides, Bangalore, India.",True,4355.0,3644.18,3.59
9304,85565,113-ZW-T30,FPQ-14458,SO-49160,DN-4155,Zimbabwe,PMO - US,From RDC,N/A - From RDC,Truck,2014-06-13,2014-09-30,2015-03-31,2015-03-17,2015-03-18,ARV,Adult,SCMS from RDC,"Efavirenz/Lamivudine/Tenofovir Disoproxil Fumarate 600/300/300mg, tablets, 30 Tabs",Efavirenz/Lamivudine/Tenofovir Disoproxil Fumarate,Generic,600/300/300mg,Tablet - FDC,30,336000,3225600.0,9.6,0.32,Mylan (formerly Matrix) Nashik,True,37955.0,42077.59,3315.92
9305,85566,102-BI-T30,FPQ-15406,SO-50270,DN-4144,Burundi,PMO - US,From RDC,N/A - From RDC,Air,2014-11-19,2014-08-27,2015-02-27,2015-02-28,2015-03-05,ARV,Pediatric,SCMS from RDC,"Lamivudine/Zidovudine 30/60mg, dispersible tablets, 60 Tabs",Lamivudine/Zidovudine,Generic,30/60mg,Chewable/dispersible tablet - FDC,60,325,646.75,1.99,0.03,"Cipla, Goa, India",False,2085.0,3544.4849999999997,0.76
9306,85567,107-RW-T30,FPQ-14111,SO-48810,DN-4149,Rwanda,PMO - US,From RDC,N/A - From RDC,Truck,2014-04-22,2014-09-30,2015-03-31,2015-03-24,2015-03-24,ARV,Adult,SCMS from RDC,"Lamivudine/Tenofovir Disoproxil Fumarate 300/300mg, tablets, 30 Tabs",Lamivudine/Tenofovir Disoproxil Fumarate,Generic,300/300mg,Tablet - FDC,30,13653,62667.27,4.59,0.15,"Cipla, Kurkumbh, India",False,668.5,7173.3,64.42
9307,85569,104-CI-T30,FPQ-14370,SO-49054,DN-4174,Côte d'Ivoire,PMO - US,From RDC,N/A - From RDC,Truck,2014-05-23,2014-09-30,2015-03-31,2015-03-26,2015-03-30,ARV,Adult,SCMS from RDC,"Tenofovir Disoproxil Fumarate 300mg, tablets, 30 Tabs",Tenofovir Disoproxil Fumarate,Generic,300mg,Tablet,30,1764,6262.2,3.55,0.12,Mylan (formerly Matrix) Nashik,True,110.0,707.7,6.44
9308,85570,151-NG-T30,FPQ-14766,SO-49685,DN-4172,Nigeria,PMO - US,From RDC,N/A - From RDC,Air Charter,2014-08-13,2014-08-28,2015-02-28,2015-03-10,2015-03-17,ARV,Adult,SCMS from RDC,"Efavirenz/Lamivudine/Tenofovir Disoproxil Fumarate 600/300/300mg, tablets, 30 Tabs",Efavirenz/Lamivudine/Tenofovir Disoproxil Fumarate,Generic,600/300/300mg,Tablet - FDC,30,128500,1233600.0,9.6,0.32,Mylan (formerly Matrix) Nashik,False,668.5,12601.07,1268.14
9309,85572,102-BI-T30,FPQ-15406,SO-50280,DN-4178,Burundi,PMO - US,From RDC,N/A - From RDC,Air,2014-11-19,2014-11-29,2015-05-29,2015-03-25,2015-03-30,ARV,Adult,SCMS from RDC,"Lamivudine/Tenofovir Disoproxil Fumarate 300/300mg, tablets, 30 Tabs",Lamivudine/Tenofovir Disoproxil Fumarate,Generic,300/300mg,Tablet - FDC,30,240,1101.6,4.59,0.15,Ranbaxy per Shasun Pharma,False,25.0,3544.4849999999997,1.3
9310,85573,151-NG-T30,FPQ-14766,SO-49700,DN-4186,Nigeria,PMO - US,From RDC,N/A - From RDC,Air Charter,2014-08-13,2014-10-15,2015-04-15,2015-03-18,2015-03-20,ARV,Adult,SCMS from RDC,"Lopinavir/Ritonavir 200/50mg [Aluvia], tablets, 120 Tabs",Lopinavir/Ritonavir,Aluvia,200/50mg,Tablet,120,41943,781817.52,18.64,0.16,ABBVIE Ludwigshafen Germany,True,10322.0,14266.13,803.71
9311,85574,151-NG-T30,FPQ-14766,SO-51091,DN-4188,Nigeria,PMO - US,From RDC,N/A - From RDC,Air Charter,2014-08-13,2014-10-30,2015-04-30,2015-03-20,2015-03-30,ARV,Adult,SCMS from RDC,"Lamivudine/Nevirapine/Zidovudine 150/200/300mg, tablets, 60 Tabs",Lamivudine/Nevirapine/Zidovudine,Generic,150/300/200mg,Tablet - FDC,60,156995,1212001.4,7.72,0.13,"Strides, Bangalore, India.",True,32219.0,50569.84,1245.94
9312,85575,151-NG-T30,FPQ-14766,SO-51091,DN-4188,Nigeria,PMO - US,From RDC,N/A - From RDC,Air Charter,2014-08-13,2014-10-30,2015-04-30,2015-03-20,2015-03-30,ARV,Adult,SCMS from RDC,"Lamivudine/Nevirapine/Zidovudine 150/200/300mg, tablets, 60 Tabs",Lamivudine/Nevirapine/Zidovudine,Generic,150/300/200mg,Tablet - FDC,60,91500,706380.0,7.72,0.13,"Cipla, Goa, India",False,668.5,12601.07,726.16
9313,85577,104-SZ-T30,FPQ-15985,SO-51110,DN-4194,Swaziland,PMO - US,From RDC,N/A - From RDC,Truck,2015-02-26,2014-10-06,2015-04-06,2015-03-26,2015-03-26,ARV,Adult,SCMS from RDC,"Efavirenz/Lamivudine/Tenofovir Disoproxil Fumarate 600/300/300mg, tablets, 30 Tabs",Efavirenz/Lamivudine/Tenofovir Disoproxil Fumarate,Generic,600/300/300mg,Tablet - FDC,30,65000,649350.0,9.99,0.33,Mylan (formerly Matrix) Nashik,True,7403.0,4971.05,764.28
9314,85578,101-CD-T30,FPQ-15787,SO-50890,DN-4197,"Congo, DRC",PMO - US,From RDC,N/A - From RDC,Air,2015-01-26,2015-01-01,2015-07-01,2015-07-13,2015-07-13,ARV,Pediatric,SCMS from RDC,"Efavirenz 200mg, scored tablets, 90 Tabs",Efavirenz,Generic,200mg,Tablet,90,300,2790.0,9.3,0.1,"Strides, Bangalore, India.",True,266.0,4147.79,3.28
9315,85579,111-MZ-T30,FPQ-14843,SO-49720,DN-4193,Mozambique,PMO - US,From RDC,N/A - From RDC,Truck,2014-08-21,2014-11-15,2015-05-15,2015-05-15,2015-05-15,ARV,Adult,SCMS from RDC,"Lopinavir/Ritonavir 200/50mg [Aluvia], tablets, 120 Tabs",Lopinavir/Ritonavir,Aluvia,200/50mg,Tablet,120,30120,569268.0,18.9,0.16,ABBVIE Ludwigshafen Germany,True,6697.0,3995.94,585.21
9316,85580,107-RW-T30,FPQ-15622,SO-50711,DN-4200,Rwanda,PMO - US,From RDC,N/A - From RDC,Truck,2014-12-22,2014-10-06,2015-04-06,2015-04-20,2015-04-20,ARV,Pediatric,SCMS from RDC,"Abacavir 20mg/ml, oral solution, Bottle, 240 ml",Abacavir,Generic,20mg/ml,Oral solution,240,2966,20257.78,6.83,0.03,"Aurobindo Unit III, India",True,1067.0,6310.4,23.84
9317,85584,102-BI-T30,FPQ-15406,SO-50290,DN-4210,Burundi,PMO - US,From RDC,N/A - From RDC,Air,2014-11-19,2014-12-30,2015-06-30,2015-04-22,2015-04-23,ARV,Pediatric,SCMS from RDC,"Lamivudine/Zidovudine 30/60mg, dispersible tablets, 60 Tabs",Lamivudine/Zidovudine,Generic,30/60mg,Chewable/dispersible tablet - FDC,60,164,314.88,1.92,0.03,"Cipla, Goa, India",False,2095.0,3544.4849999999997,0.37
9318,85585,102-BI-T30,FPQ-15406,SO-50290,DN-4210,Burundi,PMO - US,From RDC,N/A - From RDC,Air,2014-11-19,2014-12-30,2015-06-30,2015-04-22,2015-04-23,ARV,Adult,SCMS from RDC,"Lamivudine/Tenofovir Disoproxil Fumarate 300/300mg, tablets, 30 Tabs",Lamivudine/Tenofovir Disoproxil Fumarate,Generic,300/300mg,Tablet - FDC,30,240,1101.6,4.59,0.15,Ranbaxy per Shasun Pharma,False,25.0,3544.4849999999997,1.3
9319,85586,114-UG-T30,FPQ-15294,SO-50080,DN-4216,Uganda,PMO - US,From RDC,N/A - From RDC,Truck,2014-11-03,2014-10-30,2015-04-30,2015-04-22,2015-04-24,ARV,Adult,SCMS from RDC,"Efavirenz/Lamivudine/Tenofovir Disoproxil Fumarate 600/300/300mg, tablets, 30 Tabs",Efavirenz/Lamivudine/Tenofovir Disoproxil Fumarate,Generic,600/300/300mg,Tablet - FDC,30,101900,978240.0,9.6,0.32,Mylan (formerly Matrix) Nashik,False,668.5,0.0,1151.39
9320,85587,114-UG-T30,FPQ-15294,SO-50050,DN-4218,Uganda,PMO - US,From RDC,N/A - From RDC,Truck,2014-11-03,2014-12-15,2015-06-15,2015-05-14,2015-05-15,ARV,Adult,SCMS from RDC,"Nevirapine 200mg, tablets, 60 Tabs",Nevirapine,Generic,200mg,Tablet,60,79258,172782.44,2.18,0.04,Hetero Unit III Hyderabad IN,False,668.5,5458.45,203.36
9321,85589,151-NG-T30,FPQ-14989,SO-49932,DN-4228,Nigeria,PMO - US,From RDC,N/A - From RDC,Air Charter,2014-09-19,2014-12-30,2015-06-30,2015-04-15,2015-04-20,ARV,Adult,SCMS from RDC,"Efavirenz/Lamivudine/Tenofovir Disoproxil Fumarate 600/300/300mg, tablets, 30 Tabs",Efavirenz/Lamivudine/Tenofovir Disoproxil Fumarate,Generic,600/300/300mg,Tablet - FDC,30,68072,653491.2,9.6,0.32,Hetero Unit III Hyderabad IN,True,8799.0,15880.0,671.79
9322,85590,111-MZ-T30,FPQ-15229,SO-50500,DN-4237,Mozambique,PMO - US,From RDC,N/A - From RDC,Truck,2014-10-17,2014-11-29,2015-05-29,2015-06-15,2015-06-15,ARV,Adult,SCMS from RDC,"Tenofovir Disoproxil Fumarate 300mg, tablets, 30 Tabs",Tenofovir Disoproxil Fumarate,Generic,300mg,Tablet,30,960,3408.0,3.55,0.12,Hetero Unit III Hyderabad IN,True,76.0,137.4,4.01
9323,85591,103-ZW-T30,FPQ-15197,SO-50010,DN-4243,Zimbabwe,PMO - US,From RDC,N/A - From RDC,Truck,2014-10-16,2014-10-30,2015-04-30,2015-04-30,2015-04-30,ARV,Pediatric,SCMS from RDC,"Lamivudine/Nevirapine/Zidovudine 30/50/60mg, dispersible tablets, 60 Tabs",Lamivudine/Nevirapine/Zidovudine,Generic,30/50/60mg,Chewable/dispersible tablet - FDC,60,149944,539798.4,3.6,0.06,"Mylan,  H-12 & H-13, India",False,668.5,6721.705,635.34
9324,85592,151-NG-T30,FPQ-14989,SO-49938,DN-4245,Nigeria,PMO - US,From RDC,N/A - From RDC,Air Charter,2014-09-19,2014-12-30,2015-06-30,2015-04-15,2015-04-20,ARV,Adult,SCMS from RDC,"Lamivudine/Nevirapine/Zidovudine 150/200/300mg, tablets, 60 Tabs",Lamivudine/Nevirapine/Zidovudine,Generic,150/300/200mg,Tablet - FDC,60,50000,386000.0,7.72,0.13,"Strides, Bangalore, India.",True,6201.0,12082.0,396.81
9325,85593,111-MZ-T30,FPQ-15229,SO-50490,DN-4247,Mozambique,PMO - US,From RDC,N/A - From RDC,Truck,2014-10-17,2014-12-30,2015-06-30,2015-06-09,2015-06-15,ARV,Adult,SCMS from RDC,"Tenofovir Disoproxil Fumarate 300mg, tablets, 30 Tabs",Tenofovir Disoproxil Fumarate,Generic,300mg,Tablet,30,600,2130.0,3.55,0.12,Hetero Unit III Hyderabad IN,False,231.5,5192.68,2.51
9326,85594,104-CI-T30,FPQ-15259,SO-50100,DN-4255,Côte d'Ivoire,PMO - US,From RDC,N/A - From RDC,Truck,2014-10-24,2014-12-19,2015-06-19,2015-06-08,2015-06-19,ARV,Adult,SCMS from RDC,"Efavirenz 600mg, tablets, 30 Tabs",Efavirenz,Generic,600mg,Tablet,30,45204,141036.48,3.12,0.1,"Strides, Bangalore, India.",False,668.5,6757.815,166.0
9327,85595,104-CI-T30,FPQ-15259,SO-50100,DN-4255,Côte d'Ivoire,PMO - US,From RDC,N/A - From RDC,Truck,2014-10-24,2014-12-19,2015-06-19,2015-06-08,2015-06-19,ARV,Adult,SCMS from RDC,"Lamivudine/Nevirapine/Zidovudine 150/200/300mg, tablets, 60 Tabs",Lamivudine/Nevirapine/Zidovudine,Generic,150/300/200mg,Tablet - FDC,60,148037,1142845.64,7.72,0.13,"Strides, Bangalore, India.",False,668.5,6757.815,1345.13
9328,85596,151-NG-T30,FPQ-14989,SO-49935,DN-4260,Nigeria,PMO - US,From RDC,N/A - From RDC,Air Charter,2014-09-19,2014-12-30,2015-06-30,2015-04-28,2015-04-29,ARV,Adult,SCMS from RDC,"Lamivudine/Nevirapine/Zidovudine 150/200/300mg, tablets, 60 Tabs",Lamivudine/Nevirapine/Zidovudine,Generic,150/300/200mg,Tablet - FDC,60,234519,1810486.68,7.72,0.13,"Cipla, Goa, India",True,51833.0,107573.94,1861.18
9329,85599,107-RW-T30,FPQ-15622,SO-50720,DN-4286,Rwanda,PMO - US,From RDC,N/A - From RDC,Truck,2014-12-22,2014-12-30,2015-06-30,2015-06-17,2015-06-29,ARV,Adult,SCMS from RDC,"Efavirenz/Lamivudine/Tenofovir Disoproxil Fumarate 600/300/300mg, tablets, 30 Tabs",Efavirenz/Lamivudine/Tenofovir Disoproxil Fumarate,Generic,600/300/300mg,Tablet - FDC,30,294399,2826230.4,9.6,0.32,Mylan (formerly Matrix) Nashik,True,33500.0,0.0,3326.47
9330,85600,151-NG-T30,FPQ-14989,SO-51427,DN-4290,Nigeria,PMO - US,From RDC,N/A - From RDC,Air Charter,2014-09-19,2014-12-30,2015-06-30,2015-06-02,2015-06-17,ARV,Adult,SCMS from RDC,"Lamivudine/Nevirapine/Zidovudine 150/200/300mg, tablets, 60 Tabs",Lamivudine/Nevirapine/Zidovudine,Generic,150/300/200mg,Tablet - FDC,60,88995,687041.4,7.72,0.13,"Cipla, Goa, India",False,668.5,12601.07,706.28
9331,85601,103-SS-T30,FPQ-16356,SO-51460,DN-4296,South Sudan,PMO - US,From RDC,N/A - From RDC,Air,2015-05-14,2014-12-25,2015-06-25,2015-06-19,2015-06-23,ARV,Pediatric,SCMS from RDC,"Lamivudine/Nevirapine/Zidovudine 30/50/60mg, dispersible tablets, 60 Tabs",Lamivudine/Nevirapine/Zidovudine,Generic,30/50/60mg,Chewable/dispersible tablet - FDC,60,4471,16095.6,3.6,0.06,"Strides, Bangalore, India.",False,668.5,2575.925,18.94
9332,85602,107-RW-T30,FPQ-16284,SO-51540,DN-4327,Rwanda,PMO - US,From RDC,N/A - From RDC,Air,2015-05-27,2015-02-18,2015-08-18,2015-08-06,2015-08-11,ARV,Adult,SCMS from RDC,"Lamivudine/Nevirapine/Zidovudine 150/200/300mg, tablets, 60 Tabs",Lamivudine/Nevirapine/Zidovudine,Generic,150/300/200mg,Tablet - FDC,60,8998,72973.78,8.11,0.14,"Hetero, Jadcherla, unit 5, IN",False,668.5,5865.805,85.89
9333,85603,107-RW-T30,FPQ-16284,SO-51550,DN-4330,Rwanda,PMO - US,From RDC,N/A - From RDC,Air,2015-05-27,2015-03-30,2015-09-30,2015-08-03,2015-08-11,ARV,Pediatric,SCMS from RDC,"Abacavir/Lamivudine 60/30mg, dispersible tablets, 60 Tabs",Abacavir/Lamivudine,Generic,60/30mg,Chewable/dispersible tablet - FDC,60,28622,145685.98,5.09,0.08,"Cipla, Patalganga, India",True,668.5,5865.805,171.47
9334,85626,154-NG-T30,FPQ-3815,SO-32270,DN-1311,Nigeria,PMO - US,From RDC,N/A - From RDC,Air Charter,2009-05-26,2009-01-30,2009-07-30,2009-08-04,2009-08-04,ARV,Adult,SCMS from RDC,"Nevirapine 200mg, tablets, 60 Tabs",Nevirapine,Generic,200mg,Tablet,60,253,733.7,2.9,0.05,"Aurobindo Unit III, India",False,15.0,12601.07,1.44
9335,85627,111-MZ-T30,FPQ-4106,SO-33100,DN-1421,Mozambique,PMO - US,From RDC,N/A - From RDC,Air,2009-08-17,2009-05-30,2009-11-30,2009-10-30,2009-10-30,ARV,Adult,SCMS from RDC,"Saquinavir 200mg [Invirase], capsules, 270 Caps",Saquinavir,Invirase,200mg,Capsule,270,168,13540.8,80.6,0.3,Roche Basel,True,85.0,1139.5,26.54
9336,85628,114-UG-T30,FPQ-4065,SO-33010,DN-1417,Uganda,PMO - US,From RDC,N/A - From RDC,Air,2009-08-06,2009-04-08,2009-10-08,2009-10-08,2009-10-08,ARV,Adult,SCMS from RDC,"Lamivudine/Tenofovir Disoproxil Fumarate 300/300mg, tablets, 30 Tabs",Lamivudine/Tenofovir Disoproxil Fumarate,Generic,300/300mg,Tablet - FDC,30,280,2800.0,10.0,0.33,Mylan (formerly Matrix) Nashik,False,67.5,2485.92,5.49
9337,85629,114-UG-T30,FPQ-4065,SO-33180,DN-1429,Uganda,PMO - US,From RDC,N/A - From RDC,Air,2009-08-06,2009-04-08,2009-10-08,2009-10-08,2009-10-08,ARV,Adult,SCMS from RDC,"Efavirenz 600mg, tablets, 30 Tabs",Efavirenz,Generic,600mg,Tablet,30,200,1370.0,6.85,0.23,"Aurobindo Unit III, India",True,18.0,1140.08,2.69
9338,85630,112-NG-T30,FPQ-4040,SO-32980,DN-1456,Nigeria,PMO - US,From RDC,N/A - From RDC,Air Charter,2009-07-29,2009-04-15,2009-10-15,2009-10-20,2009-10-20,ARV,Adult,SCMS from RDC,"Emtricitabine/Tenofovir Disoproxil Fumarate 200/300mg, tablets, 30 Tabs",Emtricitabine/Tenofovir Disoproxil Fumarate,Generic,200/300mg,Tablet - FDC,30,600,7050.0,11.75,0.39,Mylan (formerly Matrix) Nashik,False,231.5,12601.07,13.82
9339,85631,106-HT-T30,FPQ-4277,SO-33740,DN-1481,Haiti,PMO - US,From RDC,N/A - From RDC,Air,2009-09-22,2009-05-18,2009-11-18,2009-10-09,2009-10-09,ARV,Adult,SCMS from RDC,"Lamivudine 150mg, tablets, 60 Tabs",Lamivudine,Generic,150mg,Tablet,60,2305,5624.2,2.44,0.04,"Aurobindo Unit III, India",True,126.0,1350.33,11.02
9340,85632,104-CI-T30,FPQ-3964,SO-33210,DN-1482,Côte d'Ivoire,PMO - US,From RDC,N/A - From RDC,Air,2009-07-24,2009-04-30,2009-10-30,2009-10-20,2009-10-20,ARV,Pediatric,SCMS from RDC,"Lamivudine 10mg/ml, oral solution, Bottle, 240 ml",Lamivudine,Generic,10mg/ml,Oral solution,240,819,1556.1,1.9,0.01,"Aurobindo Unit III, India",True,284.0,1668.76,3.05
9341,85633,114-UG-T30,FPQ-4275,SO-33860,DN-1522,Uganda,PMO - US,From RDC,N/A - From RDC,Air,2009-09-17,2009-06-03,2009-12-03,2009-11-30,2009-11-30,ARV,Adult,SCMS from RDC,"Lamivudine/Zidovudine 150/300mg, tablets, 60 Tabs",Lamivudine/Zidovudine,Generic,150/300mg,Tablet - FDC,60,16577,145214.52,8.76,0.15,Mylan (formerly Matrix) Nashik,False,668.5,2485.92,284.62
9342,85634,106-HT-T30,FPQ-4469,SO-34240,DN-1530,Haiti,PMO - US,From RDC,N/A - From RDC,Air,2009-09-23,2009-05-30,2009-11-30,2009-11-30,2009-11-30,ARV,Pediatric,SCMS from RDC,"Stavudine 1mg/ml, powder for oral solution, 200 ml",Stavudine,Generic,1mg/ml,Oral solution,200,100,140.0,1.4,0.01,"Aurobindo Unit III, India",False,36.0,2946.7200000000003,0.3
9343,85635,106-HT-T30,FPQ-4469,SO-34240,DN-1530,Haiti,PMO - US,From RDC,N/A - From RDC,Air,2009-09-23,2009-05-30,2009-11-30,2009-11-30,2009-11-30,ARV,Pediatric,SCMS from RDC,"Efavirenz 200mg, capsule, 90 Caps",Efavirenz,Generic,200mg,Capsule,90,735,8908.2,12.12,0.13,"Aurobindo Unit III, India",False,47.0,2946.7200000000003,19.21
9344,85636,106-HT-T30,FPQ-4469,SO-34190,DN-1531,Haiti,PMO - US,From RDC,N/A - From RDC,Air,2009-09-23,2009-06-02,2009-12-02,2009-11-30,2009-11-30,ARV,Pediatric,SCMS from RDC,"Zidovudine 100mg, capsules, 100 Caps",Zidovudine,Generic,100mg,Capsule,100,588,2940.0,5.0,0.05,"Aurobindo Unit III, India",False,215.0,2946.7200000000003,6.34
9345,85637,104-CI-T30,FPQ-3964,SO-34501,DN-1543,Côte d'Ivoire,PMO - US,From RDC,N/A - From RDC,Air,2009-07-24,2009-06-01,2009-12-01,2009-12-02,2009-12-02,ARV,Adult,SCMS from RDC,"Zidovudine 300mg, tablets, 60 Tabs",Zidovudine,Generic,300mg,Tablet,60,8430,63477.9,7.53,0.13,"Aurobindo Unit III, India",True,546.0,1211.48,124.42
9346,85638,114-UG-T30,FPQ-4470,SO-34010,DN-1548,Uganda,PMO - US,From RDC,N/A - From RDC,Air,2009-08-17,2009-05-30,2009-11-30,2009-12-02,2009-12-02,ARV,Adult,SCMS from RDC,"Lamivudine/Zidovudine 150/300mg, tablets, 60 Tabs",Lamivudine/Zidovudine,Generic,150/300mg,Tablet - FDC,60,3360,29433.6,8.76,0.15,"Aurobindo Unit III, India",False,449.0,2485.92,57.69
9347,85639,114-UG-T30,FPQ-4470,SO-34010,DN-1548,Uganda,PMO - US,From RDC,N/A - From RDC,Air,2009-08-17,2009-05-30,2009-11-30,2009-12-02,2009-12-02,ARV,Adult,SCMS from RDC,"Nevirapine 200mg, tablets, 60 Tabs",Nevirapine,Generic,200mg,Tablet,60,2000,5800.0,2.9,0.05,"Aurobindo Unit III, India",False,274.0,2485.92,11.37
9348,85640,113-ZW-T30,FPQ-4472,SO-27200,DN-1554,Zimbabwe,PMO - US,From RDC,N/A - From RDC,Truck,2009-03-17,2009-06-18,2009-12-18,2009-12-07,2009-12-07,ARV,Adult,SCMS from RDC,"Efavirenz 600mg, tablets, 30 Tabs",Efavirenz,Generic,600mg,Tablet,30,4000,23120.0,5.78,0.19,"Aurobindo Unit III, India",False,810.0,6721.705,45.32
9349,85641,110-ZM-T30,FPQ-4035,SO-34800,DN-1567,Zambia,PMO - US,From RDC,N/A - From RDC,Truck,2009-08-05,2009-07-15,2010-01-15,2009-11-26,2009-11-26,ARV,Adult,SCMS from RDC,"Efavirenz 600mg, tablets, 30 Tabs",Efavirenz,Generic,600mg,Tablet,30,6714,38806.92,5.78,0.19,"Aurobindo Unit III, India",True,574.0,5837.94,76.06
9350,85642,104-CI-T30,FPQ-4378,SO-34420,DN-1568,Côte d'Ivoire,PMO - US,From RDC,N/A - From RDC,Air,2009-10-15,2009-06-14,2009-12-14,2009-12-11,2009-12-11,ARV,Adult,SCMS from RDC,"Lamivudine/Nevirapine/Stavudine 150/200/30mg, tablets, 60 Tabs",Lamivudine/Nevirapine/Stavudine,Generic,150/200/30mg,Tablet - FDC,60,9024,60099.84,6.66,0.11,"Cipla, Goa, India",True,976.0,12369.8,117.8
9351,85643,114-UG-T30,FPQ-4454,SO-34630,DN-1574,Uganda,PMO - US,From RDC,N/A - From RDC,Air,2009-09-25,2009-07-15,2010-01-15,2010-01-22,2010-01-22,ARV,Adult,SCMS from RDC,"Lamivudine/Nevirapine/Zidovudine 150/200/300mg, tablets, 60 Tabs",Lamivudine/Nevirapine/Zidovudine,Generic,150/300/200mg,Tablet - FDC,60,5500,61710.0,11.22,0.19,Mylan (formerly Matrix) Nashik,True,708.0,2524.0,120.95
9352,85644,104-CI-T30,FPQ-4378,SO-34390,DN-1577,Côte d'Ivoire,PMO - US,From RDC,N/A - From RDC,Air,2009-10-15,2009-06-17,2009-12-17,2009-12-14,2009-12-14,ARV,Adult,SCMS from RDC,"Lamivudine/Nevirapine/Stavudine 150/200/30mg, tablets, 60 Tabs",Lamivudine/Nevirapine/Stavudine,Generic,150/200/30mg,Tablet - FDC,60,9024,60099.84,6.66,0.11,"Strides, Bangalore, India.",True,680.0,2698.22,117.8
9353,85645,111-MZ-T30,FPQ-4479,SO-34170,DN-1580,Mozambique,PMO - US,From RDC,N/A - From RDC,Air,2009-02-26,2009-07-19,2010-01-19,2010-01-26,2010-01-26,ARV,Adult,SCMS from RDC,"Zidovudine 300mg, tablets, 60 Tabs",Zidovudine,Generic,300mg,Tablet,60,6552,50515.92,7.71,0.13,"Aurobindo Unit III, India",False,524.0,3247.5699999999997,99.01
9354,85646,106-HT-T30,FPQ-4469,SO-35180,DN-1589,Haiti,PMO - US,From RDC,N/A - From RDC,Air,2009-09-23,2009-06-22,2009-12-22,2009-12-16,2009-12-16,ARV,Pediatric,SCMS from RDC,"Lamivudine 10mg/ml, oral solution, Bottle, 240 ml",Lamivudine,Generic,10mg/ml,Oral solution,240,4077,7746.3,1.9,0.01,"Aurobindo Unit III, India",True,1404.0,8329.13,16.7
9355,85647,106-HT-T30,FPQ-4384,SO-34720,DN-1590,Haiti,PMO - US,From RDC,N/A - From RDC,Air Charter,2009-10-23,2009-06-25,2009-12-25,2009-12-17,2009-12-17,ARV,Pediatric,SCMS from RDC,"Stavudine 1mg/ml, powder for oral solution, 200 ml",Stavudine,Generic,1mg/ml,Oral solution,200,250,350.0,1.4,0.01,"Aurobindo Unit III, India",False,73.5,8329.13,0.75
9356,85648,114-UG-T30,FPQ-4275,SO-33880,DN-1599,Uganda,PMO - US,From RDC,N/A - From RDC,Air,2009-09-17,2009-08-25,2010-02-25,2010-01-15,2010-01-15,ARV,Adult,SCMS from RDC,"Lamivudine 150mg, tablets, 60 Tabs",Lamivudine,Generic,150mg,Tablet,60,6985,17043.4,2.44,0.04,"Aurobindo Unit III, India",True,336.0,2528.69,33.41
9357,85649,114-UG-T30,FPQ-4470,SO-34780,DN-1622,Uganda,PMO - US,From RDC,N/A - From RDC,Air,2009-08-17,2009-08-03,2010-02-03,2010-02-03,2010-02-03,ARV,Adult,SCMS from RDC,"Lamivudine/Nevirapine/Zidovudine 150/200/300mg, tablets, 60 Tabs",Lamivudine/Nevirapine/Zidovudine,Generic,150/300/200mg,Tablet - FDC,60,31000,351850.0,11.35,0.19,Mylan (formerly Matrix) Nashik,True,3941.0,42656.07,689.63
9358,85650,111-MZ-T30,FPQ-4471,SO-33590,DN-1628,Mozambique,PMO - US,From RDC,N/A - From RDC,Air,2009-09-14,2009-10-14,2010-04-14,2010-04-14,2010-04-14,ARV,Adult,SCMS from RDC,"Lamivudine/Nevirapine/Zidovudine 150/200/300mg, tablets, 60 Tabs",Lamivudine/Nevirapine/Zidovudine,Generic,150/300/200mg,Tablet - FDC,60,69685,781865.7,11.22,0.19,Mylan (formerly Matrix) Nashik,False,668.5,3247.5699999999997,1532.46
9359,85651,114-UG-T30,FPQ-4325,SO-34080,DN-1631,Uganda,PMO - US,From RDC,N/A - From RDC,Truck,2009-09-23,2009-09-19,2010-03-19,2010-01-29,2010-01-29,ARV,Adult,SCMS from RDC,"Nevirapine 200mg, tablets, 60 Tabs",Nevirapine,Generic,200mg,Tablet,60,5184,15033.6,2.9,0.05,"Aurobindo Unit III, India",True,507.0,1576.8,29.47
9360,85652,104-CI-T30,FPQ-4378,SO-35770,DN-1640,Côte d'Ivoire,PMO - US,From RDC,N/A - From RDC,Air,2009-10-15,2009-10-06,2010-04-06,2010-02-15,2010-02-15,ARV,Adult,SCMS from RDC,"Abacavir/Lamivudine 600/300mg, scored tablets, 30 Tabs",Abacavir/Lamivudine,Generic,600/300mg,Tablet - FDC,30,1276,29348.0,23.0,0.77,"Aurobindo Unit III, India",True,117.0,1083.3,57.52
9361,85653,110-ZM-T30,FPQ-4273,SO-33690,DN-1643,Zambia,PMO - US,From RDC,N/A - From RDC,Truck,2009-09-17,2009-09-15,2010-03-15,2010-03-05,2010-03-05,ARV,Adult,SCMS from RDC,"Lamivudine/Nevirapine/Stavudine 150/200/30mg, tablets, 60 Tabs",Lamivudine/Nevirapine/Stavudine,Generic,150/200/30mg,Tablet - FDC,60,49760,321947.2,6.47,0.11,"Cipla, Goa, India",False,668.5,6476.695,631.02
9362,85654,114-UG-T30,FPQ-5014,SO-35870,DN-1654,Uganda,PMO - US,From RDC,N/A - From RDC,Air,2010-01-29,2009-09-18,2010-03-18,2010-03-17,2010-03-17,ARV,Adult,SCMS from RDC,"Lamivudine/Zidovudine 150/300mg, tablets, 60 Tabs",Lamivudine/Zidovudine,Generic,150/300mg,Tablet - FDC,60,3000,26280.0,8.76,0.15,Mylan (formerly Matrix) Nashik,False,342.0,2485.92,56.66
9363,85655,104-CI-T30,FPQ-4378,SO-34372,DN-1656,Côte d'Ivoire,PMO - US,From RDC,N/A - From RDC,Air,2009-10-15,2009-10-06,2010-04-06,2010-03-01,2010-03-01,ARV,Pediatric,SCMS from RDC,"Zidovudine 10mg/ml, oral solution, Bottle, 240 ml",Zidovudine,Generic,10mg/ml,Oral solution,240,7107,14924.7,2.1,0.01,"Aurobindo Unit III, India",True,2633.0,3688.33,29.25
9364,85656,113-ZW-T30,FPQ-4472,SO-27210,DN-1657,Zimbabwe,PMO - US,From RDC,N/A - From RDC,Truck,2009-03-17,2009-09-30,2010-03-31,2010-03-12,2010-03-12,ARV,Adult,SCMS from RDC,"Efavirenz 600mg, tablets, 30 Tabs",Efavirenz,Generic,600mg,Tablet,30,4000,20520.0,5.13,0.17,"Aurobindo Unit III, India",False,810.0,6721.705,40.22
9365,85657,106-HT-T30,FPQ-4384,SO-35930,DN-1668,Haiti,PMO - US,From RDC,N/A - From RDC,Air,2009-10-23,2009-10-07,2010-04-07,2010-03-03,2010-03-03,ARV,Adult,SCMS from RDC,"Zidovudine 300mg, tablets, 60 Tabs",Zidovudine,Generic,300mg,Tablet,60,1680,12650.4,7.53,0.13,Mylan (formerly Matrix) Nashik,False,260.0,2946.7200000000003,27.27
9366,85658,106-HT-T30,FPQ-5152,SO-35950,DN-1669,Haiti,PMO - US,From RDC,N/A - From RDC,Air,2010-02-12,2009-09-02,2010-03-02,2010-03-03,2010-03-03,ARV,Adult,SCMS from RDC,"Indinavir 400mg [Crixivan], capsules, 180 Caps",Indinavir,Crixivan,400mg,Capsule,180,450,22500.0,50.0,0.28,"MSD, Haarlem, NL",True,101.0,6036.98,48.51
9367,85659,104-CI-T30,FPQ-4378,SO-34412,DN-1671,Côte d'Ivoire,PMO - US,From RDC,N/A - From RDC,Air,2009-10-15,2009-09-09,2010-03-09,2010-03-10,2010-03-10,ARV,Pediatric,SCMS from RDC,"Lamivudine 10mg/ml, oral solution, Bottle, 240 ml",Lamivudine,Generic,10mg/ml,Oral solution,240,4340,8246.0,1.9,0.01,"Cipla, Goa, India",False,977.0,4063.81,16.16
9368,85660,106-HT-T30,FPQ-4384,SO-34690,DN-1673,Haiti,PMO - US,From RDC,N/A - From RDC,Air,2009-10-23,2009-09-15,2010-03-15,2010-03-15,2010-03-15,ARV,Pediatric,SCMS from RDC,"Efavirenz 50mg, capsule, 30 Caps",Efavirenz,Generic,50mg,Capsule,30,68,152.32,2.24,0.07,"Aurobindo Unit III, India",False,116.0,2946.7200000000003,0.33
9369,85661,151-NG-T30,FPQ-4537,SO-35074,DN-1689,Nigeria,PMO - US,From RDC,N/A - From RDC,Air Charter,2009-11-06,2009-10-19,2010-04-19,2010-03-31,2010-03-31,ARV,Adult,SCMS from RDC,"Emtricitabine/Tenofovir Disoproxil Fumarate 200/300mg, tablets, 30 Tabs",Emtricitabine/Tenofovir Disoproxil Fumarate,Generic,200/300mg,Tablet - FDC,30,5000,58750.0,11.75,0.39,Mylan (formerly Matrix) Nashik,True,404.0,0.0,126.66
9370,85662,151-NG-T30,FPQ-4537,SO-34895,DN-1705,Nigeria,PMO - US,From RDC,N/A - From RDC,Air Charter,2009-11-06,2009-10-19,2010-04-19,2010-03-31,2010-03-31,ARV,Adult,SCMS from RDC,"Nevirapine 200mg, tablets, 60 Tabs",Nevirapine,Generic,200mg,Tablet,60,820,2238.6,2.73,0.05,"Aurobindo Unit III, India",True,79.0,0.0,4.83
9371,85663,151-NG-T30,FPQ-4537,SO-34912,DN-1713,Nigeria,PMO - US,From RDC,N/A - From RDC,Air Charter,2009-11-06,2009-10-19,2010-04-19,2010-03-31,2010-03-31,ARV,Adult,SCMS from RDC,"Efavirenz 600mg, tablets, 30 Tabs",Efavirenz,Generic,600mg,Tablet,30,4882,25044.66,5.13,0.17,"Aurobindo Unit III, India",True,420.0,0.0,54.0
9372,85664,151-NG-T30,FPQ-4537,SO-34919,DN-1712,Nigeria,PMO - US,From RDC,N/A - From RDC,Air Charter,2009-11-06,2009-10-19,2010-04-19,2010-03-31,2010-03-31,ARV,Adult,SCMS from RDC,"Efavirenz 600mg, tablets, 30 Tabs",Efavirenz,Generic,600mg,Tablet,30,751,3852.63,5.13,0.17,"Aurobindo Unit III, India",True,65.0,0.0,8.31
9373,85665,151-NG-T30,FPQ-4537,SO-35062,DN-1721,Nigeria,PMO - US,From RDC,N/A - From RDC,Air Charter,2009-11-06,2009-10-19,2010-04-19,2010-03-31,2010-03-31,ARV,Adult,SCMS from RDC,"Lamivudine/Nevirapine/Zidovudine 150/200/300mg, tablets, 60 Tabs",Lamivudine/Nevirapine/Zidovudine,Generic,150/300/200mg,Tablet - FDC,60,24615,276180.3,11.22,0.19,"Aurobindo Unit III, India",True,2888.0,0.0,595.44
9374,85666,151-NG-T30,FPQ-4537,SO-35066,DN-1726,Nigeria,PMO - US,From RDC,N/A - From RDC,Air Charter,2009-11-06,2009-10-19,2010-04-19,2010-03-31,2010-03-31,ARV,Adult,SCMS from RDC,"Lamivudine/Nevirapine/Zidovudine 150/200/300mg, tablets, 60 Tabs",Lamivudine/Nevirapine/Zidovudine,Generic,150/300/200mg,Tablet - FDC,60,140000,1570800.0,11.22,0.19,"Aurobindo Unit III, India",True,16424.0,0.0,3386.64
9375,85667,151-NG-T30,FPQ-4537,SO-35071,DN-1730,Nigeria,PMO - US,From RDC,N/A - From RDC,Air Charter,2009-11-06,2009-10-19,2010-04-19,2010-03-31,2010-03-31,ARV,Adult,SCMS from RDC,"Emtricitabine/Tenofovir Disoproxil Fumarate 200/300mg, tablets, 30 Tabs",Emtricitabine/Tenofovir Disoproxil Fumarate,Generic,200/300mg,Tablet - FDC,30,31000,364250.0,11.75,0.39,Mylan (formerly Matrix) Nashik,True,2501.0,0.0,785.32
9376,85668,151-NG-T30,FPQ-4537,SO-34893,DN-1703,Nigeria,PMO - US,From RDC,N/A - From RDC,Air Charter,2009-11-06,2009-10-19,2010-04-19,2010-03-31,2010-03-31,ARV,Adult,SCMS from RDC,"Nevirapine 200mg, tablets, 60 Tabs",Nevirapine,Generic,200mg,Tablet,60,19701,53783.73,2.73,0.05,Hetero Unit III Hyderabad IN,True,1150.0,0.0,115.96
9377,85669,114-UG-T30,FPQ-5275,SO-36240,DN-1770,Uganda,PMO - US,From RDC,N/A - From RDC,Air,2010-03-04,2009-12-04,2010-06-04,2010-04-15,2010-04-15,ARV,Adult,SCMS from RDC,"Emtricitabine/Tenofovir Disoproxil Fumarate 200/300mg, tablets, 30 Tabs",Emtricitabine/Tenofovir Disoproxil Fumarate,Generic,200/300mg,Tablet - FDC,30,1300,15275.0,11.75,0.39,Mylan (formerly Matrix) Nashik,True,105.0,2393.54,32.93
9378,85670,151-NG-T30,FPQ-4537,SO-34914,DN-1778,Nigeria,PMO - US,From RDC,N/A - From RDC,Air Charter,2009-11-06,2009-11-30,2010-05-31,2010-05-18,2010-05-18,ARV,Adult,SCMS from RDC,"Efavirenz 600mg, tablets, 30 Tabs",Efavirenz,Generic,600mg,Tablet,30,7500,35625.0,4.75,0.16,"Aurobindo Unit III, India",True,662.0,9736.1,76.81
9379,85671,151-NG-T30,FPQ-4537,SO-35051,DN-1821,Nigeria,PMO - US,From RDC,N/A - From RDC,Air Charter,2009-11-06,2009-11-30,2010-05-31,2010-05-18,2010-05-18,ARV,Adult,SCMS from RDC,"Lamivudine/Zidovudine 150/300mg, tablets, 60 Tabs",Lamivudine/Zidovudine,Generic,150/300mg,Tablet - FDC,60,20579,180272.04,8.76,0.15,Hetero Unit III Hyderabad IN,True,1773.0,9736.1,388.67
9380,85672,113-ZW-T30,FPQ-4694,SO-35400,DN-1829,Zimbabwe,PMO - US,From RDC,N/A - From RDC,Truck,2009-12-08,2009-11-30,2010-05-31,2010-05-31,2010-05-31,ARV,Adult,SCMS from RDC,"Efavirenz 600mg, tablets, 30 Tabs",Efavirenz,Generic,600mg,Tablet,30,5900,28025.0,4.75,0.16,"Aurobindo Unit III, India",False,1397.0,6721.705,60.42
9381,85673,106-HT-T30,FPQ-4384,SO-34650,DN-1833,Haiti,PMO - US,From RDC,N/A - From RDC,Air,2009-10-23,2009-11-19,2010-05-19,2010-05-19,2010-05-19,ARV,Adult,SCMS from RDC,"Efavirenz 600mg, tablets, 30 Tabs",Efavirenz,Generic,600mg,Tablet,30,6576,31236.0,4.75,0.16,"Strides, Bangalore, India.",False,668.5,2946.7200000000003,67.34
9382,85674,106-HT-T30,FPQ-4384,SO-34640,DN-1842,Haiti,PMO - US,From RDC,N/A - From RDC,Air,2009-10-23,2009-12-02,2010-06-02,2010-06-09,2010-06-09,ARV,Pediatric,SCMS from RDC,"Abacavir 20mg/ml, oral solution, Bottle, 240 ml",Abacavir,Generic,20mg/ml,Oral solution,240,256,3481.6,13.6,0.06,"Aurobindo Unit III, India",False,668.5,2946.7200000000003,7.51
9383,85675,106-HT-T30,FPQ-4384,SO-34640,DN-1842,Haiti,PMO - US,From RDC,N/A - From RDC,Air,2009-10-23,2009-12-02,2010-06-02,2010-06-09,2010-06-09,ARV,Pediatric,SCMS from RDC,"Efavirenz 200mg, capsule, 90 Caps",Efavirenz,Generic,200mg,Capsule,90,168,1631.28,9.71,0.11,"Aurobindo Unit III, India",False,23.0,2946.7200000000003,3.52
9384,85676,114-UG-T30,FPQ-5238,SO-36050,DN-1846,Uganda,PMO - US,From RDC,N/A - From RDC,Air,2010-03-02,2009-12-30,2010-06-30,2010-06-22,2010-06-22,ARV,Adult,SCMS from RDC,"Emtricitabine/Tenofovir Disoproxil Fumarate 200/300mg, tablets, 30 Tabs",Emtricitabine/Tenofovir Disoproxil Fumarate,Generic,200/300mg,Tablet - FDC,30,6000,70500.0,11.75,0.39,Mylan (formerly Matrix) Nashik,True,493.0,7879.03,152.0
9385,85677,151-NG-T30,FPQ-4537,SO-36570,DN-1862,Nigeria,PMO - US,From RDC,N/A - From RDC,Air Charter,2009-11-06,2009-12-30,2010-06-30,2010-06-28,2010-06-28,ARV,Adult,SCMS from RDC,"Lamivudine/Nevirapine/Zidovudine 150/200/300mg, tablets, 60 Tabs",Lamivudine/Nevirapine/Zidovudine,Generic,150/300/200mg,Tablet - FDC,60,34826,390747.72,11.22,0.19,"Aurobindo Unit III, India",True,4099.0,0.0,842.45
9386,85678,104-CI-T30,FPQ-5201,SO-36350,DN-1878,Côte d'Ivoire,PMO - US,From RDC,N/A - From RDC,Air,2010-03-03,2010-01-09,2010-07-09,2010-07-05,2010-07-05,ARV,Pediatric,SCMS from RDC,"Abacavir 20mg/ml, oral solution, Bottle, 240 ml",Abacavir,Generic,20mg/ml,Oral solution,240,448,6092.8,13.6,0.06,"Aurobindo Unit III, India",False,68.0,4063.81,13.14
9387,85679,104-CI-T30,FPQ-4659,SO-35563,DN-1888,Côte d'Ivoire,PMO - US,From RDC,N/A - From RDC,Air,2009-12-08,2010-01-09,2010-07-09,2010-07-05,2010-07-05,ARV,Pediatric,SCMS from RDC,"Didanosine 200mg, chewable/dispersible tablets, 60 Tabs",Didanosine,Generic,200mg,Chewable/dispersible tablet,60,2788,43214.0,15.5,0.26,"Aurobindo Unit III, India",True,588.0,5121.68,93.17
9388,85680,109-TZ-T30,FPQ-5237,SO-36041,DN-1890,Tanzania,PMO - US,From RDC,N/A - From RDC,Air,2010-03-01,2010-01-21,2010-07-21,2010-07-08,2010-07-08,ARV,Adult,SCMS from RDC,"Nevirapine 200mg, tablets, 60 Tabs",Nevirapine,Generic,200mg,Tablet,60,20124,54938.52,2.73,0.05,"Cipla, Goa, India",True,2262.0,10536.12,118.45
9389,85681,151-NG-T30,FPQ-5023,SO-36466,DN-1897,Nigeria,PMO - US,From RDC,N/A - From RDC,Air,2010-02-10,2010-01-15,2010-07-15,2010-06-28,2010-06-28,ARV,Adult,SCMS from RDC,"Nevirapine 200mg, tablets, 60 Tabs",Nevirapine,Generic,200mg,Tablet,60,1000,2730.0,2.73,0.05,"Strides, Bangalore, India.",True,69.0,0.0,5.89
9390,85682,151-NG-T30,FPQ-5023,SO-36440,DN-1898,Nigeria,PMO - US,From RDC,N/A - From RDC,Air,2010-02-10,2010-01-15,2010-07-15,2010-06-28,2010-06-28,ARV,Adult,SCMS from RDC,"Efavirenz 600mg, tablets, 30 Tabs",Efavirenz,Generic,600mg,Tablet,30,44295,203757.0,4.6,0.15,"Strides, Bangalore, India.",True,3045.0,0.0,439.3
9391,85683,151-NG-T30,FPQ-4537,SO-35081,DN-1906,Nigeria,PMO - US,From RDC,N/A - From RDC,Air,2009-11-06,2010-01-21,2010-07-21,2010-06-28,2010-06-28,ARV,Adult,SCMS from RDC,"Lamivudine/Tenofovir Disoproxil Fumarate 300/300mg, tablets, 30 Tabs",Lamivudine/Tenofovir Disoproxil Fumarate,Generic,300/300mg,Tablet - FDC,30,75159,751590.0,10.0,0.33,Mylan (formerly Matrix) Nashik,True,6773.0,0.0,1620.43
9392,85684,151-NG-T30,FPQ-5023,SO-36480,DN-1908,Nigeria,PMO - US,From RDC,N/A - From RDC,Air,2010-02-10,2010-01-15,2010-07-15,2010-06-28,2010-06-28,ARV,Adult,SCMS from RDC,"Stavudine 30mg, capsules, 60 Caps",Stavudine,Generic,30mg,Capsule,60,2250,3285.0,1.46,0.02,"Aurobindo Unit III, India",True,763.0,0.0,7.08
9393,85685,151-NG-T30,FPQ-5023,SO-36491,DN-1910,Nigeria,PMO - US,From RDC,N/A - From RDC,Air,2010-02-10,2010-01-15,2010-07-15,2010-06-28,2010-06-28,ARV,Adult,SCMS from RDC,"Lamivudine 150mg, tablets, 60 Tabs",Lamivudine,Generic,150mg,Tablet,60,6000,14640.0,2.44,0.04,"Aurobindo Unit III, India",True,285.0,0.0,31.56
9394,85686,151-NG-T30,FPQ-5023,SO-36521,DN-1922,Nigeria,PMO - US,From RDC,N/A - From RDC,Air,2010-02-10,2010-01-15,2010-07-15,2010-06-28,2010-06-28,ARV,Pediatric,SCMS from RDC,"Efavirenz 200mg, capsule, 90 Caps",Efavirenz,Generic,200mg,Capsule,90,500,4855.0,9.71,0.11,"Aurobindo Unit III, India",True,60.0,0.0,10.47
9395,85687,151-NG-T30,FPQ-5023,SO-36530,DN-1924,Nigeria,PMO - US,From RDC,N/A - From RDC,Air,2010-02-10,2010-01-15,2010-07-15,2010-06-28,2010-06-28,ARV,Adult,SCMS from RDC,"Lamivudine/Zidovudine+Efavirenz 150/300mg+600mg, tablets, co-blister 60+30 Tabs",Lamivudine/Zidovudine+Efavirenz,Generic,150/300mg+600mg,Tablet - FDC + co-blister,90,213,4473.0,21.0,0.23,"Strides, Bangalore, India.",False,928.0,0.0,9.64
9396,85688,151-NG-T30,FPQ-5023,SO-36410,DN-1928,Nigeria,PMO - US,From RDC,N/A - From RDC,Air,2010-02-10,2010-01-15,2010-07-15,2010-06-28,2010-06-28,ARV,Adult,SCMS from RDC,"Emtricitabine/Tenofovir Disoproxil Fumarate 200/300mg, tablets, 30 Tabs",Emtricitabine/Tenofovir Disoproxil Fumarate,Generic,200/300mg,Tablet - FDC,30,55797,655614.75,11.75,0.39,Mylan (formerly Matrix) Nashik,True,4665.0,0.0,1413.51
9397,85689,151-NG-T30,FPQ-5023,SO-36421,DN-1931,Nigeria,PMO - US,From RDC,N/A - From RDC,Air,2010-02-10,2010-01-15,2010-07-15,2010-06-28,2010-06-28,ARV,Adult,SCMS from RDC,"Efavirenz/Emtricitabine/Tenofovir Disoproxil Fumarate 600/200/300mg, tablets, 30 Tabs",Efavirenz/Emtricitabine/Tenofovir Disoproxil Fumarate,Generic,600/200/300mg,Tablet - FDC,30,35000,697200.0,19.92,0.66,Mylan (formerly Matrix) Nashik,True,3869.0,0.0,1503.16
9398,85690,151-NG-T30,FPQ-5023,SO-36423,DN-1933,Nigeria,PMO - US,From RDC,N/A - From RDC,Air,2010-02-10,2010-01-15,2010-07-15,2010-06-28,2010-06-28,ARV,Adult,SCMS from RDC,"Efavirenz/Emtricitabine/Tenofovir Disoproxil Fumarate 600/200/300mg, tablets, 30 Tabs",Efavirenz/Emtricitabine/Tenofovir Disoproxil Fumarate,Generic,600/200/300mg,Tablet - FDC,30,1000,19920.0,19.92,0.66,Mylan (formerly Matrix) Nashik,True,91.0,0.0,42.95
9399,85691,151-NG-T30,FPQ-5023,SO-36540,DN-1937,Nigeria,PMO - US,From RDC,N/A - From RDC,Air,2010-02-10,2010-01-15,2010-07-15,2010-06-28,2010-06-28,ARV,Adult,SCMS from RDC,"Lamivudine/Zidovudine 150/300mg, tablets, 60 Tabs",Lamivudine/Zidovudine,Generic,150/300mg,Tablet - FDC,60,33000,289080.0,8.76,0.15,Mylan (formerly Matrix) Nashik,True,2654.0,0.0,623.26
9400,85692,151-NG-T30,FPQ-5023,SO-36544,DN-1940,Nigeria,PMO - US,From RDC,N/A - From RDC,Air,2010-02-10,2010-01-15,2010-07-15,2010-06-28,2010-06-28,ARV,Adult,SCMS from RDC,"Lamivudine/Zidovudine 150/300mg, tablets, 60 Tabs",Lamivudine/Zidovudine,Generic,150/300mg,Tablet - FDC,60,2000,17520.0,8.76,0.15,Mylan (formerly Matrix) Nashik,True,161.0,0.0,37.77
9401,85693,114-UG-T30,FPQ-5238,SO-36070,DN-1949,Uganda,PMO - US,From RDC,N/A - From RDC,Air,2010-03-02,2010-02-04,2010-08-04,2010-08-02,2010-08-02,ARV,Adult,SCMS from RDC,"Lamivudine/Zidovudine 150/300mg, tablets, 60 Tabs",Lamivudine/Zidovudine,Generic,150/300mg,Tablet - FDC,60,3000,26280.0,8.76,0.15,"Aurobindo Unit III, India",False,342.0,2485.92,56.66
9402,85694,151-NG-T30,FPQ-5023,SO-36437,DN-1956,Nigeria,PMO - US,From RDC,N/A - From RDC,Air Charter,2010-02-10,2010-02-16,2010-08-16,2010-08-17,2010-08-17,ARV,Adult,SCMS from RDC,"Lamivudine/Nevirapine/Zidovudine 150/200/300mg, tablets, 60 Tabs",Lamivudine/Nevirapine/Zidovudine,Generic,150/300/200mg,Tablet - FDC,60,55070,617885.4,11.22,0.19,"Aurobindo Unit III, India",True,7253.0,6147.18,1332.16
9403,85695,106-HT-T30,FPQ-5523,SO-36760,DN-1964,Haiti,PMO - US,From RDC,N/A - From RDC,Air,2010-04-19,2010-02-10,2010-08-10,2010-08-23,2010-08-23,ARV,Pediatric,SCMS from RDC,"Lamivudine 10mg/ml, oral solution, Bottle, 240 ml",Lamivudine,Generic,10mg/ml,Oral solution,240,3584,6917.12,1.93,0.01,"Cipla, Goa, India",False,668.5,2946.7200000000003,14.91
9404,85696,151-NG-T30,FPQ-5023,SO-36433,DN-1884,Nigeria,PMO - US,From RDC,N/A - From RDC,Air,2010-02-10,2010-02-28,2010-08-31,2010-08-17,2010-08-17,ARV,Adult,SCMS from RDC,"Lamivudine/Nevirapine/Zidovudine 150/200/300mg, tablets, 60 Tabs",Lamivudine/Nevirapine/Zidovudine,Generic,150/300/200mg,Tablet - FDC,60,10000,112200.0,11.22,0.19,"Aurobindo Unit III, India",True,1250.0,6147.18,241.9
9405,85697,151-NG-T30,FPQ-5688,SO-36930,DN-1974,Nigeria,PMO - US,From RDC,N/A - From RDC,Air Charter,2010-05-27,2010-02-28,2010-08-31,2010-08-17,2010-08-17,ARV,Adult,SCMS from RDC,"Lamivudine/Nevirapine/Zidovudine 150/200/300mg, tablets, 60 Tabs",Lamivudine/Nevirapine/Zidovudine,Generic,150/300/200mg,Tablet - FDC,60,80000,897600.0,11.22,0.19,"Aurobindo Unit III, India",True,10519.0,6147.18,1935.23
9406,85698,151-NG-T30,FPQ-5688,SO-36933,DN-1977,Nigeria,PMO - US,From RDC,N/A - From RDC,Air Charter,2010-05-27,2010-02-28,2010-08-31,2010-08-17,2010-08-17,ARV,Adult,SCMS from RDC,"Lamivudine/Nevirapine/Zidovudine 150/200/300mg, tablets, 60 Tabs",Lamivudine/Nevirapine/Zidovudine,Generic,150/300/200mg,Tablet - FDC,60,15000,168300.0,11.22,0.19,"Aurobindo Unit III, India",True,1972.0,6147.18,362.85
9407,85699,151-NG-T30,FPQ-5023,SO-36450,DN-1980,Nigeria,PMO - US,From RDC,N/A - From RDC,Air Charter,2010-02-10,2010-02-28,2010-08-31,2010-08-17,2010-08-17,ARV,Adult,SCMS from RDC,"Abacavir 300mg, tablets, 60 Tabs",Abacavir,Generic,300mg,Tablet,60,2300,37812.0,16.44,0.27,"Aurobindo Unit III, India",True,336.0,6147.18,81.52
9408,85700,104-CI-T30,FPQ-5201,SO-36311,DN-1982,Côte d'Ivoire,PMO - US,From RDC,N/A - From RDC,Air,2010-03-03,2010-02-23,2010-08-23,2010-08-23,2010-08-23,ARV,Adult,SCMS from RDC,"Abacavir/Lamivudine 600/300mg, scored tablets, 30 Tabs",Abacavir/Lamivudine,Generic,600/300mg,Tablet - FDC,30,1500,33750.0,22.5,0.75,Mylan (formerly Matrix) Nashik,False,575.0,4063.81,72.76
9409,85702,102-UG-T30,FPQ-6202,SO-37260,DN-1998,Uganda,PMO - US,From RDC,N/A - From RDC,Air,2010-08-06,2010-03-30,2010-09-30,2010-08-23,2010-08-23,ARV,Adult,SCMS from RDC,"Lamivudine/Zidovudine 150/300mg, tablets, 60 Tabs",Lamivudine/Zidovudine,Generic,150/300mg,Tablet - FDC,60,2999,25641.45,8.55,0.14,Hetero Unit III Hyderabad IN,False,668.5,2485.92,55.28
9410,85703,104-CI-T30,FPQ-5623,SO-36900,DN-2001,Côte d'Ivoire,PMO - US,From RDC,N/A - From RDC,Air,2010-05-07,2010-03-21,2010-09-21,2010-09-06,2010-09-06,ARV,Adult,SCMS from RDC,"Lamivudine/Zidovudine 150/300mg, tablets, 60 Tabs",Lamivudine/Zidovudine,Generic,150/300mg,Tablet - FDC,60,40752,348429.6,8.55,0.14,Hetero Unit III Hyderabad IN,True,3506.0,8815.65,751.21
9411,85704,110-ZM-T30,FPQ-5702,SO-36844,DN-2003,Zambia,PMO - US,From RDC,N/A - From RDC,Air,2010-05-20,2010-03-22,2010-09-22,2010-09-01,2010-09-01,ARV,Adult,SCMS from RDC,"Lamivudine/Zidovudine 150/300mg, tablets, 60 Tabs",Lamivudine/Zidovudine,Generic,150/300mg,Tablet - FDC,60,112227,959540.85,8.55,0.14,Hetero Unit III Hyderabad IN,False,668.5,14019.38,2068.77
9412,85705,117-ET-T30,FPQ-5581,SO-36680,DN-2006,Ethiopia,PMO - US,From RDC,N/A - From RDC,Air,2010-04-28,2010-03-15,2010-09-15,2010-09-13,2010-09-13,ARV,Adult,SCMS from RDC,"Lamivudine 150mg, tablets, 60 Tabs",Lamivudine,Generic,150mg,Tablet,60,1800,4194.0,2.33,0.04,"Aurobindo Unit III, India",True,74.0,530.36,9.04
9413,85706,104-CI-T30,FPQ-5623,SO-36880,DN-2011,Côte d'Ivoire,PMO - US,From RDC,N/A - From RDC,Air,2010-05-07,2010-03-30,2010-09-30,2010-09-25,2010-09-25,ARV,Pediatric,SCMS from RDC,"Abacavir 20mg/ml, oral solution, Bottle, 240 ml",Abacavir,Generic,20mg/ml,Oral solution,240,116,1577.6,13.6,0.06,"Aurobindo Unit III, India",False,668.5,4063.81,3.4
9414,85707,104-CI-T30,FPQ-5925,SO-37142,DN-2013,Côte d'Ivoire,PMO - US,From RDC,N/A - From RDC,Truck,2010-06-23,2010-03-30,2010-09-30,2010-09-25,2010-09-25,ARV,Adult,SCMS from RDC,"Lamivudine/Stavudine 150/30mg, tablets, 60 Tabs",Lamivudine/Stavudine,Generic,150/30mg,Tablet - FDC,60,2376,7793.28,3.28,0.05,Mylan (formerly Matrix) Nashik,True,189.0,8953.21,16.8
9415,85708,111-MZ-T30,FPQ-5127,SO-36020,DN-2014,Mozambique,PMO - US,From RDC,N/A - From RDC,Truck,2010-02-15,2010-04-15,2010-10-15,2010-10-29,2010-10-29,ARV,Adult,SCMS from RDC,"Lamivudine/Nevirapine/Zidovudine 150/200/300mg, tablets, 60 Tabs",Lamivudine/Nevirapine/Zidovudine,Generic,150/300/200mg,Tablet - FDC,60,48551,544742.22,11.22,0.19,Mylan (formerly Matrix) Nashik,True,15664.0,11884.42,1174.46
9416,85709,113-ZW-T30,FPQ-4694,SO-35380,DN-2019,Zimbabwe,PMO - US,From RDC,N/A - From RDC,Truck,2009-12-08,2010-03-30,2010-09-30,2010-10-04,2010-10-04,ARV,Adult,SCMS from RDC,"Efavirenz 600mg, tablets, 30 Tabs",Efavirenz,Generic,600mg,Tablet,30,5900,25606.0,4.34,0.14,"Aurobindo Unit III, India",False,1397.0,6721.705,55.21
9417,85710,106-HT-T30,FPQ-5523,SO-36780,DN-2021,Haiti,PMO - US,From RDC,N/A - From RDC,Air,2010-04-19,2010-04-20,2010-10-20,2010-10-21,2010-10-21,ARV,Adult,SCMS from RDC,"Stavudine 30mg, capsules, 60 Caps",Stavudine,Generic,30mg,Capsule,60,14448,20371.68,1.41,0.02,"Strides, Bangalore, India.",False,2284.0,2946.7200000000003,43.92
9418,85711,151-NG-T30,FPQ-5688,SO-37500,DN-2025,Nigeria,PMO - US,From RDC,N/A - From RDC,Air,2010-05-27,2010-04-22,2010-10-22,2010-11-10,2010-11-10,ARV,Adult,SCMS from RDC,"Efavirenz/Emtricitabine/Tenofovir Disoproxil Fumarate 600/200/300mg, tablets, 30 Tabs",Efavirenz/Emtricitabine/Tenofovir Disoproxil Fumarate,Generic,600/200/300mg,Tablet - FDC,30,33162,660587.04,19.92,0.66,Mylan (formerly Matrix) Nashik,False,668.5,10144.765,1424.23
9419,85712,102-UG-T30,FPQ-6202,SO-37270,DN-2028,Uganda,PMO - US,From RDC,N/A - From RDC,Truck,2010-08-06,2010-04-29,2010-10-29,2010-10-15,2010-10-15,ARV,Adult,SCMS from RDC,"Lamivudine/Nevirapine/Zidovudine 150/200/300mg, tablets, 60 Tabs",Lamivudine/Nevirapine/Zidovudine,Generic,150/300/200mg,Tablet - FDC,60,30000,336600.0,11.22,0.19,"Aurobindo Unit III, India",True,4050.0,15759.47,725.71
9420,85713,110-ZM-T30,FPQ-5702,SO-36842,DN-2032,Zambia,PMO - US,From RDC,N/A - From RDC,Truck,2010-05-20,2010-05-04,2010-11-04,2010-11-08,2010-11-08,ARV,Adult,SCMS from RDC,"Lamivudine/Nevirapine/Stavudine 150/200/30mg, tablets, 60 Tabs",Lamivudine/Nevirapine/Stavudine,Generic,150/200/30mg,Tablet - FDC,60,69247,376011.21,5.43,0.09,"Cipla, Goa, India",False,668.5,6476.695,810.68
9421,85714,109-TZ-T30,FPQ-5237,SO-37180,DN-2040,Tanzania,PMO - US,From RDC,N/A - From RDC,Truck,2010-03-01,2010-05-30,2010-11-30,2010-12-03,2010-12-03,ARV,Adult,SCMS from RDC,"Nevirapine 200mg, tablets, 60 Tabs",Nevirapine,Generic,200mg,Tablet,60,110000,283800.0,2.58,0.04,"Aurobindo Unit III, India",True,12543.0,1979.75,611.87
9422,85715,104-CI-T30,FPQ-5925,SO-37150,DN-2035,Côte d'Ivoire,PMO - US,From RDC,N/A - From RDC,Truck,2010-06-23,2010-05-30,2010-11-30,2010-11-26,2010-11-26,ARV,Pediatric,SCMS from RDC,"Abacavir 20mg/ml, oral solution, Bottle, 240 ml",Abacavir,Generic,20mg/ml,Oral solution,240,412,5603.2,13.6,0.06,"Aurobindo Unit III, India",False,668.5,6757.815,12.08
9423,85716,104-CI-T30,FPQ-5925,SO-37120,DN-2033,Côte d'Ivoire,PMO - US,From RDC,N/A - From RDC,Truck,2010-06-23,2010-04-28,2010-10-28,2010-11-23,2010-11-23,ARV,Adult,SCMS from RDC,"Abacavir 300mg, tablets, 60 Tabs",Abacavir,Generic,300mg,Tablet,60,5070,80562.3,15.89,0.26,Mylan (formerly Matrix) Nashik,False,668.5,6757.815,173.69
9424,85717,104-CI-T30,FPQ-5925,SO-37120,DN-2033,Côte d'Ivoire,PMO - US,From RDC,N/A - From RDC,Truck,2010-06-23,2010-04-28,2010-10-28,2010-11-23,2010-11-23,ARV,Pediatric,SCMS from RDC,"Efavirenz 50mg, capsule, 30 Caps",Efavirenz,Generic,50mg,Capsule,30,1764,3951.36,2.24,0.07,"Aurobindo Unit III, India",False,110.0,6757.815,8.52
9425,85718,104-CI-T30,FPQ-5925,SO-37120,DN-2033,Côte d'Ivoire,PMO - US,From RDC,N/A - From RDC,Truck,2010-06-23,2010-04-28,2010-10-28,2010-11-23,2010-11-23,ARV,Adult,SCMS from RDC,"Efavirenz 600mg, tablets, 30 Tabs",Efavirenz,Generic,600mg,Tablet,30,69384,313615.68,4.52,0.15,Mylan (formerly Matrix) Nashik,False,668.5,6757.815,676.16
9426,85719,113-ZW-T30,FPQ-4694,SO-35370,DN-2041,Zimbabwe,PMO - US,From RDC,N/A - From RDC,Truck,2009-12-08,2010-05-30,2010-11-30,2010-11-25,2010-11-25,ARV,Adult,SCMS from RDC,"Lamivudine/Stavudine 150/30mg, tablets, 60 Tabs",Lamivudine/Stavudine,Generic,150/30mg,Tablet - FDC,60,5900,18880.0,3.2,0.05,"Cipla, Goa, India",False,1397.0,6721.705,40.71
9427,85720,151-NG-T30,FPQ-5023,SO-37210,DN-2046,Nigeria,PMO - US,From RDC,N/A - From RDC,Air Charter,2010-02-10,2010-05-16,2010-11-16,2010-11-10,2010-11-10,ARV,Adult,SCMS from RDC,"Nevirapine 200mg, tablets, 60 Tabs",Nevirapine,Generic,200mg,Tablet,60,350,903.0,2.58,0.04,"Aurobindo Unit III, India",True,40.0,20264.93,1.95
9428,85721,102-UG-T30,FPQ-6202,SO-37510,DN-2048,Uganda,PMO - US,From RDC,N/A - From RDC,Air,2010-08-06,2010-05-26,2010-11-26,2010-11-23,2010-11-23,ARV,Adult,SCMS from RDC,"Lamivudine/Nevirapine/Zidovudine 150/200/300mg, tablets, 60 Tabs",Lamivudine/Nevirapine/Zidovudine,Generic,150/300/200mg,Tablet - FDC,60,115745,1298658.9,11.22,0.19,Mylan (formerly Matrix) Nashik,True,15500.0,83195.98,2799.91
9429,85722,117-ET-T30,FPQ-6428,SO-37620,DN-2050,Ethiopia,PMO - US,From RDC,N/A - From RDC,Air,2010-09-24,2010-05-19,2010-11-19,2010-11-08,2010-11-08,ARV,Adult,SCMS from RDC,"Zidovudine 300mg, tablets, 60 Tabs",Zidovudine,Generic,300mg,Tablet,60,500,3605.0,7.21,0.12,"Aurobindo Unit III, India",False,83.0,4672.77,7.77
9430,85723,110-ZM-T30,FPQ-6221,SO-37320,DN-2054,Zambia,PMO - US,From RDC,N/A - From RDC,Truck,2010-08-20,2010-06-30,2010-12-31,2010-11-25,2010-11-25,ARV,Adult,SCMS from RDC,"Lamivudine/Zidovudine 150/300mg, tablets, 60 Tabs",Lamivudine/Zidovudine,Generic,150/300mg,Tablet - FDC,60,75000,641250.0,8.55,0.14,"Aurobindo Unit III, India",False,9057.0,6476.695,1382.54
9431,85724,104-CI-T30,FPQ-5925,SO-37740,DN-2064,Côte d'Ivoire,PMO - US,From RDC,N/A - From RDC,Air,2010-06-23,2010-05-30,2010-11-30,2010-12-09,2010-12-09,ARV,Adult,SCMS from RDC,"Stavudine 20mg, capsules, 60 Caps",Stavudine,Generic,20mg,Capsule,60,1013,1448.59,1.43,0.02,"Aurobindo Unit III, India",False,668.5,4063.81,3.12
9432,85725,104-CI-T30,FPQ-5925,SO-37740,DN-2064,Côte d'Ivoire,PMO - US,From RDC,N/A - From RDC,Air,2010-06-23,2010-05-30,2010-11-30,2010-12-09,2010-12-09,ARV,Pediatric,SCMS from RDC,"Nevirapine 10mg/ml, oral suspension w/syringe, Bottle, 240 ml",Nevirapine,Generic,10mg/ml,Oral suspension,240,4200,8190.0,1.95,0.01,"Aurobindo Unit III, India",False,275.0,4063.81,17.66
9433,85726,200-DO-T30,FPQ-6616,SO-38020,DN-2065,Dominican Republic,PMO - US,From RDC,N/A - From RDC,Air,2010-10-25,2010-07-31,2011-01-31,2010-12-08,2010-12-08,ARV,Adult,SCMS from RDC,"Stavudine 30mg, capsules, 60 Caps",Stavudine,Generic,30mg,Capsule,60,1207,1689.8,1.4,0.02,"Aurobindo Unit III, India",False,668.5,3026.24,2.79
9434,85727,200-DO-T30,FPQ-6616,SO-38020,DN-2065,Dominican Republic,PMO - US,From RDC,N/A - From RDC,Air,2010-10-25,2010-07-31,2011-01-31,2010-12-08,2010-12-08,ARV,Adult,SCMS from RDC,"Tenofovir Disoproxil Fumarate 300mg, tablets, 30 Tabs",Tenofovir Disoproxil Fumarate,Generic,300mg,Tablet,30,2615,18383.45,7.03,0.23,Mylan (formerly Matrix) Nashik,False,668.5,3026.24,30.33
9435,85728,110-ZM-T30,FPQ-6221,SO-37340,DN-2072,Zambia,PMO - US,From RDC,N/A - From RDC,Truck,2010-08-20,2010-05-15,2010-11-15,2010-12-10,2010-12-10,ARV,Adult,SCMS from RDC,"Nevirapine 200mg, tablets, 60 Tabs",Nevirapine,Generic,200mg,Tablet,60,10000,26600.0,2.66,0.04,Hetero Unit III Hyderabad IN,False,1097.5,6476.695,57.35
9436,85729,106-HT-T30,FPQ-6484,SO-37760,DN-2073,Haiti,PMO - US,From RDC,N/A - From RDC,Air,2010-10-13,2010-06-20,2010-12-20,2011-01-05,2011-01-05,ARV,Adult,SCMS from RDC,"Emtricitabine/Tenofovir Disoproxil Fumarate 200/300mg, tablets, 30 Tabs",Emtricitabine/Tenofovir Disoproxil Fumarate,Generic,200/300mg,Tablet - FDC,30,400,4700.0,11.75,0.39,Mylan (formerly Matrix) Nashik,False,81.0,2946.7200000000003,10.13
9437,85730,106-HT-T30,FPQ-6484,SO-37760,DN-2073,Haiti,PMO - US,From RDC,N/A - From RDC,Air,2010-10-13,2010-06-20,2010-12-20,2011-01-05,2011-01-05,ARV,Pediatric,SCMS from RDC,"Lamivudine 10mg/ml, oral solution w/syringe, Bottle, 240 ml",Lamivudine,Generic,10mg/ml,Oral solution,240,8000,14800.0,1.85,0.01,"Aurobindo Unit III, India",False,1023.0,2946.7200000000003,31.91
9438,85731,151-NG-T30,FPQ-6243,SO-38320,DN-2090,Nigeria,PMO - US,From RDC,N/A - From RDC,Air Charter,2010-08-25,2010-08-22,2011-02-22,2011-02-16,2011-02-16,ARV,Adult,SCMS from RDC,"Efavirenz/Emtricitabine/Tenofovir Disoproxil Fumarate 600/200/300mg, tablets, 30 Tabs",Efavirenz/Emtricitabine/Tenofovir Disoproxil Fumarate,Generic,600/200/300mg,Tablet - FDC,30,43638,869268.96,19.92,0.66,Mylan (formerly Matrix) Nashik,False,668.5,12601.07,1874.14
9439,85732,151-NG-T30,FPQ-6243,SO-38320,DN-2090,Nigeria,PMO - US,From RDC,N/A - From RDC,Air Charter,2010-08-25,2010-08-22,2011-02-22,2011-02-16,2011-02-16,ARV,Adult,SCMS from RDC,"Lamivudine/Nevirapine/Zidovudine 150/200/300mg, tablets, 60 Tabs",Lamivudine/Nevirapine/Zidovudine,Generic,150/300/200mg,Tablet - FDC,60,100000,1122000.0,11.22,0.19,Mylan (formerly Matrix) Nashik,False,9389.5,12601.07,2419.03
9440,85733,104-CI-T30,FPQ-5925,SO-37130,DN-2095,Côte d'Ivoire,PMO - US,From RDC,N/A - From RDC,Air,2010-06-23,2010-08-22,2011-02-22,2011-02-22,2011-02-22,ARV,Adult,SCMS from RDC,"Lamivudine/Stavudine 150/30mg, tablets, 60 Tabs",Lamivudine/Stavudine,Generic,150/30mg,Tablet - FDC,60,33998,111513.44,3.28,0.05,Mylan (formerly Matrix) Nashik,True,7275.0,8758.36,240.42
9441,85734,104-CI-T30,FPQ-5925,SO-37130,DN-2095,Côte d'Ivoire,PMO - US,From RDC,N/A - From RDC,Air,2010-06-23,2010-08-22,2011-02-22,2011-02-22,2011-02-22,ARV,Adult,SCMS from RDC,"Lamivudine/Stavudine 150/30mg, tablets, 60 Tabs",Lamivudine/Stavudine,Generic,150/30mg,Tablet - FDC,60,63000,206640.0,3.28,0.05,Mylan (formerly Matrix) Nashik,False,668.5,4063.81,445.52
9442,85735,151-NG-T30,FPQ-6243,SO-38390,DN-2101,Nigeria,PMO - US,From RDC,N/A - From RDC,Air Charter,2010-08-25,2010-08-17,2011-02-17,2011-02-16,2011-02-16,ARV,Adult,SCMS from RDC,"Tenofovir Disoproxil Fumarate 300mg, tablets, 30 Tabs",Tenofovir Disoproxil Fumarate,Generic,300mg,Tablet,30,3000,19710.0,6.57,0.22,"Aurobindo Unit III, India",True,2252.0,43548.0,42.49
9443,85736,109-TZ-T30,FPQ-5436,SO-36610,DN-2102,Tanzania,PMO - US,From RDC,N/A - From RDC,Air,2010-04-01,2010-08-28,2011-02-28,2011-02-28,2011-02-28,ARV,Pediatric,SCMS from RDC,"Didanosine 100mg, chewable/dispersible tablets, 60 Tabs",Didanosine,Generic,100mg,Chewable/dispersible tablet,60,625,4825.0,7.72,0.13,"Aurobindo Unit III, India",False,60.0,8925.0,10.4
9444,85737,109-TZ-T30,FPQ-5237,SO-37910,DN-2103,Tanzania,PMO - US,From RDC,N/A - From RDC,Truck,2010-03-01,2010-08-28,2011-02-28,2011-02-28,2011-02-28,ARV,Adult,SCMS from RDC,"Nevirapine 200mg, tablets, 60 Tabs",Nevirapine,Generic,200mg,Tablet,60,36576,94366.08,2.58,0.04,"Aurobindo Unit III, India",True,4145.0,1647.0,203.45
9445,85738,104-CI-T30,FPQ-6499,SO-38500,DN-2110,Côte d'Ivoire,PMO - US,From RDC,N/A - From RDC,Air,2010-10-04,2010-08-15,2011-02-15,2011-02-23,2011-02-23,ARV,Adult,SCMS from RDC,"Efavirenz/Emtricitabine/Tenofovir Disoproxil Fumarate 600/200/300mg, tablets, 30 Tabs",Efavirenz/Emtricitabine/Tenofovir Disoproxil Fumarate,Generic,600/200/300mg,Tablet - FDC,30,4800,95616.0,19.92,0.66,Mylan (formerly Matrix) Nashik,True,532.0,7441.57,157.77
9446,85739,106-HT-T30,FPQ-6484,SO-38120,DN-2113,Haiti,PMO - US,From RDC,N/A - From RDC,Air,2010-10-13,2010-08-28,2011-02-28,2011-02-14,2011-02-14,ARV,Adult,SCMS from RDC,"Lamivudine/Tenofovir Disoproxil Fumarate 300/300mg, tablets, 30 Tabs",Lamivudine/Tenofovir Disoproxil Fumarate,Generic,300/300mg,Tablet - FDC,30,1040,9172.8,8.82,0.29,Mylan (formerly Matrix) Nashik,False,238.5,2946.7200000000003,19.78
9447,85740,110-ZM-T30,FPQ-6222,SO-37350,DN-2117,Zambia,PMO - US,From RDC,N/A - From RDC,Truck,2010-08-20,2010-09-30,2011-03-31,2011-03-07,2011-03-07,ARV,Adult,SCMS from RDC,"Efavirenz 600mg, tablets, 30 Tabs",Efavirenz,Generic,600mg,Tablet,30,307216,1327173.12,4.32,0.14,Mylan (formerly Matrix) Nashik,False,668.5,6476.695,2861.39
9448,85741,110-ZM-T30,FPQ-6222,SO-37350,DN-2117,Zambia,PMO - US,From RDC,N/A - From RDC,Truck,2010-08-20,2010-09-30,2011-03-31,2011-03-07,2011-03-07,ARV,Adult,SCMS from RDC,"Efavirenz 600mg, tablets, 30 Tabs",Efavirenz,Generic,600mg,Tablet,30,11729,50669.28,4.32,0.14,"Aurobindo Unit III, India",False,668.5,6476.695,109.24
9449,85742,113-ZW-T30,FPQ-6470,SO-37830,DN-2127,Zimbabwe,PMO - US,From RDC,N/A - From RDC,Truck,2010-10-13,2010-09-30,2011-03-31,2011-03-17,2011-03-17,ARV,Adult,SCMS from RDC,"Efavirenz 600mg, tablets, 30 Tabs",Efavirenz,Generic,600mg,Tablet,30,6392,27741.28,4.34,0.14,Mylan (formerly Matrix) Nashik,False,555.0,6721.705,59.81
9450,85743,113-ZW-T30,FPQ-6470,SO-37830,DN-2127,Zimbabwe,PMO - US,From RDC,N/A - From RDC,Truck,2010-10-13,2010-09-30,2011-03-31,2011-03-17,2011-03-17,ARV,Adult,SCMS from RDC,"Lamivudine/Stavudine 150/30mg, tablets, 60 Tabs",Lamivudine/Stavudine,Generic,150/30mg,Tablet - FDC,60,4669,14940.8,3.2,0.05,"Cipla, Goa, India",False,357.0,6721.705,32.21
9451,85744,113-ZW-T30,FPQ-6470,SO-38830,DN-2128,Zimbabwe,PMO - US,From RDC,N/A - From RDC,Truck,2010-10-13,2010-09-30,2011-03-31,2011-03-18,2011-03-18,ARV,Adult,SCMS from RDC,"Efavirenz 600mg, tablets, 30 Tabs",Efavirenz,Generic,600mg,Tablet,30,6392,27741.28,4.34,0.14,Mylan (formerly Matrix) Nashik,False,555.0,6721.705,59.81
9452,85745,113-ZW-T30,FPQ-6470,SO-38830,DN-2128,Zimbabwe,PMO - US,From RDC,N/A - From RDC,Truck,2010-10-13,2010-09-30,2011-03-31,2011-03-18,2011-03-18,ARV,Adult,SCMS from RDC,"Lamivudine/Tenofovir Disoproxil Fumarate 300/300mg, tablets, 30 Tabs",Lamivudine/Tenofovir Disoproxil Fumarate,Generic,300/300mg,Tablet - FDC,30,10114,89205.48,8.82,0.29,Mylan (formerly Matrix) Nashik,False,1019.0,6721.705,192.33
9453,85746,117-ET-T30,FPQ-7000,SO-38430,DN-2131,Ethiopia,PMO - US,From RDC,N/A - From RDC,Air,2011-01-07,2010-09-10,2011-03-10,2011-03-11,2011-03-11,ARV,Adult,SCMS from RDC,"Lopinavir/Ritonavir 200/50mg [Aluvia], tablets, 120 Tabs",Lopinavir/Ritonavir,Aluvia,200/50mg,Tablet,120,2680,96908.8,36.16,0.3,ABBVIE Ludwigshafen Germany,True,549.0,3600.65,159.9
9454,85747,114-UG-T30,FPQ-7166,SO-38880,DN-2133,Uganda,PMO - US,From RDC,N/A - From RDC,Air,2011-02-11,2010-09-11,2011-03-11,2011-03-22,2011-03-22,ARV,Adult,SCMS from RDC,"Zidovudine 300mg, tablets, 60 Tabs",Zidovudine,Generic,300mg,Tablet,60,10000,72100.0,7.21,0.12,"Aurobindo Unit III, India",True,1108.0,10648.62,118.96
9455,85748,104-CI-T30,FPQ-6495,SO-38770,DN-2147,Côte d'Ivoire,PMO - US,From RDC,N/A - From RDC,Air,2010-10-04,2010-09-30,2011-03-31,2011-04-29,2011-04-29,ARV,Pediatric,SCMS from RDC,"Zidovudine 10mg/ml, oral solution w/syringe, Bottle, 240 ml",Zidovudine,Generic,10mg/ml,Oral solution,240,5000,10500.0,2.1,0.01,"Aurobindo Unit III, India",True,1841.0,9447.08,22.64
9456,85749,104-CI-T30,FPQ-6891,SO-38540,DN-2153,Côte d'Ivoire,PMO - US,From RDC,N/A - From RDC,Air,2010-12-21,2010-10-20,2011-04-20,2011-06-10,2011-06-10,ARV,Adult,SCMS from RDC,"Abacavir 300mg, tablets, 60 Tabs",Abacavir,Generic,300mg,Tablet,60,3564,55242.0,15.5,0.26,Mylan (formerly Matrix) Nashik,False,668.5,4063.81,91.15
9457,85750,104-CI-T30,FPQ-6891,SO-38570,DN-2161,Côte d'Ivoire,PMO - US,From RDC,N/A - From RDC,Air,2010-12-21,2010-12-30,2011-06-30,2011-06-07,2011-06-07,ARV,Adult,SCMS from RDC,"Efavirenz/Emtricitabine/Tenofovir Disoproxil Fumarate 600/200/300mg, tablets, 30 Tabs",Efavirenz/Emtricitabine/Tenofovir Disoproxil Fumarate,Generic,600/200/300mg,Tablet - FDC,30,5220,103982.4,19.92,0.66,Mylan (formerly Matrix) Nashik,False,668.5,4063.81,171.57
9458,85751,104-CI-T30,FPQ-6499,SO-37730,DN-2158,Côte d'Ivoire,PMO - US,From RDC,N/A - From RDC,Air,2010-10-04,2010-09-24,2011-03-24,2011-06-07,2011-06-07,ARV,Adult,SCMS from RDC,"Efavirenz/Emtricitabine/Tenofovir Disoproxil Fumarate 600/200/300mg, tablets, 30 Tabs",Efavirenz/Emtricitabine/Tenofovir Disoproxil Fumarate,Generic,600/200/300mg,Tablet - FDC,30,300,5976.0,19.92,0.66,Mylan (formerly Matrix) Nashik,False,42.0,4063.81,9.86
9459,85752,151-NG-T30,FPQ-6800,SO-39210,DN-2171,Nigeria,PMO - US,From RDC,N/A - From RDC,Air Charter,2010-12-07,2010-12-21,2011-06-21,2011-05-10,2011-05-10,ARV,Adult,SCMS from RDC,"Nevirapine 200mg, tablets, 60 Tabs",Nevirapine,Generic,200mg,Tablet,60,129557,325188.07,2.51,0.04,"Aurobindo Unit III, India",True,14710.0,12601.07,536.56
9460,85753,151-NG-T30,FPQ-6800,SO-39220,DN-2172,Nigeria,PMO - US,From RDC,N/A - From RDC,Air Charter,2010-12-07,2010-12-21,2011-06-21,2011-05-11,2011-05-11,ARV,Adult,SCMS from RDC,"Tenofovir Disoproxil Fumarate 300mg, tablets, 30 Tabs",Tenofovir Disoproxil Fumarate,Generic,300mg,Tablet,30,156,1024.92,6.57,0.22,Mylan (formerly Matrix) Nashik,True,9.0,12601.07,1.69
9461,85754,151-NG-T30,FPQ-6800,SO-38490,DN-2162,Nigeria,PMO - US,From RDC,N/A - From RDC,Air Charter,2010-12-07,2010-09-30,2011-03-31,2011-05-10,2011-05-10,ARV,Adult,SCMS from RDC,"Lamivudine/Nevirapine/Zidovudine 150/200/300mg, tablets, 60 Tabs",Lamivudine/Nevirapine/Zidovudine,Generic,150/300/200mg,Tablet - FDC,60,154667,1735363.74,11.22,0.19,"Aurobindo Unit III, India",True,20339.0,12601.06,2863.35
9462,85755,200-ZW-T30,FPQ-6483,SO-39290,DN-2180,Zimbabwe,PMO - US,From RDC,N/A - From RDC,Truck,2010-10-13,2010-10-20,2011-04-20,2011-05-20,2011-05-20,ARV,Pediatric,SCMS from RDC,"Lamivudine/Nevirapine/Zidovudine 30/50/60mg, dispersible tablets, 60 Tabs",Lamivudine/Nevirapine/Zidovudine,Generic,30/50/60mg,Chewable/dispersible tablet - FDC,60,55000,233750.0,4.25,0.07,Mylan (formerly Matrix) Nashik,True,5357.0,3403.99,503.96
9463,85756,111-MZ-T30,FPQ-7053,SO-38650,DN-2184,Mozambique,PMO - US,From RDC,N/A - From RDC,Truck,2011-01-24,2010-11-11,2011-05-11,2011-05-25,2011-05-25,ARV,Adult,SCMS from RDC,"Lamivudine/Zidovudine 150/300mg, tablets, 60 Tabs",Lamivudine/Zidovudine,Generic,150/300mg,Tablet - FDC,60,45000,384750.0,8.55,0.14,"Aurobindo Unit III, India",True,4171.0,3936.85,634.84
9464,85757,151-NG-T30,FPQ-6800,SO-39200,DN-2170,Nigeria,PMO - US,From RDC,N/A - From RDC,Air Charter,2010-12-07,2010-12-21,2011-06-21,2011-05-11,2011-05-11,ARV,Adult,SCMS from RDC,"Lamivudine/Zidovudine 150/300mg, tablets, 60 Tabs",Lamivudine/Zidovudine,Generic,150/300mg,Tablet - FDC,60,137900,1139054.0,8.26,0.14,"Aurobindo Unit III, India",True,12766.0,12601.07,1879.44
9465,85758,110-ZM-T30,FPQ-6482,SO-39130,DN-2194,Zambia,PMO - US,From RDC,N/A - From RDC,Truck,2010-10-15,2010-10-30,2011-04-30,2011-05-20,2011-05-20,ARV,Adult,SCMS from RDC,"Nevirapine 200mg, tablets, 60 Tabs",Nevirapine,Generic,200mg,Tablet,60,84,210.84,2.51,0.04,Hetero Unit III Hyderabad IN,True,6.0,3402.23,0.45
9466,85759,110-ZM-T30,FPQ-6222,SO-38600,DN-2196,Zambia,PMO - US,From RDC,N/A - From RDC,Truck,2010-08-20,2010-10-14,2011-04-14,2011-06-10,2011-06-10,ARV,Adult,SCMS from RDC,"Efavirenz 600mg, tablets, 30 Tabs",Efavirenz,Generic,600mg,Tablet,30,170858,721020.76,4.22,0.14,Hetero Unit III Hyderabad IN,False,668.5,6476.695,1554.52
9467,85760,111-MZ-T30,FPQ-7053,SO-39530,DN-2206,Mozambique,PMO - US,From RDC,N/A - From RDC,Truck,2011-01-24,2010-12-30,2011-06-30,2011-07-13,2011-07-13,ARV,Adult,SCMS from RDC,"Lamivudine 150mg, tablets, 60 Tabs",Lamivudine,Generic,150mg,Tablet,60,2268,5284.44,2.33,0.04,"Aurobindo Unit III, India",True,109.0,1148.65,8.72
9468,85761,114-UG-T30,FPQ-7166,SO-39660,DN-2222,Uganda,PMO - US,From RDC,N/A - From RDC,Air,2011-02-11,2010-12-15,2011-06-15,2011-05-31,2011-05-31,ARV,Pediatric,SCMS from RDC,"Nevirapine 10mg/ml, oral suspension w/syringe, Bottle, 240 ml",Nevirapine,Generic,10mg/ml,Oral suspension,240,20000,39000.0,1.95,0.01,"Aurobindo Unit III, India",True,7464.0,4605.44,64.35
9469,85762,151-NG-T30,FPQ-6800,SO-39380,DN-2210,Nigeria,PMO - US,From RDC,N/A - From RDC,Air Charter,2010-12-07,2010-12-21,2011-06-21,2011-07-06,2011-07-06,ARV,Adult,SCMS from RDC,"Nevirapine 200mg, tablets, 60 Tabs",Nevirapine,Generic,200mg,Tablet,60,22623,56783.73,2.51,0.04,"Aurobindo Unit III, India",True,2809.0,13398.06,93.69
9470,85763,104-CI-T30,FPQ-6495,SO-39670,DN-2232,Côte d'Ivoire,PMO - US,From RDC,N/A - From RDC,Air,2010-10-04,2010-11-16,2011-05-16,2011-06-20,2011-06-20,ARV,Pediatric,SCMS from RDC,"Nevirapine 10mg/ml, oral suspension w/syringe, Bottle, 240 ml",Nevirapine,Generic,10mg/ml,Oral suspension,240,3500,6825.0,1.95,0.01,"Aurobindo Unit III, India",True,1313.0,5597.54,14.71
9471,85764,106-HT-T30,FPQ-6484,SO-39680,DN-2233,Haiti,PMO - US,From RDC,N/A - From RDC,Air,2010-10-13,2010-11-16,2011-05-16,2011-06-20,2011-06-20,ARV,Pediatric,SCMS from RDC,"Nevirapine 10mg/ml, oral suspension w/syringe, Bottle, 240 ml",Nevirapine,Generic,10mg/ml,Oral suspension,240,4000,7800.0,1.95,0.01,"Aurobindo Unit III, India",True,1496.0,14897.04,16.82
9472,85765,105-GY-T30,FPQ-7621,SO-39720,DN-2231,Guyana,PMO - US,From RDC,N/A - From RDC,Air,2011-05-04,2011-04-27,2011-10-27,2011-06-15,2011-06-15,ARV,Pediatric,SCMS from RDC,"Abacavir 20mg/ml, oral solution w/syringe, Bottle, 240 ml",Abacavir,Generic,20mg/ml,Oral solution,240,178,2438.6,13.7,0.06,"Aurobindo Unit III, India",False,90.0,1924.4650000000001,4.02
9473,85766,105-GY-T30,FPQ-7621,SO-39720,DN-2231,Guyana,PMO - US,From RDC,N/A - From RDC,Air,2011-05-04,2011-04-27,2011-10-27,2011-06-15,2011-06-15,ARV,Pediatric,SCMS from RDC,"Lamivudine 10mg/ml, oral solution w/syringe, Bottle, 240 ml",Lamivudine,Generic,10mg/ml,Oral solution,240,375,693.75,1.85,0.01,"Aurobindo Unit III, India",False,300.0,1924.4650000000001,1.14
9474,85767,110-ZM-T30,FPQ-6677,SO-38060,DN-2254,Zambia,PMO - US,From RDC,N/A - From RDC,Truck,2010-11-08,2011-01-15,2011-07-15,2011-07-11,2011-07-11,ARV,Adult,SCMS from RDC,"Lamivudine 150mg, tablets, 60 Tabs",Lamivudine,Generic,150mg,Tablet,60,21621,50376.93,2.33,0.04,"Aurobindo Unit III, India",False,668.5,6476.695,83.12
9475,85768,111-MZ-T30,FPQ-7053,SO-39820,DN-2242,Mozambique,PMO - US,From RDC,N/A - From RDC,Truck,2011-01-24,2011-02-10,2011-08-10,2011-08-04,2011-08-04,ARV,Pediatric,SCMS from RDC,"Nevirapine 10mg/ml, oral suspension, Bottle, 240 ml",Nevirapine,Generic,10mg/ml,Oral suspension,240,24496,44092.8,1.8,0.01,"Aurobindo Unit III, India",False,9080.0,5192.68,72.75
9476,85769,104-CI-T30,FPQ-6891,SO-39880,DN-2248,Côte d'Ivoire,PMO - US,From RDC,N/A - From RDC,Air,2010-12-21,2010-12-30,2011-06-30,2011-06-26,2011-06-26,ARV,Adult,SCMS from RDC,"Stavudine 15mg, capsules, 60 Caps",Stavudine,Generic,15mg,Capsule,60,207,273.24,1.32,0.02,"Aurobindo Unit III, India",True,12.0,2503.34,0.45
9477,85770,100-BJ-T30,FPQ-7658,SO-39780,DN-2251,Benin,PMO - US,From RDC,N/A - From RDC,Air,2011-05-15,2011-01-04,2011-07-04,2011-06-30,2011-06-30,ARV,Adult,SCMS from RDC,"Lamivudine/Zidovudine 150/300mg, tablets, 60 Tabs",Lamivudine/Zidovudine,Generic,150/300mg,Tablet - FDC,60,15000,123900.0,8.26,0.14,"Aurobindo Unit III, India",True,1440.0,6477.67,204.44
9478,85771,100-GH-T30,FPQ-7799,SO-39930,DN-2260,Ghana,PMO - US,From RDC,N/A - From RDC,Air,2011-06-06,2011-01-04,2011-07-04,2011-07-20,2011-07-20,ARV,Adult,SCMS from RDC,"Nevirapine 200mg, tablets, 60 Tabs",Nevirapine,Generic,200mg,Tablet,60,25509,64027.59,2.51,0.04,Hetero Unit III Hyderabad IN,True,2216.0,226.25,105.65
9479,85772,106-HT-T30,FPQ-6801,SO-39910,DN-2263,Haiti,PMO - US,From RDC,N/A - From RDC,Air,2010-12-14,2011-01-19,2011-07-19,2011-06-28,2011-06-28,ARV,Adult,SCMS from RDC,"Stavudine 30mg, capsules, 60 Caps",Stavudine,Generic,30mg,Capsule,60,7830,10962.0,1.4,0.02,"Aurobindo Unit III, India",False,668.5,2946.7200000000003,18.09
9480,85773,106-HT-T30,FPQ-6801,SO-39910,DN-2263,Haiti,PMO - US,From RDC,N/A - From RDC,Air,2010-12-14,2011-01-19,2011-07-19,2011-06-28,2011-06-28,ARV,Pediatric,SCMS from RDC,"Zidovudine 100mg, capsules, 100 Caps",Zidovudine,Generic,100mg,Capsule,100,1500,7140.0,4.76,0.05,"Aurobindo Unit III, India",False,575.0,2946.7200000000003,11.78
9481,85774,106-HT-T30,FPQ-6801,SO-40160,DN-2278,Haiti,PMO - US,From RDC,N/A - From RDC,Air,2010-12-14,2011-01-19,2011-07-19,2011-07-21,2011-07-21,ARV,Adult,SCMS from RDC,"Lamivudine/Zidovudine 150/300mg, tablets, 60 Tabs",Lamivudine/Zidovudine,Generic,150/300mg,Tablet - FDC,60,20642,176489.1,8.55,0.14,Hetero Unit III Hyderabad IN,True,1778.0,28585.57,291.21
9482,85775,110-ZM-T30,FPQ-7085,SO-38731,DN-2280,Zambia,PMO - US,From RDC,N/A - From RDC,Truck,2011-02-03,2011-02-18,2011-08-18,2011-08-05,2011-08-05,ARV,Adult,SCMS from RDC,"Zidovudine 300mg, tablets, 60 Tabs",Zidovudine,Generic,300mg,Tablet,60,26000,187460.0,7.21,0.12,Hetero Unit III Hyderabad IN,True,1405.0,3949.19,309.31
9483,85776,111-MZ-T30,FPQ-7053,SO-38631,DN-2281,Mozambique,PMO - US,From RDC,N/A - From RDC,Truck,2011-01-24,2011-05-17,2011-11-17,2011-11-17,2011-11-17,ARV,Adult,SCMS from RDC,"Lamivudine/Nevirapine/Stavudine 150/200/30mg, tablets, 60 Tabs",Lamivudine/Nevirapine/Stavudine,Generic,150/200/30mg,Tablet - FDC,60,81270,451861.2,5.56,0.09,"Cipla, Goa, India",True,8491.0,10605.03,745.57
9484,85777,104-CI-T30,FPQ-6495,SO-39390,DN-2294,Côte d'Ivoire,PMO - US,From RDC,N/A - From RDC,Air,2010-10-04,2011-01-22,2011-07-22,2011-07-22,2011-07-22,ARV,Pediatric,SCMS from RDC,"Nevirapine 10mg/ml, oral suspension w/syringe, Bottle, 240 ml",Nevirapine,Generic,10mg/ml,Oral suspension,240,600,1170.0,1.95,0.01,"Aurobindo Unit III, India",True,224.0,3545.1,2.52
9485,85778,104-CI-T30,FPQ-7659,SO-40121,DN-2304,Côte d'Ivoire,PMO - US,From RDC,N/A - From RDC,Air,2011-05-03,2011-03-27,2011-09-27,2011-09-12,2011-09-12,ARV,Adult,SCMS from RDC,"Emtricitabine/Tenofovir Disoproxil Fumarate 200/300mg, tablets, 30 Tabs",Emtricitabine/Tenofovir Disoproxil Fumarate,Generic,200/300mg,Tablet - FDC,30,4269,44995.26,10.54,0.35,Mylan (formerly Matrix) Nashik,False,668.5,4063.81,74.24
9486,85779,113-ZW-T30,FPQ-6470,SO-37840,DN-2307,Zimbabwe,PMO - US,From RDC,N/A - From RDC,Truck,2010-10-13,2011-03-06,2011-09-06,2011-09-05,2011-09-05,ARV,Adult,SCMS from RDC,"Efavirenz 600mg, tablets, 30 Tabs",Efavirenz,Generic,600mg,Tablet,30,6392,27741.28,4.34,0.14,Hetero Unit III Hyderabad IN,True,539.0,1709.78,59.81
9487,85780,114-UG-T30,FPQ-8048,SO-40220,DN-2313,Uganda,PMO - US,From RDC,N/A - From RDC,Truck,2011-07-13,2011-03-22,2011-09-22,2011-08-26,2011-08-26,ARV,Adult,SCMS from RDC,"Lamivudine 150mg, tablets, 60 Tabs",Lamivudine,Generic,150mg,Tablet,60,1946,4534.18,2.33,0.04,Hetero Unit III Hyderabad IN,True,195.0,2070.68,7.48
9488,85781,109-TZ-T30,FPQ-7675,SO-39751,DN-2314,Tanzania,PMO - US,From RDC,N/A - From RDC,Air,2011-05-18,2011-03-30,2011-09-30,2011-08-30,2011-08-30,ARV,Adult,SCMS from RDC,"Tenofovir Disoproxil Fumarate 300mg, tablets, 30 Tabs",Tenofovir Disoproxil Fumarate,Generic,300mg,Tablet,30,4279,28113.03,6.57,0.22,Mylan (formerly Matrix) Nashik,True,259.0,1553.64,46.39
9489,85782,114-UG-T30,FPQ-7162,SO-38802,DN-2315,Uganda,PMO - US,From RDC,N/A - From RDC,Truck,2011-02-14,2011-02-05,2011-08-05,2011-08-24,2011-08-24,ARV,Adult,SCMS from RDC,"Lamivudine/Zidovudine 150/300mg, tablets, 60 Tabs",Lamivudine/Zidovudine,Generic,150/300mg,Tablet - FDC,60,32000,264320.0,8.26,0.14,"Aurobindo Unit III, India",True,3026.0,14406.99,436.13
9490,85783,111-MZ-T30,FPQ-7053,SO-38680,DN-2316,Mozambique,PMO - US,From RDC,N/A - From RDC,Truck,2011-01-24,2011-03-30,2011-09-30,2011-09-15,2011-09-15,ARV,Adult,SCMS from RDC,"Lamivudine 150mg, tablets, 60 Tabs",Lamivudine,Generic,150mg,Tablet,60,3357,7821.81,2.33,0.04,Hetero Unit III Hyderabad IN,True,181.0,315.51,12.91
9491,85784,110-ZM-T30,FPQ-7085,SO-38741,DN-2322,Zambia,PMO - US,From RDC,N/A - From RDC,Truck,2011-02-03,2011-03-29,2011-09-29,2011-08-29,2011-08-29,ARV,Adult,SCMS from RDC,"Nevirapine 200mg, tablets, 60 Tabs",Nevirapine,Generic,200mg,Tablet,60,20927,52526.77,2.51,0.04,"Strides, Bangalore, India.",False,668.5,6476.695,86.67
9492,85786,111-MZ-T30,FPQ-7053,SO-40410,DN-2335,Mozambique,PMO - US,From RDC,N/A - From RDC,Truck,2011-01-24,2011-03-20,2011-09-20,2011-09-30,2011-09-30,ARV,Adult,SCMS from RDC,"Stavudine 30mg, capsules, 60 Caps",Stavudine,Generic,30mg,Capsule,60,538,753.2,1.4,0.02,"Aurobindo Unit III, India",True,43.0,888.93,1.24
9493,85787,110-ZM-T30,FPQ-7233,SO-39050,DN-2341,Zambia,PMO - US,From RDC,N/A - From RDC,Truck,2011-03-01,2011-03-21,2011-09-21,2011-09-26,2011-09-26,ARV,Adult,SCMS from RDC,"Zidovudine 300mg, tablets, 60 Tabs",Zidovudine,Generic,300mg,Tablet,60,1917,13821.57,7.21,0.12,Hetero Unit III Hyderabad IN,True,2629.0,3139.96,22.81
9494,85788,110-ZM-T30,FPQ-7233,SO-39050,DN-2341,Zambia,PMO - US,From RDC,N/A - From RDC,Truck,2011-03-01,2011-03-21,2011-09-21,2011-09-26,2011-09-26,ARV,Adult,SCMS from RDC,"Zidovudine 300mg, tablets, 60 Tabs",Zidovudine,Generic,300mg,Tablet,60,44163,318415.23,7.21,0.12,Hetero Unit III Hyderabad IN,False,668.5,6476.695,525.39
9495,85789,114-UG-T30,FPQ-7162,SO-38803,DN-2344,Uganda,PMO - US,From RDC,N/A - From RDC,Truck,2011-02-14,2011-03-30,2011-09-30,2011-09-26,2011-09-26,ARV,Adult,SCMS from RDC,"Lamivudine/Tenofovir Disoproxil Fumarate 300/300mg, tablets, 30 Tabs",Lamivudine/Tenofovir Disoproxil Fumarate,Generic,300/300mg,Tablet - FDC,30,5000,41150.0,8.23,0.27,Mylan (formerly Matrix) Nashik,True,607.0,4911.39,67.9
9496,85790,110-ZM-T30,FPQ-7085,SO-38733,DN-2357,Zambia,PMO - US,From RDC,N/A - From RDC,Truck,2011-02-03,2011-04-30,2011-10-31,2011-09-26,2011-09-26,ARV,Adult,SCMS from RDC,"Efavirenz 600mg, tablets, 30 Tabs",Efavirenz,Generic,600mg,Tablet,30,49142,212293.44,4.32,0.14,Hetero Unit III Hyderabad IN,False,668.5,6476.695,350.28
9497,85791,105-GY-T30,FPQ-8024,SO-40450,DN-2361,Guyana,PMO - US,From RDC,N/A - From RDC,Air,2011-08-19,2011-06-15,2011-12-15,2011-09-28,2011-09-28,ARV,Pediatric,SCMS from RDC,"Efavirenz 200mg, capsule, 90 Caps",Efavirenz,Generic,200mg,Capsule,90,106,940.22,8.87,0.1,"Aurobindo Unit III, India",False,668.5,1924.4650000000001,1.55
9498,85792,100-ZW-T30,FPQ-7559,SO-39551,DN-2362,Zimbabwe,PMO - US,From RDC,N/A - From RDC,Truck,2011-04-29,2011-04-21,2011-10-21,2011-10-21,2011-10-21,ARV,Pediatric,SCMS from RDC,"Lamivudine/Zidovudine 30/60mg, tablets, 60 Tabs",Lamivudine/Zidovudine,Generic,30/60mg,Tablet - FDC,60,4980,16185.0,3.25,0.05,Mylan (formerly Matrix) Nashik,False,695.0,6721.705,26.71
9499,85795,109-TZ-T30,FPQ-7675,SO-39752,DN-2374,Tanzania,PMO - US,From RDC,N/A - From RDC,Air,2011-05-18,2011-03-30,2011-09-30,2011-09-23,2011-09-23,ARV,Adult,SCMS from RDC,"Efavirenz/Emtricitabine/Tenofovir Disoproxil Fumarate 600/200/300mg, tablets, 30 Tabs",Efavirenz/Emtricitabine/Tenofovir Disoproxil Fumarate,Generic,600/200/300mg,Tablet - FDC,30,6840,136252.8,19.92,0.66,Mylan (formerly Matrix) Nashik,True,778.0,0.0,224.82
9500,85796,105-GY-T30,FPQ-8024,SO-40450,DN-2381,Guyana,PMO - US,From RDC,N/A - From RDC,Air,2011-08-19,2011-06-15,2011-12-15,2011-10-05,2011-10-05,ARV,Adult,SCMS from RDC,"Lamivudine 150mg, tablets, 60 Tabs",Lamivudine,Generic,150mg,Tablet,60,696,1621.68,2.33,0.04,"Aurobindo Unit III, India",True,33.0,1002.59,2.68
9501,85797,151-NG-T30,FPQ-7812,SO-40721,DN-2393,Nigeria,PMO - US,From RDC,N/A - From RDC,Air Charter,2011-06-06,2011-06-05,2011-12-05,2011-10-17,2011-10-17,ARV,Adult,SCMS from RDC,"Emtricitabine/Tenofovir Disoproxil Fumarate 200/300mg, tablets, 30 Tabs",Emtricitabine/Tenofovir Disoproxil Fumarate,Generic,200/300mg,Tablet - FDC,30,17038,152830.86,8.97,0.3,"Aurobindo Unit III, India",True,1722.0,21326.73,252.17
9502,85798,151-NG-T30,FPQ-8364,SO-40725,DN-2402,Nigeria,PMO - US,From RDC,N/A - From RDC,Air Charter,2011-08-29,2011-09-02,2012-03-02,2011-10-14,2011-10-14,ARV,Adult,SCMS from RDC,"Lamivudine/Zidovudine 150/300mg, tablets, 60 Tabs",Lamivudine/Zidovudine,Generic,150/300mg,Tablet - FDC,60,88433,730456.58,8.26,0.14,"Aurobindo Unit III, India",True,8935.0,21326.73,1205.25
9503,85799,104-CI-T30,FPQ-8295,SO-40770,DN-2405,Côte d'Ivoire,PMO - US,From RDC,N/A - From RDC,Truck,2011-08-25,2011-05-11,2011-11-11,2011-10-31,2011-10-31,ARV,Adult,SCMS from RDC,"Abacavir/Lamivudine 600/300mg, scored tablets, 30 Tabs",Abacavir/Lamivudine,Generic,600/300mg,Tablet - FDC,30,2790,62775.0,22.5,0.75,Mylan (formerly Matrix) Nashik,False,668.5,6757.815,103.58
9504,85800,106-HT-T30,FPQ-6801,SO-38210,DN-2408,Haiti,PMO - US,From RDC,N/A - From RDC,Air,2010-12-14,2011-04-30,2011-10-31,2011-11-08,2011-11-08,ARV,Pediatric,SCMS from RDC,"Nevirapine 10mg/ml, oral suspension w/syringe, Bottle, 240 ml",Nevirapine,Generic,10mg/ml,Oral suspension,240,2848,5553.6,1.95,0.01,"Aurobindo Unit III, India",True,1066.0,10794.84,9.16
9505,85801,100-ZW-T30,FPQ-7559,SO-39540,DN-2409,Zimbabwe,PMO - US,From RDC,N/A - From RDC,Truck,2011-04-29,2011-05-30,2011-11-30,2011-11-21,2011-11-21,ARV,Pediatric,SCMS from RDC,"Abacavir 20mg/ml, oral solution, Bottle, 240 ml",Abacavir,Generic,20mg/ml,Oral solution,240,592,8051.2,13.6,0.06,"Cipla, Goa, India",True,195.0,221.96,13.28
9506,85802,113-ZW-T30,FPQ-7052,SO-38513,DN-2410,Zimbabwe,PMO - US,From RDC,N/A - From RDC,Truck,2011-01-19,2011-05-14,2011-11-14,2011-11-21,2011-11-21,ARV,Adult,SCMS from RDC,"Lamivudine/Stavudine 150/30mg, tablets, 60 Tabs",Lamivudine/Stavudine,Generic,150/30mg,Tablet - FDC,60,4593,13549.35,2.95,0.05,"Strides, Bangalore, India.",False,668.5,6721.705,22.36
9507,85803,104-CI-T30,FPQ-8295,SO-40750,DN-2420,Côte d'Ivoire,PMO - US,From RDC,N/A - From RDC,Truck,2011-08-25,2011-06-09,2011-12-09,2011-11-19,2011-11-19,ARV,Adult,SCMS from RDC,"Emtricitabine/Tenofovir Disoproxil Fumarate 200/300mg, tablets, 30 Tabs",Emtricitabine/Tenofovir Disoproxil Fumarate,Generic,200/300mg,Tablet - FDC,30,14480,129885.6,8.97,0.3,"Aurobindo Unit III, India",False,7039.0,6757.815,214.31
9508,85804,110-ZM-T30,FPQ-7767,SO-40250,DN-2430,Zambia,PMO - US,From RDC,N/A - From RDC,Truck,2011-07-26,2011-07-24,2012-01-24,2011-11-28,2011-11-28,ARV,Adult,SCMS from RDC,"Efavirenz 600mg, tablets, 30 Tabs",Efavirenz,Generic,600mg,Tablet,30,230000,970600.0,4.22,0.14,Mylan (formerly Matrix) Nashik,True,18968.0,22168.18,1601.49
9509,85805,110-ZM-T30,FPQ-7767,SO-40271,DN-2431,Zambia,PMO - US,From RDC,N/A - From RDC,Truck,2011-07-26,2011-08-28,2012-02-28,2011-11-28,2011-11-28,ARV,Adult,SCMS from RDC,"Abacavir 300mg, tablets, 60 Tabs",Abacavir,Generic,300mg,Tablet,60,2548,38321.92,15.04,0.25,Mylan (formerly Matrix) Nashik,True,257.0,361.73,63.23
9510,85806,113-ZW-T30,FPQ-7052,SO-38521,DN-2441,Zimbabwe,PMO - US,From RDC,N/A - From RDC,Truck,2011-01-19,2011-06-07,2011-12-07,2011-12-09,2011-12-09,ARV,Adult,SCMS from RDC,"Efavirenz 600mg, tablets, 30 Tabs",Efavirenz,Generic,600mg,Tablet,30,6392,26335.04,4.12,0.14,Mylan (formerly Matrix) Nashik,False,555.0,6721.705,43.45
9511,85807,113-ZW-T30,FPQ-7560,SO-39450,DN-2442,Zimbabwe,PMO - US,From RDC,N/A - From RDC,Truck,2011-04-26,2011-06-14,2011-12-14,2011-12-09,2011-12-09,ARV,Adult,SCMS from RDC,"Zidovudine 300mg, tablets, 60 Tabs",Zidovudine,Generic,300mg,Tablet,60,18534,130108.68,7.02,0.12,Hetero Unit III Hyderabad IN,True,1013.0,5216.63,214.68
9512,85808,151-NG-T30,FPQ-8364,SO-40651,DN-2453,Nigeria,PMO - US,From RDC,N/A - From RDC,Air Charter,2011-08-29,2011-09-02,2012-03-02,2011-12-18,2011-12-18,ARV,Adult,SCMS from RDC,"Efavirenz 600mg, tablets, 30 Tabs",Efavirenz,Generic,600mg,Tablet,30,10944,46183.68,4.22,0.14,"Strides, Bangalore, India.",True,726.0,15322.73,76.2
9513,85809,110-ZM-T30,FPQ-7667,SO-40242,DN-2457,Zambia,PMO - US,From RDC,N/A - From RDC,Truck,2011-07-26,2011-07-10,2012-01-10,2012-01-20,2012-01-20,ARV,Pediatric,SCMS from RDC,"Nevirapine 10mg/ml, oral suspension w/syringe, Bottle, 240 ml",Nevirapine,Generic,10mg/ml,Oral suspension,240,8000,15600.0,1.95,0.01,"Aurobindo Unit III, India",True,3088.0,6476.69,25.74
9514,85810,104-CI-T30,FPQ-8295,SO-40791,DN-2459,Côte d'Ivoire,PMO - US,From RDC,N/A - From RDC,Truck,2011-08-25,2011-08-06,2012-02-06,2012-02-06,2012-02-06,ARV,Pediatric,SCMS from RDC,"Efavirenz 50mg, capsule, 30 Caps",Efavirenz,Generic,50mg,Capsule,30,2772,6209.28,2.24,0.07,"Aurobindo Unit III, India",False,668.5,6757.815,10.25
9515,85812,111-MZ-T30,FPQ-8157,SO-40350,DN-2481,Mozambique,PMO - US,From RDC,N/A - From RDC,Truck,2011-08-04,2011-08-29,2012-02-29,2012-02-22,2012-02-22,ARV,Adult,SCMS from RDC,"Lamivudine/Nevirapine/Zidovudine 150/200/300mg, tablets, 60 Tabs",Lamivudine/Nevirapine/Zidovudine,Generic,150/300/200mg,Tablet - FDC,60,250000,2805000.0,11.22,0.19,Mylan (formerly Matrix) Nashik,True,32538.0,20179.39,4628.25
9516,85813,101-CD-T30,FPQ-8840,SO-41130,DN-2492,"Congo, DRC",PMO - US,From RDC,N/A - From RDC,Air,2011-11-21,2011-09-16,2012-03-16,2012-02-14,2012-02-14,ARV,Adult,SCMS from RDC,"Efavirenz 600mg, tablets, 30 Tabs",Efavirenz,Generic,600mg,Tablet,30,4,16.48,4.12,0.14,"Strides, Bangalore, India.",False,78.0,2346.5699999999997,0.02
9517,85814,101-CD-T30,FPQ-8840,SO-41131,DN-2493,"Congo, DRC",PMO - US,From RDC,N/A - From RDC,Air,2011-11-21,2011-09-16,2012-03-16,2012-02-14,2012-02-14,ARV,Adult,SCMS from RDC,"Lamivudine/Nevirapine/Zidovudine 150/200/300mg, tablets, 60 Tabs",Lamivudine/Nevirapine/Zidovudine,Generic,150/300/200mg,Tablet - FDC,60,174,1914.0,11.0,0.18,Mylan (formerly Matrix) Nashik,False,21.0,2346.5699999999997,2.68
9518,85815,101-CD-T30,FPQ-8840,SO-41131,DN-2493,"Congo, DRC",PMO - US,From RDC,N/A - From RDC,Air,2011-11-21,2011-09-16,2012-03-16,2012-02-14,2012-02-14,ARV,Adult,SCMS from RDC,"Lopinavir/Ritonavir 200/50mg, tablets, 120 Tabs",Lopinavir/Ritonavir,Generic,200/50mg,Tablet,120,23,776.02,33.74,0.28,"Aurobindo Unit III, India",False,27.0,2346.5699999999997,1.09
9519,85816,101-CD-T30,FPQ-8840,SO-41132,DN-2494,"Congo, DRC",PMO - US,From RDC,N/A - From RDC,Air,2011-11-21,2011-09-16,2012-03-16,2012-02-14,2012-02-14,ARV,Adult,SCMS from RDC,"Lamivudine/Zidovudine 150/300mg, tablets, 60 Tabs",Lamivudine/Zidovudine,Generic,150/300mg,Tablet - FDC,60,67,553.42,8.26,0.14,"Aurobindo Unit III, India",False,335.0,2346.5699999999997,0.78
9520,85817,101-CD-T30,FPQ-8840,SO-41135,DN-2497,"Congo, DRC",PMO - US,From RDC,N/A - From RDC,Air,2011-11-21,2011-09-16,2012-03-16,2012-02-14,2012-02-14,ARV,Adult,SCMS from RDC,"Lamivudine/Zidovudine 150/300mg, tablets, 60 Tabs",Lamivudine/Zidovudine,Generic,150/300mg,Tablet - FDC,60,41,338.66,8.26,0.14,"Aurobindo Unit III, India",False,668.5,2346.5699999999997,0.47
9521,85819,105-GY-T30,FPQ-8620,SO-41000,DN-2503,Guyana,PMO - US,From RDC,N/A - From RDC,Air,2011-10-27,2011-09-30,2012-03-30,2012-02-04,2012-02-04,ARV,Pediatric,SCMS from RDC,"Lamivudine 10mg/ml, oral solution w/syringe, Bottle, 240 ml",Lamivudine,Generic,10mg/ml,Oral solution,240,140,259.0,1.85,0.01,"Aurobindo Unit III, India",False,17.0,1924.4650000000001,0.36
9522,85820,101-CD-T30,FPQ-8840,SO-41143,DN-2507,"Congo, DRC",PMO - US,From RDC,N/A - From RDC,Air,2011-11-21,2011-09-16,2012-03-16,2012-04-11,2012-04-11,ARV,Adult,SCMS from RDC,"Lamivudine/Tenofovir Disoproxil Fumarate 300/300mg, tablets, 30 Tabs",Lamivudine/Tenofovir Disoproxil Fumarate,Generic,300/300mg,Tablet - FDC,30,15,91.2,6.08,0.2,Mylan (formerly Matrix) Nashik,False,5256.0,2346.5699999999997,0.13
9523,85821,101-CD-T30,FPQ-8840,SO-41144,DN-2508,"Congo, DRC",PMO - US,From RDC,N/A - From RDC,Air,2011-11-21,2011-09-16,2012-03-16,2012-03-14,2012-03-14,ARV,Adult,SCMS from RDC,"Zidovudine 300mg, tablets, 60 Tabs",Zidovudine,Generic,300mg,Tablet,60,187,1312.74,7.02,0.12,Hetero Unit III Hyderabad IN,True,125.0,1554.64,1.84
9524,85822,101-CD-T30,FPQ-8840,SO-41148,DN-2512,"Congo, DRC",PMO - US,From RDC,N/A - From RDC,Air,2011-11-21,2011-09-16,2012-03-16,2012-03-14,2012-03-14,ARV,Adult,SCMS from RDC,"Zidovudine 300mg, tablets, 60 Tabs",Zidovudine,Generic,300mg,Tablet,60,2197,15422.94,7.02,0.12,Hetero Unit III Hyderabad IN,False,668.5,2346.5699999999997,21.62
9525,85823,113-ZW-T30,FPQ-7052,SO-38520,DN-2519,Zimbabwe,PMO - US,From RDC,N/A - From RDC,Truck,2011-01-19,2011-08-29,2012-02-29,2012-02-16,2012-02-16,ARV,Adult,SCMS from RDC,"Lamivudine/Tenofovir Disoproxil Fumarate 300/300mg, tablets, 30 Tabs",Lamivudine/Tenofovir Disoproxil Fumarate,Generic,300/300mg,Tablet - FDC,30,10114,61493.12,6.08,0.2,Mylan (formerly Matrix) Nashik,False,1019.0,6721.705,101.46
9526,85824,101-CD-T30,FPQ-8840,SO-41387,DN-2528,"Congo, DRC",PMO - US,From RDC,N/A - From RDC,Air,2011-11-21,2011-09-22,2012-03-22,2012-03-22,2012-03-22,ARV,Adult,SCMS from RDC,"Lamivudine 150mg, tablets, 60 Tabs",Lamivudine,Generic,150mg,Tablet,60,220,512.6,2.33,0.04,Hetero Unit III Hyderabad IN,True,12.0,91.43,0.72
9527,85825,104-CI-T30,FPQ-8295,SO-40792,DN-2531,Côte d'Ivoire,PMO - US,From RDC,N/A - From RDC,Truck,2011-08-25,2011-08-29,2012-02-29,2012-02-08,2012-02-08,ARV,Pediatric,SCMS from RDC,"Didanosine 200mg, delayed-release capsules, 30 Caps",Didanosine,Generic,200mg,Delayed-release capsules,30,650,7150.0,11.0,0.37,"Aurobindo Unit III, India",True,61.0,1572.97,11.8
9528,85826,110-ZM-T30,FPQ-8759,SO-41121,DN-2532,Zambia,PMO - US,From RDC,N/A - From RDC,Truck,2011-11-06,2011-10-27,2012-04-27,2012-02-17,2012-02-17,ARV,Adult,SCMS from RDC,"Efavirenz 600mg, tablets, 30 Tabs",Efavirenz,Generic,600mg,Tablet,30,113614,468089.68,4.12,0.14,Mylan (formerly Matrix) Nashik,False,668.5,6476.695,656.26
9529,85827,106-HT-T30,FPQ-9056,SO-41300,DN-2535,Haiti,PMO - US,From RDC,N/A - From RDC,Air,2011-12-20,2011-09-02,2012-03-02,2012-03-12,2012-03-12,ARV,Pediatric,SCMS from RDC,"Efavirenz 50mg, capsule, 30 Caps",Efavirenz,Generic,50mg,Capsule,30,1680,3763.2,2.24,0.07,"Aurobindo Unit III, India",False,260.0,2946.7200000000003,5.28
9530,85828,109-TZ-T30,FPQ-8303,SO-40520,DN-2536,Tanzania,PMO - US,From RDC,N/A - From RDC,Truck,2011-08-22,2011-09-30,2012-03-30,2012-03-12,2012-03-12,ARV,Pediatric,SCMS from RDC,"Nevirapine 10mg/ml, oral suspension w/syringe, Bottle, 240 ml",Nevirapine,Generic,10mg/ml,Oral suspension,240,32554,63480.3,1.95,0.01,"Aurobindo Unit III, India",True,668.5,3623.2,104.74
9531,85829,104-CI-T30,FPQ-8787,SO-41160,DN-2552,Côte d'Ivoire,PMO - US,From RDC,N/A - From RDC,Air,2011-11-11,2011-09-19,2012-03-19,2012-02-24,2012-02-24,ARV,Adult,SCMS from RDC,"Efavirenz 600mg, tablets, 30 Tabs",Efavirenz,Generic,600mg,Tablet,30,12446,51277.52,4.12,0.14,"Strides, Bangalore, India.",False,668.5,4063.81,71.89
9532,85830,104-CI-T30,FPQ-8363,SO-40840,DN-2553,Côte d'Ivoire,PMO - US,From RDC,N/A - From RDC,Truck,2011-08-29,2011-09-30,2012-03-30,2012-02-24,2012-02-24,ARV,Adult,SCMS from RDC,"Abacavir/Lamivudine 600/300mg, scored tablets, 30 Tabs",Abacavir/Lamivudine,Generic,600/300mg,Tablet - FDC,30,1260,28350.0,22.5,0.75,Mylan (formerly Matrix) Nashik,True,122.0,1131.63,46.78
9533,85831,104-CI-T30,FPQ-8363,SO-40841,DN-2555,Côte d'Ivoire,PMO - US,From RDC,N/A - From RDC,Truck,2011-08-29,2011-09-30,2012-03-30,2012-02-24,2012-02-24,ARV,Adult,SCMS from RDC,"Efavirenz/Emtricitabine/Tenofovir Disoproxil Fumarate 600/200/300mg, tablets, 30 Tabs",Efavirenz/Emtricitabine/Tenofovir Disoproxil Fumarate,Generic,600/200/300mg,Tablet - FDC,30,7140,119452.2,16.73,0.56,Mylan (formerly Matrix) Nashik,True,779.0,4646.14,197.1
9534,85832,151-NG-T30,FPQ-8364,SO-40650,DN-2559,Nigeria,PMO - US,From RDC,N/A - From RDC,Air Charter,2011-08-29,2011-09-02,2012-03-02,2012-02-16,2012-02-16,ARV,Adult,SCMS from RDC,"Nevirapine 200mg, tablets, 60 Tabs",Nevirapine,Generic,200mg,Tablet,60,51355,125819.75,2.45,0.04,"Aurobindo Unit III, India",True,6436.0,25231.96,207.6
9535,85833,151-NG-T30,FPQ-8364,SO-40664,DN-2560,Nigeria,PMO - US,From RDC,N/A - From RDC,Air Charter,2011-08-29,2011-09-16,2012-03-16,2012-02-16,2012-02-16,ARV,Adult,SCMS from RDC,"Lamivudine/Nevirapine/Zidovudine 150/200/300mg, tablets, 60 Tabs",Lamivudine/Nevirapine/Zidovudine,Generic,150/300/200mg,Tablet - FDC,60,240976,2703750.72,11.22,0.19,"Aurobindo Unit III, India",True,30789.0,25231.96,4461.19
9536,85834,151-NG-T30,FPQ-8952,SO-41265,DN-2567,Nigeria,PMO - US,From RDC,N/A - From RDC,Air Charter,2011-12-08,2011-12-20,2012-06-20,2012-02-16,2012-02-16,ARV,Adult,SCMS from RDC,"Lamivudine 150mg, tablets, 60 Tabs",Lamivudine,Generic,150mg,Tablet,60,7736,18024.88,2.33,0.04,"Aurobindo Unit III, India",False,668.5,12601.07,25.27
9537,85835,114-UG-T30,FPQ-8522,SO-40943,DN-2569,Uganda,PMO - US,From RDC,N/A - From RDC,Truck,2011-10-05,2011-09-30,2012-03-30,2012-02-27,2012-02-27,ARV,Adult,SCMS from RDC,"Zidovudine 300mg, tablets, 60 Tabs",Zidovudine,Generic,300mg,Tablet,60,4398,30873.96,7.02,0.12,Hetero Unit III Hyderabad IN,True,224.0,1933.3,50.94
9538,85836,110-ZM-T30,FPQ-9186,SO-41400,DN-2574,Zambia,PMO - US,From RDC,N/A - From RDC,Truck,2012-01-16,2011-11-08,2012-05-08,2012-03-16,2012-03-16,ARV,Adult,SCMS from RDC,"Efavirenz 600mg, tablets, 30 Tabs",Efavirenz,Generic,600mg,Tablet,30,61060,251567.2,4.12,0.14,"Strides, Bangalore, India.",True,3718.0,19949.86,352.7
9539,85837,114-UG-T30,FPQ-8522,SO-40942,DN-2580,Uganda,PMO - US,From RDC,N/A - From RDC,Truck,2011-10-05,2011-09-30,2012-03-30,2012-03-09,2012-03-09,ARV,Adult,SCMS from RDC,"Lamivudine/Tenofovir Disoproxil Fumarate 300/300mg, tablets, 30 Tabs",Lamivudine/Tenofovir Disoproxil Fumarate,Generic,300/300mg,Tablet - FDC,30,5785,35172.8,6.08,0.2,Mylan (formerly Matrix) Nashik,True,460.0,3571.6,58.04
9540,85838,900-SS-T30,FPQ-8624,SO-41080,DN-2581,South Sudan,PMO - US,From RDC,N/A - From RDC,Air,2011-11-04,2011-09-21,2012-03-21,2012-03-08,2012-03-08,ARV,Pediatric,SCMS from RDC,"Nevirapine 10mg/ml, oral suspension w/syringe, Bottle, 240 ml",Nevirapine,Generic,10mg/ml,Oral suspension,240,6000,11700.0,1.95,0.01,"Aurobindo Unit III, India",False,581.0,2575.925,16.4
9541,85839,109-TZ-T30,FPQ-8303,SO-40502,DN-2593,Tanzania,PMO - US,From RDC,N/A - From RDC,Truck,2011-08-22,2011-10-30,2012-04-30,2012-04-11,2012-04-11,ARV,Pediatric,SCMS from RDC,"Lamivudine/Zidovudine 30/60mg, tablets, 60 Tabs",Lamivudine/Zidovudine,Generic,30/60mg,Tablet - FDC,60,34054,101821.46,2.99,0.05,Mylan (formerly Matrix) Nashik,True,1309.0,3279.25,168.01
9542,85840,110-ZM-T30,FPQ-9186,SO-41411,DN-2577,Zambia,PMO - US,From RDC,N/A - From RDC,Truck,2012-01-16,2011-11-08,2012-05-08,2012-02-27,2012-02-27,ARV,Adult,SCMS from RDC,"Efavirenz 600mg, tablets, 30 Tabs",Efavirenz,Generic,600mg,Tablet,30,99714,410821.68,4.12,0.14,"Strides, Bangalore, India.",True,6005.0,5447.21,575.97
9543,85841,107-RW-T30,FPQ-9190,SO-41420,DN-2585,Rwanda,PMO - US,From RDC,N/A - From RDC,Air,2012-01-27,2011-09-12,2012-03-12,2012-02-28,2012-02-28,ARV,Pediatric,SCMS from RDC,"Efavirenz 200mg, capsule, 90 Caps",Efavirenz,Generic,200mg,Capsule,90,2520,21772.8,8.64,0.1,"Aurobindo Unit III, India",True,318.0,2716.08,30.53
9544,85843,109-TZ-T30,FPQ-8303,SO-40491,DN-2592,Tanzania,PMO - US,From RDC,N/A - From RDC,Truck,2011-08-22,2011-11-08,2012-05-08,2012-04-11,2012-04-11,ARV,Pediatric,SCMS from RDC,"Lamivudine/Nevirapine/Zidovudine 30/50/60mg, dispersible tablets, 60 Tabs",Lamivudine/Nevirapine/Zidovudine,Generic,30/50/60mg,Chewable/dispersible tablet - FDC,60,5603,23812.75,4.25,0.07,Mylan (formerly Matrix) Nashik,True,316.0,3279.25,39.29
9545,85844,102-BI-T30,FPQ-9229,SO-41530,DN-2594,Burundi,PMO - US,From RDC,N/A - From RDC,Air,2012-01-25,2011-10-26,2012-04-26,2012-05-04,2012-05-04,ARV,Pediatric,SCMS from RDC,"Nevirapine 10mg/ml, oral suspension w/syringe, Bottle, 240 ml",Nevirapine,Generic,10mg/ml,Oral suspension,240,170,331.5,1.95,0.01,"Aurobindo Unit III, India",False,22.0,3544.4849999999997,0.46
9546,85845,102-BI-T30,FPQ-9229,SO-41530,DN-2594,Burundi,PMO - US,From RDC,N/A - From RDC,Air,2012-01-25,2011-10-26,2012-04-26,2012-05-04,2012-05-04,ARV,Adult,SCMS from RDC,"Lamivudine/Nevirapine/Zidovudine 150/200/300mg, tablets, 60 Tabs",Lamivudine/Nevirapine/Zidovudine,Generic,150/300/200mg,Tablet - FDC,60,10000,110000.0,11.0,0.18,Mylan (formerly Matrix) Nashik,False,1097.5,3544.4849999999997,154.22
9547,85846,109-TZ-T30,FPQ-8297,SO-40610,DN-2598,Tanzania,PMO - US,From RDC,N/A - From RDC,Truck,2011-08-22,2011-11-04,2012-05-04,2012-04-11,2012-04-11,ARV,Adult,SCMS from RDC,"Zidovudine 300mg, tablets, 60 Tabs",Zidovudine,Generic,300mg,Tablet,60,137759,967068.18,7.02,0.12,Hetero Unit III Hyderabad IN,False,668.5,3623.2,1595.66
9548,85847,114-UG-T30,FPQ-9354,SO-41630,DN-2603,Uganda,PMO - US,From RDC,N/A - From RDC,Air,2012-02-20,2011-11-03,2012-05-03,2012-03-27,2012-03-27,ARV,Adult,SCMS from RDC,"Lamivudine/Tenofovir Disoproxil Fumarate 300/300mg, tablets, 30 Tabs",Lamivudine/Tenofovir Disoproxil Fumarate,Generic,300/300mg,Tablet - FDC,30,12959,78790.72,6.08,0.2,Mylan (formerly Matrix) Nashik,False,668.5,2485.92,110.46
9549,85848,113-ZW-T30,FPQ-8464,SO-40850,DN-2605,Zimbabwe,PMO - US,From RDC,N/A - From RDC,Truck,2011-10-04,2011-10-13,2012-04-13,2012-04-10,2012-04-10,ARV,Adult,SCMS from RDC,"Nevirapine 200mg, tablets, 60 Tabs",Nevirapine,Generic,200mg,Tablet,60,69037,173282.87,2.51,0.04,"Aurobindo Unit VII, IN",False,9213.5,6721.705,285.92
9550,85849,114-UG-T30,FPQ-8522,SO-40931,DN-2607,Uganda,PMO - US,From RDC,N/A - From RDC,Truck,2011-10-05,2011-11-16,2012-05-16,2012-03-27,2012-03-27,ARV,Adult,SCMS from RDC,"Lamivudine/Tenofovir Disoproxil Fumarate 300/300mg, tablets, 30 Tabs",Lamivudine/Tenofovir Disoproxil Fumarate,Generic,300/300mg,Tablet - FDC,30,22872,139061.76,6.08,0.2,Mylan (formerly Matrix) Nashik,False,668.5,5458.45,229.45
9551,85850,110-ZM-T30,FPQ-8476,SO-40954,DN-2610,Zambia,PMO - US,From RDC,N/A - From RDC,Truck,2011-09-27,2011-11-15,2012-05-15,2012-04-16,2012-04-16,ARV,Adult,SCMS from RDC,"Efavirenz/Emtricitabine/Tenofovir Disoproxil Fumarate 600/200/300mg, tablets, 30 Tabs",Efavirenz/Emtricitabine/Tenofovir Disoproxil Fumarate,Generic,600/200/300mg,Tablet - FDC,30,150000,2509500.0,16.73,0.56,Mylan (formerly Matrix) Nashik,True,17001.0,8510.81,4140.68
9552,85851,110-ZM-T30,FPQ-8759,SO-41123,DN-2614,Zambia,PMO - US,From RDC,N/A - From RDC,Truck,2011-11-06,2011-10-27,2012-04-27,2012-04-16,2012-04-16,ARV,Adult,SCMS from RDC,"Abacavir 300mg, tablets, 60 Tabs",Abacavir,Generic,300mg,Tablet,60,15000,219450.0,14.63,0.24,"Aurobindo Unit III, India",True,1485.0,8510.82,307.67
9553,85852,104-CI-T30,FPQ-8363,SO-40830,DN-2612,Côte d'Ivoire,PMO - US,From RDC,N/A - From RDC,Truck,2011-08-29,2011-10-27,2012-04-27,2012-04-19,2012-04-19,ARV,Adult,SCMS from RDC,"Lamivudine/Zidovudine 150/300mg, tablets, 60 Tabs",Lamivudine/Zidovudine,Generic,150/300mg,Tablet - FDC,60,5,41.3,8.26,0.14,Mylan (formerly Matrix) Nashik,False,842.0,6757.815,0.07
9554,85853,110-ZM-T30,FPQ-8476,SO-40955,DN-2624,Zambia,PMO - US,From RDC,N/A - From RDC,Truck,2011-09-27,2011-11-15,2012-05-15,2012-04-30,2012-04-30,ARV,Adult,SCMS from RDC,"Lamivudine/Zidovudine 150/300mg, tablets, 60 Tabs",Lamivudine/Zidovudine,Generic,150/300mg,Tablet - FDC,60,887,7096.0,8.0,0.13,"Aurobindo Unit VII, IN",False,668.5,6476.695,11.71
9555,85854,102-DO-T30,FPQ-9676,SO-41880,DN-2638,Dominican Republic,PMO - US,From RDC,N/A - From RDC,Air,2012-04-09,2011-11-21,2012-05-21,2012-05-04,2012-05-04,ARV,Adult,SCMS from RDC,"Lamivudine/Tenofovir Disoproxil Fumarate 300/300mg, tablets, 30 Tabs",Lamivudine/Tenofovir Disoproxil Fumarate,Generic,300/300mg,Tablet - FDC,30,6263,34697.02,5.54,0.18,Mylan (formerly Matrix) Nashik,False,668.5,3026.24,48.65
9556,85855,151-NG-T30,FPQ-8952,SO-41253,DN-2647,Nigeria,PMO - US,From RDC,N/A - From RDC,Air Charter,2011-12-08,2012-01-04,2012-07-04,2012-04-30,2012-04-30,ARV,Adult,SCMS from RDC,"Nevirapine 200mg, tablets, 60 Tabs",Nevirapine,Generic,200mg,Tablet,60,87499,213497.56,2.44,0.04,"Aurobindo Unit III, India",True,9645.0,27441.22,299.32
9557,85856,114-UG-T30,FPQ-9321,SO-41510,DN-2643,Uganda,PMO - US,From RDC,N/A - From RDC,Truck,2012-02-10,2012-01-03,2012-07-03,2012-05-18,2012-05-18,ARV,Adult,SCMS from RDC,"Lamivudine/Nevirapine/Zidovudine 150/200/300mg, tablets, 60 Tabs",Lamivudine/Nevirapine/Zidovudine,Generic,150/300/200mg,Tablet - FDC,60,3275,33699.75,10.29,0.17,"Strides, Bangalore, India.",False,668.5,5458.45,47.25
9558,85857,114-UG-T30,FPQ-9356,SO-41610,DN-2654,Uganda,PMO - US,From RDC,N/A - From RDC,Truck,2012-02-20,2011-12-29,2012-06-29,2012-05-22,2012-05-22,ARV,Adult,SCMS from RDC,"Lopinavir/Ritonavir 200/50mg [Aluvia], tablets, 120 Tabs",Lopinavir/Ritonavir,Aluvia,200/50mg,Tablet,120,917,28261.94,30.82,0.26,ABBVIE Ludwigshafen Germany,False,668.5,5458.45,39.62
9559,85859,111-MZ-T30,FPQ-9506,SO-41760,DN-2663,Mozambique,PMO - US,From RDC,N/A - From RDC,Truck,2012-03-16,2012-01-03,2012-07-03,2012-06-28,2012-06-28,ARV,Adult,SCMS from RDC,"Lamivudine/Zidovudine 150/300mg, tablets, 60 Tabs",Lamivudine/Zidovudine,Generic,150/300mg,Tablet - FDC,60,33156,257953.68,7.78,0.13,Mylan (formerly Matrix) Nashik,False,668.5,5192.68,361.65
9560,85861,102-CD-T30,FPQ-9640,SO-41860,DN-2678,"Congo, DRC",PMO - US,From RDC,N/A - From RDC,Air,2012-04-02,2012-03-03,2012-09-03,2012-09-03,2012-09-03,ARV,Adult,SCMS from RDC,"Efavirenz 600mg, tablets, 30 Tabs",Efavirenz,Generic,600mg,Tablet,30,200,824.0,4.12,0.14,"Strides, Bangalore, India.",False,22.0,2346.5699999999997,1.16
9561,85862,151-NG-T30,FPQ-8952,SO-41255,DN-2684,Nigeria,PMO - US,From RDC,N/A - From RDC,Air Charter,2011-12-08,2012-01-04,2012-07-04,2012-06-03,2012-06-03,ARV,Adult,SCMS from RDC,"Lamivudine/Nevirapine/Zidovudine 150/200/300mg, tablets, 60 Tabs",Lamivudine/Nevirapine/Zidovudine,Generic,150/300/200mg,Tablet - FDC,60,3479,35798.91,10.29,0.17,Mylan (formerly Matrix) Nashik,False,668.5,12601.07,50.19
9562,85863,151-NG-T30,FPQ-8952,SO-42330,DN-2685,Nigeria,PMO - US,From RDC,N/A - From RDC,Air Charter,2011-12-08,2011-12-20,2012-06-20,2012-06-03,2012-06-03,ARV,Adult,SCMS from RDC,"Efavirenz/Lamivudine/Tenofovir Disoproxil Fumarate 600/300/300mg, tablets, 30 Tabs",Efavirenz/Lamivudine/Tenofovir Disoproxil Fumarate,Generic,600/300/300mg,Tablet - FDC,30,20000,282000.0,14.1,0.47,Mylan (formerly Matrix) Nashik,True,2334.0,17090.0,395.36
9563,85864,151-NG-T30,FPQ-9432,SO-42331,DN-2686,Nigeria,PMO - US,From RDC,N/A - From RDC,Air Charter,2012-03-01,2012-02-02,2012-08-02,2012-06-03,2012-06-03,ARV,Pediatric,SCMS from RDC,"Efavirenz 200mg, capsule, 90 Caps",Efavirenz,Generic,200mg,Capsule,90,2067,17858.88,8.64,0.1,"Aurobindo Unit III, India",True,307.0,17090.0,25.04
9564,85865,110-ZM-T30,FPQ-9515,SO-41950,DN-2681,Zambia,PMO - US,From RDC,N/A - From RDC,Air,2012-04-10,2012-01-02,2012-07-02,2012-06-07,2012-06-07,HRDT,HIV test,SCMS from RDC,"HIV 1/2, Determine Complete HIV Kit, 100 Tests","HIV 1/2, Determine Complete HIV Kit",Determine,no_dosage,Test kit,100,5996,479680.0,80.0,0.8,"Alere Medical Co., Ltd.",True,1363.0,22171.8,672.51
9565,85866,102-CD-T30,FPQ-9640,SO-41850,DN-2697,"Congo, DRC",PMO - US,From RDC,N/A - From RDC,Air,2012-04-02,2012-03-11,2012-09-11,2012-09-11,2012-09-11,ARV,Adult,SCMS from RDC,"Lamivudine 150mg, tablets, 60 Tabs",Lamivudine,Generic,150mg,Tablet,60,900,2097.0,2.33,0.04,Macleods Daman Plant INDIA,False,104.5,2346.5699999999997,2.94
9566,85867,102-CD-T30,FPQ-9640,SO-41850,DN-2697,"Congo, DRC",PMO - US,From RDC,N/A - From RDC,Air,2012-04-02,2012-03-11,2012-09-11,2012-09-11,2012-09-11,ARV,Adult,SCMS from RDC,"Tenofovir Disoproxil Fumarate 300mg, tablets, 30 Tabs",Tenofovir Disoproxil Fumarate,Generic,300mg,Tablet,30,120,660.0,5.5,0.18,Mylan (formerly Matrix) Nashik,False,22.0,2346.5699999999997,0.93
9567,85868,102-CD-T30,FPQ-9640,SO-41850,DN-2697,"Congo, DRC",PMO - US,From RDC,N/A - From RDC,Air,2012-04-02,2012-03-11,2012-09-11,2012-09-11,2012-09-11,ARV,Adult,SCMS from RDC,"Zidovudine 300mg, tablets, 60 Tabs",Zidovudine,Generic,300mg,Tablet,60,1300,8853.0,6.81,0.11,Hetero Unit III Hyderabad IN,False,115.0,2346.5699999999997,12.41
9568,85869,113-ZW-T30,FPQ-8464,SO-40891,DN-2694,Zimbabwe,PMO - US,From RDC,N/A - From RDC,Truck,2011-10-04,2012-04-16,2012-10-16,2012-06-27,2012-06-27,ARV,Adult,SCMS from RDC,"Lamivudine/Stavudine 150/30mg, tablets, 60 Tabs",Lamivudine/Stavudine,Generic,150/30mg,Tablet - FDC,60,2699,7962.05,2.95,0.05,"Strides, Bangalore, India.",False,668.5,6721.705,13.14
9569,85870,151-NG-T30,FPQ-8952,SO-41257,DN-2706,Nigeria,PMO - US,From RDC,N/A - From RDC,Air Charter,2011-12-08,2011-12-20,2012-06-20,2012-06-03,2012-06-03,ARV,Adult,SCMS from RDC,"Lamivudine 150mg, tablets, 60 Tabs",Lamivudine,Generic,150mg,Tablet,60,22100,51493.0,2.33,0.04,"Strides, Bangalore, India.",False,668.5,12601.07,72.19
9570,85871,111-MZ-T30,FPQ-9506,SO-41780,DN-2717,Mozambique,PMO - US,From RDC,N/A - From RDC,Truck,2012-03-16,2012-02-07,2012-08-07,2012-07-24,2012-07-24,ARV,Pediatric,SCMS from RDC,"Zidovudine 10mg/ml, oral solution w/syringe, Bottle, 240 ml",Zidovudine,Generic,10mg/ml,Oral solution,240,1600,3360.0,2.1,0.01,"Aurobindo Unit III, India",False,289.5,5192.68,4.71
9571,85872,109-TZ-T30,FPQ-9271,SO-41581,DN-2718,Tanzania,PMO - US,From RDC,N/A - From RDC,Truck,2012-01-31,2012-02-01,2012-08-01,2012-07-25,2012-07-25,ARV,Adult,SCMS from RDC,"Tenofovir Disoproxil Fumarate 300mg, tablets, 30 Tabs",Tenofovir Disoproxil Fumarate,Generic,300mg,Tablet,30,10000,55000.0,5.5,0.18,"Aurobindo Unit III, India",False,1097.5,3623.2,77.11
9572,85873,109-TZ-T30,FPQ-8303,SO-40471,DN-2721,Tanzania,PMO - US,From RDC,N/A - From RDC,Truck,2011-08-22,2012-02-15,2012-08-15,2012-07-25,2012-07-25,ARV,Pediatric,SCMS from RDC,"Nevirapine 10mg/ml, oral suspension w/syringe, Bottle, 240 ml",Nevirapine,Generic,10mg/ml,Oral suspension,240,29504,57532.8,1.95,0.01,"Aurobindo Unit III, India",True,10913.0,3853.89,94.93
9573,85874,151-NG-T30,FPQ-9432,SO-42642,DN-2733,Nigeria,PMO - US,From RDC,N/A - From RDC,Air Charter,2012-03-01,2012-02-02,2012-08-02,2012-07-09,2012-07-09,ARV,Adult,SCMS from RDC,"Lamivudine/Nevirapine/Zidovudine 150/200/300mg, tablets, 60 Tabs",Lamivudine/Nevirapine/Zidovudine,Generic,150/300/200mg,Tablet - FDC,60,180000,1765800.0,9.81,0.16,"Aurobindo Unit III, India",True,23096.0,21347.13,2475.65
9574,85875,111-MZ-T30,FPQ-9506,SO-41770,DN-2738,Mozambique,PMO - US,From RDC,N/A - From RDC,Truck,2012-03-16,2012-03-04,2012-09-04,2012-08-22,2012-08-22,ARV,Adult,SCMS from RDC,"Zidovudine 300mg, tablets, 60 Tabs",Zidovudine,Generic,300mg,Tablet,60,43020,302000.4,7.02,0.12,Mylan (formerly Matrix) Nashik,True,22479.0,6483.81,423.4
9575,85876,114-UG-T30,FPQ-9355,SO-41591,DN-2740,Uganda,PMO - US,From RDC,N/A - From RDC,Truck,2012-02-20,2012-03-05,2012-09-05,2012-07-30,2012-07-30,ARV,Adult,SCMS from RDC,"Lamivudine/Nevirapine/Zidovudine 150/200/300mg, tablets, 60 Tabs",Lamivudine/Nevirapine/Zidovudine,Generic,150/300/200mg,Tablet - FDC,60,4879,47862.99,9.81,0.16,Mylan (formerly Matrix) Nashik,True,637.0,5081.05,67.1
9576,85877,113-ZW-T30,FPQ-8464,SO-40890,DN-2741,Zimbabwe,PMO - US,From RDC,N/A - From RDC,Truck,2011-10-04,2012-04-16,2012-10-16,2012-07-23,2012-07-23,ARV,Adult,SCMS from RDC,"Efavirenz 600mg, tablets, 30 Tabs",Efavirenz,Generic,600mg,Tablet,30,17422,66377.82,3.81,0.13,"Aurobindo Unit III, India",False,668.5,6721.705,109.52
9577,85878,104-CI-T30,FPQ-8790,SO-41180,DN-2751,Côte d'Ivoire,PMO - US,From RDC,N/A - From RDC,Air,2011-11-11,2012-01-31,2012-07-31,2012-07-31,2012-07-31,ARV,Adult,SCMS from RDC,"Lamivudine/Zidovudine 150/300mg, tablets, 60 Tabs",Lamivudine/Zidovudine,Generic,150/300mg,Tablet - FDC,60,45000,347400.0,7.72,0.13,"Aurobindo Unit III, India",True,4050.0,11592.26,487.05
9578,85879,109-TZ-T30,FPQ-9271,SO-41580,DN-2761,Tanzania,PMO - US,From RDC,N/A - From RDC,Truck,2012-01-31,2012-02-29,2012-08-31,2012-08-22,2012-08-22,ARV,Adult,SCMS from RDC,"Emtricitabine/Tenofovir Disoproxil Fumarate 200/300mg, tablets, 30 Tabs",Emtricitabine/Tenofovir Disoproxil Fumarate,Generic,200/300mg,Tablet - FDC,30,66931,475879.41,7.11,0.24,Mylan (formerly Matrix) Nashik,False,668.5,3623.2,667.18
9579,85880,151-NG-T30,FPQ-9432,SO-42801,DN-2766,Nigeria,PMO - US,From RDC,N/A - From RDC,Air Charter,2012-03-01,2012-02-02,2012-08-02,2012-07-24,2012-07-24,ARV,Adult,SCMS from RDC,"Abacavir 300mg, tablets, 60 Tabs",Abacavir,Generic,300mg,Tablet,60,6100,79056.0,12.96,0.22,Mylan (formerly Matrix) Nashik,True,681.0,16532.5,110.84
9580,85881,151-NG-T30,FPQ-9432,SO-42803,DN-2769,Nigeria,PMO - US,From RDC,N/A - From RDC,Air Charter,2012-03-01,2012-02-02,2012-08-02,2012-07-24,2012-07-24,ARV,Adult,SCMS from RDC,"Lamivudine/Tenofovir Disoproxil Fumarate 300/300mg, tablets, 30 Tabs",Lamivudine/Tenofovir Disoproxil Fumarate,Generic,300/300mg,Tablet - FDC,30,28839,159768.06,5.54,0.18,Mylan (formerly Matrix) Nashik,False,668.5,12601.07,223.99
9581,85882,107-RW-T30,FPQ-10119,SO-42750,DN-2770,Rwanda,PMO - US,From RDC,N/A - From RDC,Air,2012-06-18,2012-02-29,2012-08-31,2012-08-16,2012-08-16,ARV,Adult,SCMS from RDC,"Zidovudine 300mg, tablets, 60 Tabs",Zidovudine,Generic,300mg,Tablet,60,90,608.4,6.76,0.11,Hetero Unit III Hyderabad IN,True,5.0,721.36,0.85
9582,85883,104-CI-T30,FPQ-9261,SO-41480,DN-2777,Côte d'Ivoire,PMO - US,From RDC,N/A - From RDC,Truck,2012-01-30,2012-02-20,2012-08-20,2012-08-18,2012-08-18,ARV,Adult,SCMS from RDC,"Efavirenz/Emtricitabine/Tenofovir Disoproxil Fumarate 600/200/300mg, tablets, 30 Tabs",Efavirenz/Emtricitabine/Tenofovir Disoproxil Fumarate,Generic,600/200/300mg,Tablet - FDC,30,8640,129945.6,15.04,0.5,Mylan (formerly Matrix) Nashik,True,972.0,4754.53,182.18
9583,85884,900-UG-T30,FPQ-10048,SO-42570,DN-2781,Uganda,PMO - US,From RDC,N/A - From RDC,Air,2012-06-06,2012-04-30,2012-10-30,2012-10-30,2012-10-30,ARV,Adult,SCMS from RDC,"Lamivudine/Tenofovir Disoproxil Fumarate 300/300mg, tablets, 30 Tabs",Lamivudine/Tenofovir Disoproxil Fumarate,Generic,300/300mg,Tablet - FDC,30,40000,221600.0,5.54,0.18,"Aurobindo Unit VII, IN",False,4261.0,2485.92,310.68
9584,85885,107-RW-T30,FPQ-9888,SO-42133,DN-2789,Rwanda,PMO - US,From RDC,N/A - From RDC,Air,2012-05-11,2012-02-24,2012-08-24,2012-08-16,2012-08-16,ARV,Adult,SCMS from RDC,"Abacavir 300mg, tablets, 60 Tabs",Abacavir,Generic,300mg,Tablet,60,10537,138561.55,13.15,0.22,"Aurobindo Unit III, India",True,1048.0,18613.69,194.26
9585,85886,151-NG-T30,FPQ-9432,SO-42930,DN-2791,Nigeria,PMO - US,From RDC,N/A - From RDC,Air Charter,2012-03-01,2012-02-20,2012-08-20,2012-08-14,2012-08-14,ARV,Adult,SCMS from RDC,"Lamivudine/Zidovudine 150/300mg, tablets, 60 Tabs",Lamivudine/Zidovudine,Generic,150/300mg,Tablet - FDC,60,35120,280960.0,8.0,0.13,"Aurobindo Unit III, India",False,668.5,12601.07,393.91
9586,85887,151-NG-T30,FPQ-9432,SO-42933,DN-2794,Nigeria,PMO - US,From RDC,N/A - From RDC,Air Charter,2012-03-01,2012-02-20,2012-08-20,2012-08-14,2012-08-14,ARV,Adult,SCMS from RDC,"Lopinavir/Ritonavir 200/50mg, tablets, 120 Tabs",Lopinavir/Ritonavir,Generic,200/50mg,Tablet,120,17497,512837.07,29.31,0.24,"Aurobindo Unit III, India",True,4898.0,18461.22,719.0
9587,85888,104-CI-T30,FPQ-10324,SO-42920,DN-2795,Côte d'Ivoire,PMO - US,From RDC,N/A - From RDC,Air,2012-07-11,2012-02-21,2012-08-21,2012-08-30,2012-08-30,ARV,Adult,SCMS from RDC,"Zidovudine 300mg, tablets, 60 Tabs",Zidovudine,Generic,300mg,Tablet,60,9000,60840.0,6.76,0.11,"Aurobindo Unit III, India",True,486.0,3028.66,85.3
9588,85889,107-RW-T30,FPQ-10119,SO-42740,DN-2796,Rwanda,PMO - US,From RDC,N/A - From RDC,Air,2012-06-18,2012-05-30,2012-11-30,2012-09-14,2012-09-14,ARV,Adult,SCMS from RDC,"Efavirenz 600mg, tablets, 30 Tabs",Efavirenz,Generic,600mg,Tablet,30,51240,200348.4,3.91,0.13,"Aurobindo Unit III, India",True,4331.0,8684.7,280.89
9589,85890,113-ZW-T30,FPQ-8464,SO-40900,DN-2804,Zimbabwe,PMO - US,From RDC,N/A - From RDC,Truck,2011-10-04,2012-06-11,2012-12-11,2012-09-04,2012-09-04,ARV,Adult,SCMS from RDC,"Lamivudine/Tenofovir Disoproxil Fumarate 300/300mg, tablets, 30 Tabs",Lamivudine/Tenofovir Disoproxil Fumarate,Generic,300/300mg,Tablet - FDC,30,33201,177957.36,5.36,0.18,Hetero Unit III Hyderabad IN,False,668.5,6721.705,293.63
9590,85891,104-CI-T30,FPQ-9749,SO-42381,DN-2813,Côte d'Ivoire,PMO - US,From RDC,N/A - From RDC,Truck,2012-04-19,2012-04-29,2012-10-29,2012-08-27,2012-08-27,ARV,Adult,SCMS from RDC,"Efavirenz/Lamivudine/Tenofovir Disoproxil Fumarate 600/300/300mg, tablets, 30 Tabs",Efavirenz/Lamivudine/Tenofovir Disoproxil Fumarate,Generic,600/300/300mg,Tablet - FDC,30,38160,506383.2,13.27,0.44,Mylan (formerly Matrix) Nashik,False,668.5,6757.815,709.95
9591,85892,102-CD-T30,FPQ-9906,SO-42340,DN-2812,"Congo, DRC",PMO - US,From RDC,N/A - From RDC,Air,2012-05-15,2012-08-14,2013-02-14,2013-02-14,2013-02-14,ARV,Adult,SCMS from RDC,"Lopinavir/Ritonavir 200/50mg, tablets, 120 Tabs",Lopinavir/Ritonavir,Generic,200/50mg,Tablet,120,306,8968.86,29.31,0.24,Mylan (formerly Matrix) Nashik,False,668.5,2346.5699999999997,12.57
9592,85893,104-CI-T30,FPQ-9063,SO-41360,DN-2816,Côte d'Ivoire,PMO - US,From RDC,N/A - From RDC,Truck,2011-12-21,2012-04-02,2012-10-02,2012-08-27,2012-08-27,ARV,Adult,SCMS from RDC,"Lamivudine/Zidovudine 150/300mg, tablets, 60 Tabs",Lamivudine/Zidovudine,Generic,150/300mg,Tablet - FDC,60,58380,450693.6,7.72,0.13,Mylan (formerly Matrix) Nashik,False,668.5,6757.815,631.87
9593,85894,151-NG-T30,FPQ-9432,SO-42936,DN-2818,Nigeria,PMO - US,From RDC,N/A - From RDC,Air,2012-03-01,2012-02-29,2012-08-31,2012-08-13,2012-08-13,ARV,Adult,SCMS from RDC,"Nevirapine 200mg, tablets, 60 Tabs",Nevirapine,Generic,200mg,Tablet,60,53922,130491.24,2.42,0.04,"Strides, Bangalore, India.",True,9697.0,18461.22,182.95
9594,85895,104-CI-T30,FPQ-9063,SO-41340,DN-2827,Côte d'Ivoire,PMO - US,From RDC,N/A - From RDC,Truck,2011-12-21,2012-03-28,2012-09-28,2012-08-31,2012-08-31,ARV,Adult,SCMS from RDC,"Efavirenz/Emtricitabine/Tenofovir Disoproxil Fumarate 600/200/300mg, tablets, 30 Tabs",Efavirenz/Emtricitabine/Tenofovir Disoproxil Fumarate,Generic,600/200/300mg,Tablet - FDC,30,8640,129945.6,15.04,0.5,Mylan (formerly Matrix) Nashik,True,979.0,4869.4,182.18
9595,85896,114-UG-T30,FPQ-9355,SO-41595,DN-2828,Uganda,PMO - US,From RDC,N/A - From RDC,Truck,2012-02-20,2012-03-24,2012-09-24,2012-09-24,2012-09-24,ARV,Adult,SCMS from RDC,"Lamivudine/Zidovudine 150/300mg, tablets, 60 Tabs",Lamivudine/Zidovudine,Generic,150/300mg,Tablet - FDC,60,1319,10552.0,8.0,0.13,Hetero Unit III Hyderabad IN,True,108.0,1618.01,14.79
9596,85897,114-UG-T30,FPQ-9875,SO-42052,DN-2830,Uganda,PMO - US,From RDC,N/A - From RDC,Air,2012-05-09,2012-04-18,2012-10-18,2012-10-18,2012-10-18,ARV,Adult,SCMS from RDC,"Nevirapine 200mg, tablets, 60 Tabs",Nevirapine,Generic,200mg,Tablet,60,30348,74049.12,2.44,0.04,Hetero Unit III Hyderabad IN,False,668.5,2485.92,103.82
9597,85898,110-ZM-T30,FPQ-9773,SO-41991,DN-2833,Zambia,PMO - US,From RDC,N/A - From RDC,Truck,2012-04-27,2012-03-25,2012-09-25,2012-09-07,2012-09-07,ARV,Adult,SCMS from RDC,"Nevirapine 200mg, tablets, 60 Tabs",Nevirapine,Generic,200mg,Tablet,60,41926,102299.44,2.44,0.04,Hetero Unit III Hyderabad IN,False,668.5,6476.695,143.42
9598,85899,107-RW-T30,FPQ-10015,SO-42480,DN-2848,Rwanda,PMO - US,From RDC,N/A - From RDC,Air,2012-06-04,2012-03-28,2012-09-28,2012-09-13,2012-09-13,ARV,Adult,SCMS from RDC,"Nevirapine 200mg, tablets, 60 Tabs",Nevirapine,Generic,200mg,Tablet,60,10078,24590.32,2.44,0.04,"Strides, Bangalore, India.",False,668.5,5865.805,34.48
9599,85900,104-CI-T30,FPQ-9749,SO-42380,DN-2861,Côte d'Ivoire,PMO - US,From RDC,N/A - From RDC,Truck,2012-04-19,2012-04-29,2012-10-29,2012-10-01,2012-10-01,ARV,Adult,SCMS from RDC,"Efavirenz 600mg, tablets, 30 Tabs",Efavirenz,Generic,600mg,Tablet,30,43772,166771.32,3.81,0.13,"Aurobindo Unit III, India",False,668.5,6757.815,233.81
9600,85901,104-CI-T30,FPQ-8790,SO-41204,DN-2868,Côte d'Ivoire,PMO - US,From RDC,N/A - From RDC,Air,2011-11-11,2012-04-30,2012-10-31,2012-10-05,2012-10-05,ARV,Adult,SCMS from RDC,"Tenofovir Disoproxil Fumarate 300mg, tablets, 30 Tabs",Tenofovir Disoproxil Fumarate,Generic,300mg,Tablet,30,1781,8584.42,4.82,0.16,Mylan (formerly Matrix) Nashik,True,99.0,1113.0,12.04
9601,85902,104-CI-T30,FPQ-9063,SO-41362,DN-2870,Côte d'Ivoire,PMO - US,From RDC,N/A - From RDC,Truck,2011-12-21,2012-04-15,2012-10-15,2012-10-05,2012-10-05,ARV,Adult,SCMS from RDC,"Efavirenz/Emtricitabine/Tenofovir Disoproxil Fumarate 600/200/300mg, tablets, 30 Tabs",Efavirenz/Emtricitabine/Tenofovir Disoproxil Fumarate,Generic,600/200/300mg,Tablet - FDC,30,10080,144950.4,14.38,0.48,Mylan (formerly Matrix) Nashik,True,1143.0,8158.93,203.22
9602,85903,900-SS-T30,FPQ-10514,SO-43060,DN-2871,South Sudan,PMO - US,From RDC,N/A - From RDC,Air,2012-08-17,2012-05-30,2012-11-30,2012-11-30,2012-11-30,ARV,Adult,SCMS from RDC,"Lamivudine 150mg, tablets, 60 Tabs",Lamivudine,Generic,150mg,Tablet,60,270,599.4,2.22,0.04,Hetero Unit III Hyderabad IN,False,59.0,2575.925,0.84
9603,85904,104-CI-T30,FPQ-9749,SO-42400,DN-2880,Côte d'Ivoire,PMO - US,From RDC,N/A - From RDC,Truck,2012-04-19,2012-04-30,2012-10-30,2012-10-24,2012-10-24,ARV,Adult,SCMS from RDC,"Abacavir/Lamivudine 600/300mg, scored tablets, 30 Tabs",Abacavir/Lamivudine,Generic,600/300mg,Tablet - FDC,30,2880,64800.0,22.5,0.75,"Aurobindo Unit III, India",False,440.5,6757.815,90.85
9604,85905,900-CM-T30,FPQ-10641,SO-43390,DN-2886,Cameroon,PMO - US,From RDC,N/A - From RDC,Air Charter,2012-09-19,2012-04-24,2012-10-24,2012-10-17,2012-10-17,ARV,Adult,SCMS from RDC,"Lamivudine/Zidovudine 150/300mg, tablets, 60 Tabs",Lamivudine/Zidovudine,Generic,150/300mg,Tablet - FDC,60,28057,216600.04,7.72,0.13,Hetero Unit III Hyderabad IN,False,668.5,67732.55,303.67
9605,85906,900-CM-T30,FPQ-10641,SO-43390,DN-2886,Cameroon,PMO - US,From RDC,N/A - From RDC,Air Charter,2012-09-19,2012-04-24,2012-10-24,2012-10-17,2012-10-17,ARV,Adult,SCMS from RDC,"Nevirapine 200mg, tablets, 60 Tabs",Nevirapine,Generic,200mg,Tablet,60,88208,213463.36,2.42,0.04,"Strides, Bangalore, India.",False,668.5,67732.55,299.28
9606,85907,900-CM-T30,FPQ-10641,SO-43380,DN-2887,Cameroon,PMO - US,From RDC,N/A - From RDC,Air Charter,2012-09-19,2012-05-07,2012-11-07,2012-10-17,2012-10-17,ARV,Adult,SCMS from RDC,"Lamivudine/Tenofovir Disoproxil Fumarate 300/300mg, tablets, 30 Tabs",Lamivudine/Tenofovir Disoproxil Fumarate,Generic,300/300mg,Tablet - FDC,30,18486,99084.96,5.36,0.18,"Cipla, Kurkumbh, India",False,668.5,67732.55,138.92
9607,85908,109-TZ-T30,FPQ-9303,SO-41550,DN-2888,Tanzania,PMO - US,From RDC,N/A - From RDC,Truck,2012-02-15,2012-05-30,2012-11-30,2012-11-06,2012-11-06,ARV,Pediatric,SCMS from RDC,"Lamivudine/Nevirapine/Stavudine 30/50/6mg, dispersible tablets, 60 Tabs",Lamivudine/Nevirapine/Stavudine,Generic,30/50/6mg,Chewable/dispersible tablet - FDC,60,17600,40480.0,2.3,0.04,"Cipla, Goa, India",True,3526.0,8977.0,56.75
9608,86075,103-ZW-T30,FPQ-13109,SO-46950,DN-3649,Zimbabwe,PMO - US,From RDC,N/A - From RDC,Truck,2013-10-17,2013-11-05,2014-05-05,2014-05-23,2014-05-27,ARV,Pediatric,SCMS from RDC,"Efavirenz 200mg, scored tablets, 90 Tabs",Efavirenz,Generic,200mg,Tablet,90,819,7616.7,9.3,0.1,"Strides, Bangalore, India.",True,58.0,1551.0,7.83
9609,85909,114-UG-T30,FPQ-10556,SO-43170,DN-2897,Uganda,PMO - US,From RDC,N/A - From RDC,Air,2012-08-30,2012-06-06,2012-12-06,2012-10-29,2012-10-29,ARV,Adult,SCMS from RDC,"Nevirapine 200mg, tablets, 60 Tabs",Nevirapine,Generic,200mg,Tablet,60,510,1234.2,2.42,0.04,Hetero Unit III Hyderabad IN,False,668.5,2485.92,1.73
9610,85910,111-MZ-T30,FPQ-10210,SO-42840,DN-2899,Mozambique,PMO - US,From RDC,N/A - From RDC,Truck,2012-06-28,2012-05-30,2012-11-30,2012-11-14,2012-11-14,ARV,Adult,SCMS from RDC,"Lamivudine/Nevirapine/Zidovudine 150/200/300mg, tablets, 60 Tabs",Lamivudine/Nevirapine/Zidovudine,Generic,150/300/200mg,Tablet - FDC,60,149997,1471470.57,9.81,0.16,"Aurobindo Unit III, India",True,17605.0,6323.1,2063.0
9611,85911,111-MZ-T30,FPQ-10210,SO-42821,DN-2911,Mozambique,PMO - US,From RDC,N/A - From RDC,Truck,2012-06-28,2012-05-30,2012-11-30,2012-11-14,2012-11-14,ARV,Adult,SCMS from RDC,"Lamivudine/Zidovudine 150/300mg, tablets, 60 Tabs",Lamivudine/Zidovudine,Generic,150/300mg,Tablet - FDC,60,24732,190931.04,7.72,0.13,Hetero Unit III Hyderabad IN,True,2143.0,6323.1,267.69
9612,85912,110-ZM-T30,FPQ-9773,SO-41994,DN-2912,Zambia,PMO - US,From RDC,N/A - From RDC,Truck,2012-04-27,2012-05-15,2012-11-15,2012-11-05,2012-11-05,ARV,Adult,SCMS from RDC,"Efavirenz/Emtricitabine/Tenofovir Disoproxil Fumarate 600/200/300mg, tablets, 30 Tabs",Efavirenz/Emtricitabine/Tenofovir Disoproxil Fumarate,Generic,600/200/300mg,Tablet - FDC,30,133000,1912540.0,14.38,0.48,Mylan (formerly Matrix) Nashik,True,15075.0,10809.09,2681.38
9613,85913,107-RW-T30,FPQ-10119,SO-42700,DN-2915,Rwanda,PMO - US,From RDC,N/A - From RDC,Air,2012-06-18,2012-07-16,2013-01-16,2013-01-16,2013-01-16,ARV,Adult,SCMS from RDC,"Lamivudine/Stavudine 150/30mg, tablets, 60 Tabs",Lamivudine/Stavudine,Generic,150/30mg,Tablet - FDC,60,5468,16130.6,2.95,0.05,Hetero Unit III Hyderabad IN,True,437.0,2928.4,22.62
9614,85914,107-RW-T30,FPQ-9969,SO-42420,DN-2916,Rwanda,PMO - US,From RDC,N/A - From RDC,Air,2012-05-25,2012-07-16,2013-01-16,2013-01-16,2013-01-16,ARV,Adult,SCMS from RDC,"Lamivudine/Stavudine 150/30mg, tablets, 60 Tabs",Lamivudine/Stavudine,Generic,150/30mg,Tablet - FDC,60,13152,38798.4,2.95,0.05,Hetero Unit III Hyderabad IN,True,1045.0,6152.0,54.4
9615,85915,103-ZW-T30,FPQ-9907,SO-42200,DN-2913,Zimbabwe,PMO - US,From RDC,N/A - From RDC,Truck,2012-05-15,2012-05-19,2012-11-19,2012-11-19,2012-11-19,ARV,Pediatric,SCMS from RDC,"Lamivudine/Zidovudine 30/60mg, tablets, 60 Tabs",Lamivudine/Zidovudine,Generic,30/60mg,Tablet - FDC,60,2267,6256.92,2.76,0.05,"Aurobindo Unit III, India",False,668.5,6721.705,8.77
9616,85916,151-NG-T30,FPQ-9968,SO-43430,DN-2909,Nigeria,PMO - US,From RDC,N/A - From RDC,Air,2012-05-23,2012-05-07,2012-11-07,2012-11-07,2012-11-07,ARV,Adult,SCMS from RDC,"Lamivudine/Nevirapine/Zidovudine 150/200/300mg, tablets, 60 Tabs",Lamivudine/Nevirapine/Zidovudine,Generic,150/300/200mg,Tablet - FDC,60,116000,1115920.0,9.62,0.16,Hetero Unit III Hyderabad IN,True,17521.0,15459.09,1564.52
9617,85917,151-NG-T30,FPQ-9968,SO-43431,DN-2923,Nigeria,PMO - US,From RDC,N/A - From RDC,Air,2012-05-23,2012-05-15,2012-11-15,2012-11-06,2012-11-06,ARV,Adult,SCMS from RDC,"Efavirenz/Lamivudine/Tenofovir Disoproxil Fumarate 600/300/300mg, tablets, 30 Tabs",Efavirenz/Lamivudine/Tenofovir Disoproxil Fumarate,Generic,600/300/300mg,Tablet - FDC,30,56404,748481.08,13.27,0.44,Mylan (formerly Matrix) Nashik,True,6886.0,15459.09,1049.37
9618,85918,151-NG-T30,FPQ-9968,SO-43434,DN-2945,Nigeria,PMO - US,From RDC,N/A - From RDC,Air,2012-05-23,2012-05-30,2012-11-30,2012-12-04,2012-12-04,ARV,Adult,SCMS from RDC,"Lamivudine/Tenofovir Disoproxil Fumarate 300/300mg, tablets, 30 Tabs",Lamivudine/Tenofovir Disoproxil Fumarate,Generic,300/300mg,Tablet - FDC,30,15594,83583.84,5.36,0.18,"Cipla, Kurkumbh, India",False,668.5,10144.765,117.18
9619,85919,114-UG-T30,FPQ-10357,SO-42901,DN-2964,Uganda,PMO - US,From RDC,N/A - From RDC,Truck,2012-07-18,2012-08-05,2013-02-05,2013-02-05,2013-02-05,ARV,Adult,SCMS from RDC,"Lamivudine/Tenofovir Disoproxil Fumarate 300/300mg, tablets, 30 Tabs",Lamivudine/Tenofovir Disoproxil Fumarate,Generic,300/300mg,Tablet - FDC,30,48,257.28,5.36,0.18,Hetero Unit III Hyderabad IN,True,5.0,673.25,0.36
9620,85920,111-MZ-T30,FPQ-10211,SO-42870,DN-2966,Mozambique,PMO - US,From RDC,N/A - From RDC,Truck,2012-06-28,2012-07-31,2013-01-31,2013-01-11,2013-01-11,ARV,Adult,SCMS from RDC,"Lamivudine/Nevirapine/Zidovudine 150/200/300mg, tablets, 60 Tabs",Lamivudine/Nevirapine/Zidovudine,Generic,150/300/200mg,Tablet - FDC,60,67271,647147.02,9.62,0.16,"Aurobindo Unit III, India",True,7899.0,7433.01,907.3
9621,85921,104-CI-T30,FPQ-9749,SO-42370,DN-2970,Côte d'Ivoire,PMO - US,From RDC,N/A - From RDC,Truck,2012-04-19,2012-07-31,2013-01-31,2012-01-25,2013-01-25,ARV,Adult,SCMS from RDC,"Lamivudine/Nevirapine/Zidovudine 150/200/300mg, tablets, 60 Tabs",Lamivudine/Nevirapine/Zidovudine,Generic,150/300/200mg,Tablet - FDC,60,40455,389177.1,9.62,0.16,Hetero Unit III Hyderabad IN,False,668.5,6757.815,545.63
9622,85922,114-UG-T30,FPQ-10780,SO-43470,DN-2971,Uganda,PMO - US,From RDC,N/A - From RDC,Air,2012-10-10,2012-07-31,2013-01-31,2013-02-01,2013-02-01,ARV,Adult,SCMS from RDC,"Nevirapine 200mg, tablets, 60 Tabs",Nevirapine,Generic,200mg,Tablet,60,699,1691.58,2.42,0.04,Hetero Unit III Hyderabad IN,False,728.0,2485.92,2.37
9623,85923,113-ZW-T30,FPQ-11422,SO-44010,DN-2979,Zimbabwe,PMO - US,From RDC,N/A - From RDC,Air,2013-01-04,2012-08-15,2013-02-15,2013-01-24,2013-01-24,ARV,Adult,SCMS from RDC,"Lopinavir/Ritonavir 200/50mg, tablets, 120 Tabs",Lopinavir/Ritonavir,Generic,200/50mg,Tablet,120,1573,38947.48,24.76,0.21,"Aurobindo Unit III, India",True,388.0,2392.0,48.18
9624,85924,114-UG-T30,FPQ-10556,SO-43160,DN-2952,Uganda,PMO - US,From RDC,N/A - From RDC,Air,2012-08-30,2012-08-02,2013-02-02,2013-02-02,2013-02-02,ARV,Adult,SCMS from RDC,"Lamivudine/Nevirapine/Zidovudine 150/200/300mg, tablets, 60 Tabs",Lamivudine/Nevirapine/Zidovudine,Generic,150/300/200mg,Tablet - FDC,60,3235,31120.7,9.62,0.16,Hetero Unit III Hyderabad IN,False,668.5,2485.92,43.63
9625,85925,101-CD-T30,FPQ-11054,SO-43680,DN-2981,"Congo, DRC",PMO - US,From RDC,N/A - From RDC,Air,2012-11-16,2013-03-11,2013-09-11,2013-09-11,2013-09-11,ARV,Adult,SCMS from RDC,"Lamivudine/Nevirapine/Zidovudine 150/200/300mg, tablets, 60 Tabs",Lamivudine/Nevirapine/Zidovudine,Generic,150/300/200mg,Tablet - FDC,60,24391,218787.27,8.97,0.15,"Aurobindo Unit III, India",False,668.5,2346.5699999999997,270.64
9626,85926,109-TZ-T30,FPQ-10545,SO-43100,DN-2983,Tanzania,PMO - US,From RDC,N/A - From RDC,Truck,2012-08-24,2012-09-11,2013-03-11,2013-02-18,2013-02-18,ARV,Adult,SCMS from RDC,"Efavirenz/Emtricitabine/Tenofovir Disoproxil Fumarate 600/200/300mg, tablets, 30 Tabs",Efavirenz/Emtricitabine/Tenofovir Disoproxil Fumarate,Generic,600/200/300mg,Tablet - FDC,30,65379,895038.51,13.69,0.46,Mylan (formerly Matrix) Nashik,True,7385.0,0.0,1254.84
9627,85927,114-UG-T30,FPQ-11143,SO-43930,DN-2986,Uganda,PMO - US,From RDC,N/A - From RDC,Air,2012-12-13,2012-08-22,2013-02-22,2013-02-25,2013-02-25,ARV,Pediatric,SCMS from RDC,"Lamivudine/Zidovudine 30/60mg, tablets, 60 Tabs",Lamivudine/Zidovudine,Generic,30/60mg,Tablet - FDC,60,2512,5677.12,2.26,0.04,"Aurobindo Unit III, India",True,177.0,3255.61,7.02
9628,85928,110-ZM-T30,FPQ-10728,SO-43440,DN-2987,Zambia,PMO - US,From RDC,N/A - From RDC,Truck,2012-10-05,2012-08-19,2013-02-19,2013-02-19,2013-02-19,ARV,Pediatric,SCMS from RDC,"Abacavir 20mg/ml, oral solution w/syringe, Bottle, 240 ml",Abacavir,Generic,20mg/ml,Oral solution,240,3648,44067.84,12.08,0.05,"Aurobindo Unit III, India",True,974.0,6923.53,61.78
9629,85929,151-NG-T30,FPQ-10477,SO-43044,DN-2996,Nigeria,PMO - US,From RDC,N/A - From RDC,Air Charter,2012-08-09,2012-08-11,2013-02-11,2013-02-11,2013-02-11,ARV,Adult,SCMS from RDC,"Nevirapine 200mg, tablets, 60 Tabs",Nevirapine,Generic,200mg,Tablet,60,107500,248325.0,2.31,0.04,"Strides, Bangalore, India.",False,668.5,12601.07,348.15
9630,85930,151-NG-T30,FPQ-10477,SO-43045,DN-2997,Nigeria,PMO - US,From RDC,N/A - From RDC,Air Charter,2012-08-09,2012-08-11,2013-02-11,2013-02-11,2013-02-11,ARV,Adult,SCMS from RDC,"Lamivudine/Zidovudine 150/300mg, tablets, 60 Tabs",Lamivudine/Zidovudine,Generic,150/300mg,Tablet - FDC,60,162827,1183752.29,7.27,0.12,"Aurobindo Unit III, India",False,668.5,12601.07,1659.62
9631,85931,151-NG-T30,FPQ-10477,SO-43045,DN-2997,Nigeria,PMO - US,From RDC,N/A - From RDC,Air Charter,2012-08-09,2012-08-11,2013-02-11,2013-02-11,2013-02-11,ARV,Adult,SCMS from RDC,"Lamivudine/Zidovudine 150/300mg, tablets, 60 Tabs",Lamivudine/Zidovudine,Generic,150/300mg,Tablet - FDC,60,44383,322664.41,7.27,0.12,Mylan (formerly Matrix) Nashik,False,668.5,12601.07,452.38
9632,85932,114-UG-T30,FPQ-11143,SO-43961,DN-3001,Uganda,PMO - US,From RDC,N/A - From RDC,Air,2012-12-13,2012-08-22,2013-02-22,2013-02-20,2013-02-20,ARV,Adult,SCMS from RDC,"Efavirenz 600mg, tablets, 30 Tabs",Efavirenz,Generic,600mg,Tablet,30,9354,33300.24,3.56,0.12,"Aurobindo Unit III, India",False,668.5,2485.92,41.19
9633,85936,114-UG-T30,FPQ-10786,SO-43520,DN-3011,Uganda,PMO - US,From RDC,N/A - From RDC,Air,2012-10-10,2012-09-04,2013-03-04,2013-03-04,2013-03-04,ARV,Adult,SCMS from RDC,"Lopinavir/Ritonavir 200/50mg, tablets, 120 Tabs",Lopinavir/Ritonavir,Generic,200/50mg,Tablet,120,8494,210311.44,24.76,0.21,"Aurobindo Unit III, India",True,2089.0,17032.59,260.16
9634,85938,101-CD-T30,FPQ-11096,SO-43750,DN-3017,"Congo, DRC",PMO - US,From RDC,N/A - From RDC,Air,2012-11-20,2012-09-18,2013-03-18,2013-08-08,2013-08-08,ARV,Pediatric,SCMS from RDC,"Zidovudine 10mg/ml, oral solution w/syringe, Bottle, 240 ml",Zidovudine,Generic,10mg/ml,Oral solution,240,738,1549.8,2.1,0.01,"Aurobindo Unit III, India",False,112.0,2346.5699999999997,1.92
9635,85939,104-CI-T30,FPQ-10626,SO-43300,DN-3021,Côte d'Ivoire,PMO - US,From RDC,N/A - From RDC,Truck,2012-09-06,2012-09-28,2013-03-28,2013-02-28,2013-02-28,ARV,Adult,SCMS from RDC,"Tenofovir Disoproxil Fumarate 300mg, tablets, 30 Tabs",Tenofovir Disoproxil Fumarate,Generic,300mg,Tablet,30,5800,23432.0,4.04,0.13,Mylan (formerly Matrix) Nashik,False,1415.5,6757.815,32.85
9636,85940,113-ZW-T30,FPQ-10632,SO-43210,DN-3030,Zimbabwe,PMO - US,From RDC,N/A - From RDC,Truck,2012-09-11,2012-09-14,2013-03-14,2013-03-14,2013-03-14,ARV,Adult,SCMS from RDC,"Nevirapine 200mg, tablets, 60 Tabs",Nevirapine,Generic,200mg,Tablet,60,60096,135816.96,2.26,0.04,"Aurobindo Unit III, India",False,668.5,6721.705,190.42
9637,85941,103-ZW-T30,FPQ-9907,SO-42260,DN-3032,Zimbabwe,PMO - US,From RDC,N/A - From RDC,Truck,2012-05-15,2012-09-30,2013-03-31,2013-03-14,2013-03-14,ARV,Pediatric,SCMS from RDC,"Lamivudine/Nevirapine/Zidovudine 30/50/60mg, dispersible tablets, 60 Tabs",Lamivudine/Nevirapine/Zidovudine,Generic,30/50/60mg,Chewable/dispersible tablet - FDC,60,39850,165377.5,4.15,0.07,Mylan (formerly Matrix) Nashik,False,668.5,6721.705,231.86
9638,85942,114-UG-T30,FPQ-11143,SO-43940,DN-3034,Uganda,PMO - US,From RDC,N/A - From RDC,Air,2012-12-13,2012-09-29,2013-03-29,2013-03-01,2013-03-01,ARV,Pediatric,SCMS from RDC,"Efavirenz 200mg, scored tablets, 90 Tabs",Efavirenz,Generic,200mg,Tablet,90,257,1876.1,7.3,0.08,"Strides, Bangalore, India.",False,668.5,2485.92,2.32
9639,85943,106-HT-T30,FPQ-11281,SO-44400,DN-3015,Haiti,PMO - US,From RDC,N/A - From RDC,Air,2013-01-16,2012-10-09,2013-04-09,2013-03-14,2013-03-14,ARV,Adult,SCMS from RDC,"Abacavir 300mg, tablets, 60 Tabs",Abacavir,Generic,300mg,Tablet,60,2610,33825.6,12.96,0.22,"Aurobindo Unit III, India",False,1195.0,2946.7200000000003,41.84
9640,85944,106-HT-T30,FPQ-11281,SO-44400,DN-3015,Haiti,PMO - US,From RDC,N/A - From RDC,Air,2013-01-16,2012-10-09,2013-04-09,2013-03-14,2013-03-14,ARV,Pediatric,SCMS from RDC,"Zidovudine 10mg/ml, oral solution w/syringe, Bottle, 240 ml",Zidovudine,Generic,10mg/ml,Oral solution,240,1951,4097.1,2.1,0.01,"Aurobindo Unit III, India",False,668.5,2946.7200000000003,5.07
9641,85945,151-NG-T30,FPQ-10477,SO-44560,DN-3029,Nigeria,PMO - US,From RDC,N/A - From RDC,Air Charter,2012-08-09,2012-09-15,2013-03-15,2013-02-21,2013-02-21,ARV,Adult,SCMS from RDC,"Lamivudine/Zidovudine 150/300mg, tablets, 60 Tabs",Lamivudine/Zidovudine,Generic,150/300mg,Tablet - FDC,60,50000,363500.0,7.27,0.12,Hetero Unit III Hyderabad IN,False,4502.0,12601.07,509.63
9642,85947,113-ZW-T30,FPQ-10632,SO-43211,DN-3057,Zimbabwe,PMO - US,From RDC,N/A - From RDC,Truck,2012-09-11,2012-10-15,2013-04-15,2013-03-14,2013-03-14,ARV,Adult,SCMS from RDC,"Lamivudine/Tenofovir Disoproxil Fumarate 300/300mg, tablets, 30 Tabs",Lamivudine/Tenofovir Disoproxil Fumarate,Generic,300/300mg,Tablet - FDC,30,132320,621904.0,4.7,0.16,"Aurobindo Unit VII, IN",True,12328.0,9405.81,871.91
9643,85948,111-MZ-T30,FPQ-10211,SO-42860,DN-3063,Mozambique,PMO - US,From RDC,N/A - From RDC,Truck,2012-06-28,2012-10-08,2013-04-08,2013-04-16,2013-04-16,ARV,Adult,SCMS from RDC,"Lamivudine/Tenofovir Disoproxil Fumarate 300/300mg, tablets, 30 Tabs",Lamivudine/Tenofovir Disoproxil Fumarate,Generic,300/300mg,Tablet - FDC,30,7680,36096.0,4.7,0.16,"Aurobindo Unit VII, IN",False,668.5,5192.68,50.61
9644,85951,104-CI-T30,FPQ-11253,SO-44170,DN-3072,Côte d'Ivoire,PMO - US,From RDC,N/A - From RDC,Truck,2012-12-14,2012-10-30,2013-04-30,2013-05-10,2013-05-10,ARV,Pediatric,SCMS from RDC,"Zidovudine 10mg/ml, oral solution w/syringe, Bottle, 240 ml",Zidovudine,Generic,10mg/ml,Oral solution,240,3000,6300.0,2.1,0.01,"Aurobindo Unit III, India",True,1159.0,5405.25,7.79
9645,85952,113-ZW-T30,FPQ-11002,SO-43700,DN-3084,Zimbabwe,PMO - US,From RDC,N/A - From RDC,Truck,2012-11-16,2012-10-30,2013-04-30,2013-04-08,2013-04-08,ARV,Adult,SCMS from RDC,"Nevirapine 200mg, tablets, 60 Tabs",Nevirapine,Generic,200mg,Tablet,60,86515,195523.9,2.26,0.04,Hetero Unit III Hyderabad IN,False,668.5,6721.705,241.86
9646,85953,111-MZ-T30,FPQ-10211,SO-42862,DN-3086,Mozambique,PMO - US,From RDC,N/A - From RDC,Truck,2012-06-28,2012-10-19,2013-04-19,2013-04-19,2013-04-19,ARV,Adult,SCMS from RDC,"Efavirenz/Lamivudine/Tenofovir Disoproxil Fumarate 600/300/300mg, tablets, 30 Tabs",Efavirenz/Lamivudine/Tenofovir Disoproxil Fumarate,Generic,600/300/300mg,Tablet - FDC,30,22000,266420.0,12.11,0.4,Mylan (formerly Matrix) Nashik,True,2503.0,4120.69,373.52
9647,85955,104-CI-T30,FPQ-10633,SO-43330,DN-3075,Côte d'Ivoire,PMO - US,From RDC,N/A - From RDC,Truck,2012-09-11,2012-09-28,2013-03-28,2013-03-30,2013-03-30,ARV,Adult,SCMS from RDC,"Lamivudine/Zidovudine 150/300mg, tablets, 60 Tabs",Lamivudine/Zidovudine,Generic,150/300mg,Tablet - FDC,60,43848,318774.96,7.27,0.12,"Cipla, Goa, India",False,668.5,6757.815,446.92
9648,85956,109-TZ-T30,FPQ-11393,SO-44381,DN-3101,Tanzania,PMO - US,From RDC,N/A - From RDC,Truck,2012-12-30,2012-11-30,2013-05-31,2013-05-14,2013-05-14,ARV,Adult,SCMS from RDC,"Efavirenz/Emtricitabine/Tenofovir Disoproxil Fumarate 600/200/300mg, tablets, 30 Tabs",Efavirenz/Emtricitabine/Tenofovir Disoproxil Fumarate,Generic,600/200/300mg,Tablet - FDC,30,19014,260301.66,13.69,0.46,Mylan (formerly Matrix) Nashik,False,668.5,3623.2,321.99
9649,85958,111-MZ-T30,FPQ-11882,SO-44830,DN-3110,Mozambique,PMO - US,From RDC,N/A - From RDC,Truck,2013-03-19,2012-12-06,2013-06-06,2013-06-20,2013-06-20,ARV,Adult,SCMS from RDC,"Zidovudine 300mg, tablets, 60 Tabs",Zidovudine,Generic,300mg,Tablet,60,2151,14067.54,6.54,0.11,"Aurobindo Unit III, India",False,668.5,5192.68,17.4
9650,85959,111-MZ-T30,FPQ-11882,SO-44830,DN-3110,Mozambique,PMO - US,From RDC,N/A - From RDC,Truck,2013-03-19,2012-12-06,2013-06-06,2013-06-20,2013-06-20,ARV,Adult,SCMS from RDC,"Zidovudine 300mg, tablets, 60 Tabs",Zidovudine,Generic,300mg,Tablet,60,567,3708.18,6.54,0.11,Hetero Unit III Hyderabad IN,False,668.5,5192.68,4.59
9651,85960,103-SS-T30,FPQ-11489,SO-44630,DN-3125,South Sudan,PMO - US,From RDC,N/A - From RDC,Air,2013-01-16,2012-10-30,2013-04-30,2013-04-24,2013-04-24,ARV,Adult,SCMS from RDC,"Lopinavir/Ritonavir 200/50mg, tablets, 120 Tabs",Lopinavir/Ritonavir,Generic,200/50mg,Tablet,120,507,12553.32,24.76,0.21,"Aurobindo Unit III, India",False,185.0,2575.925,15.53
9652,85961,103-SS-T30,FPQ-11489,SO-44630,DN-3125,South Sudan,PMO - US,From RDC,N/A - From RDC,Air,2013-01-16,2012-10-30,2013-04-30,2013-04-24,2013-04-24,ARV,Pediatric,SCMS from RDC,"Lamivudine/Zidovudine 30/60mg, tablets, 60 Tabs",Lamivudine/Zidovudine,Generic,30/60mg,Tablet - FDC,60,132,298.32,2.26,0.04,Mylan (formerly Matrix) Nashik,False,17.5,2575.925,0.37
9653,85962,113-ZW-T30,FPQ-11002,SO-43720,DN-3132,Zimbabwe,PMO - US,From RDC,N/A - From RDC,Truck,2012-11-16,2012-11-30,2013-05-30,2013-04-29,2013-04-29,ARV,Adult,SCMS from RDC,"Nevirapine 200mg, tablets, 60 Tabs",Nevirapine,Generic,200mg,Tablet,60,131520,297235.2,2.26,0.04,"Cipla, Goa, India",False,10762.5,6721.705,367.68
9654,85963,104-CI-T30,FPQ-11253,SO-44160,DN-3135,Côte d'Ivoire,PMO - US,From RDC,N/A - From RDC,Truck,2012-12-14,2012-12-28,2013-06-28,2013-04-30,2013-04-30,ARV,Pediatric,SCMS from RDC,"Abacavir/Lamivudine 60/30mg, tablets, 60 Tabs",Abacavir/Lamivudine,Generic,60/30mg,Tablet - FDC,60,2600,11960.0,4.6,0.08,"Aurobindo Unit III, India",True,122.0,1799.58,14.79
9655,85964,151-NG-T30,FPQ-11022,SO-43847,DN-3142,Nigeria,PMO - US,From RDC,N/A - From RDC,Air Charter,2012-11-15,2012-11-21,2013-05-21,2013-05-03,2013-05-03,ARV,Adult,SCMS from RDC,"Lamivudine/Nevirapine/Zidovudine 150/200/300mg, tablets, 60 Tabs",Lamivudine/Nevirapine/Zidovudine,Generic,150/300/200mg,Tablet - FDC,60,36278,311265.24,8.58,0.14,"Cipla, Goa, India",True,4943.0,14547.55,385.04
9656,85965,114-UG-T30,FPQ-10945,SO-43621,DN-3152,Uganda,PMO - US,From RDC,N/A - From RDC,Air,2012-11-06,2012-11-09,2013-05-09,2013-05-22,2013-05-22,ARV,Adult,SCMS from RDC,"Efavirenz/Lamivudine/Tenofovir Disoproxil Fumarate 600/300/300mg, tablets, 30 Tabs",Efavirenz/Lamivudine/Tenofovir Disoproxil Fumarate,Generic,600/300/300mg,Tablet - FDC,30,61394,645864.88,10.52,0.35,Hetero Unit III Hyderabad IN,True,8115.0,13817.65,798.93
9657,85966,151-NG-T30,FPQ-11022,SO-43841,DN-3151,Nigeria,PMO - US,From RDC,N/A - From RDC,Air,2012-11-15,2012-11-21,2013-05-21,2013-05-23,2013-05-23,ARV,Pediatric,SCMS from RDC,"Lamivudine/Nevirapine/Stavudine 60/100/12mg, dispersible tablets, 60 Tabs",Lamivudine/Nevirapine/Stavudine,Generic,60/100/12mg,Chewable/dispersible tablet - FDC,60,2027,8716.1,4.3,0.07,"Cipla, Goa, India",True,218.0,1941.82,10.78
9658,85967,114-UG-T30,FPQ-11133,SO-43881,DN-3156,Uganda,PMO - US,From RDC,N/A - From RDC,Truck,2012-12-13,2012-11-30,2013-05-31,2013-05-30,2013-05-30,ARV,Adult,SCMS from RDC,"Lamivudine/Tenofovir Disoproxil Fumarate 300/300mg, tablets, 30 Tabs",Lamivudine/Tenofovir Disoproxil Fumarate,Generic,300/300mg,Tablet - FDC,30,1380,6486.0,4.7,0.16,"Aurobindo Unit VII, IN",True,142.0,1034.64,8.02
9659,85968,151-NG-T30,FPQ-11022,SO-43848,DN-3162,Nigeria,PMO - US,From RDC,N/A - From RDC,Air Charter,2012-11-15,2012-11-21,2013-05-21,2013-05-03,2013-05-03,ARV,Adult,SCMS from RDC,"Nevirapine 200mg, tablets, 60 Tabs",Nevirapine,Generic,200mg,Tablet,60,95000,214700.0,2.26,0.04,Hetero Unit III Hyderabad IN,True,6528.0,14547.55,265.58
9660,85969,151-NG-T30,FPQ-11022,SO-43852,DN-3173,Nigeria,PMO - US,From RDC,N/A - From RDC,Air Charter,2012-11-15,2012-12-04,2013-06-04,2013-05-10,2013-05-10,ARV,Adult,SCMS from RDC,"Efavirenz 600mg, tablets, 30 Tabs",Efavirenz,Generic,600mg,Tablet,30,47091,156813.03,3.33,0.11,"Strides, Bangalore, India.",False,668.5,12601.07,193.98
9661,85970,151-NG-T30,FPQ-11022,SO-43852,DN-3173,Nigeria,PMO - US,From RDC,N/A - From RDC,Air Charter,2012-11-15,2012-12-04,2013-06-04,2013-05-10,2013-05-10,ARV,Adult,SCMS from RDC,"Efavirenz 600mg, tablets, 30 Tabs",Efavirenz,Generic,600mg,Tablet,30,120000,399600.0,3.33,0.11,"Hetero, Jadcherla, unit 5, IN",False,11419.0,12601.07,494.31
9662,85971,110-ZM-T30,FPQ-11553,SO-44475,DN-3184,Zambia,PMO - US,From RDC,N/A - From RDC,Truck,2013-01-28,2012-12-25,2013-06-25,2013-05-29,2013-05-29,ARV,Adult,SCMS from RDC,"Nevirapine 200mg, tablets, 60 Tabs",Nevirapine,Generic,200mg,Tablet,60,96800,223608.0,2.31,0.04,"Cipla, Goa, India",True,11808.0,17650.15,276.6
9663,85972,109-TZ-T30,FPQ-10551,SO-43140,DN-3185,Tanzania,PMO - US,From RDC,N/A - From RDC,Truck,2012-08-31,2012-12-28,2013-06-28,2013-05-23,2013-05-23,ARV,Pediatric,SCMS from RDC,"Nevirapine 10mg/ml, oral suspension w/syringe, Bottle, 240 ml",Nevirapine,Generic,10mg/ml,Oral suspension,240,24977,48705.15,1.95,0.01,"Aurobindo Unit III, India",True,9174.0,7185.6,68.28
9664,85974,110-ZM-T30,FPQ-10728,SO-44771,DN-3209,Zambia,PMO - US,From RDC,N/A - From RDC,Truck,2012-10-05,2013-01-15,2013-07-15,2013-07-23,2013-07-23,ARV,Adult,SCMS from RDC,"Efavirenz/Emtricitabine/Tenofovir Disoproxil Fumarate 600/200/300mg, tablets, 30 Tabs",Efavirenz/Emtricitabine/Tenofovir Disoproxil Fumarate,Generic,600/200/300mg,Tablet - FDC,30,78787,1021079.52,12.96,0.43,Mylan (formerly Matrix) Nashik,True,9347.0,0.0,1431.55
9665,85975,111-MZ-T30,FPQ-11033,SO-43810,DN-3213,Mozambique,PMO - US,From RDC,N/A - From RDC,Truck,2012-11-12,2013-01-31,2013-07-31,2013-07-26,2013-07-26,ARV,Adult,SCMS from RDC,"Zidovudine 300mg, tablets, 60 Tabs",Zidovudine,Generic,300mg,Tablet,60,5320,34101.2,6.41,0.11,"Aurobindo Unit III, India",True,273.0,5496.08,42.18
9666,85977,901-CM-T30,FPQ-12520,SO-45820,DN-3227,Cameroon,PMO - US,From RDC,N/A - From RDC,Air Charter,2013-06-21,2013-01-22,2013-07-22,2013-07-31,2013-07-31,ARV,Adult,SCMS from RDC,"Efavirenz/Lamivudine/Tenofovir Disoproxil Fumarate 600/300/300mg, tablets, 30 Tabs",Efavirenz/Lamivudine/Tenofovir Disoproxil Fumarate,Generic,600/300/300mg,Tablet - FDC,30,45000,473400.0,10.52,0.35,Hetero Unit III Hyderabad IN,False,4688.0,67732.55,585.6
9667,85978,113-ZW-T30,FPQ-11545,SO-44340,DN-3231,Zimbabwe,PMO - US,From RDC,N/A - From RDC,Truck,2013-01-24,2013-01-31,2013-07-31,2013-08-06,2013-08-06,ARV,Adult,SCMS from RDC,"Lamivudine/Tenofovir Disoproxil Fumarate 300/300mg, tablets, 30 Tabs",Lamivudine/Tenofovir Disoproxil Fumarate,Generic,300/300mg,Tablet - FDC,30,131520,618144.0,4.7,0.16,"Aurobindo Unit VII, IN",False,10762.5,6721.705,764.64
9668,85979,103-ZW-T30,FPQ-11478,SO-44290,DN-3232,Zimbabwe,PMO - US,From RDC,N/A - From RDC,Truck,2013-01-16,2013-01-30,2013-07-30,2013-08-06,2013-08-06,ARV,Pediatric,SCMS from RDC,"Lamivudine/Nevirapine/Zidovudine 30/50/60mg, dispersible tablets, 60 Tabs",Lamivudine/Nevirapine/Zidovudine,Generic,30/50/60mg,Chewable/dispersible tablet - FDC,60,14217,59000.55,4.15,0.07,Mylan (formerly Matrix) Nashik,False,668.5,6721.705,72.98
9669,85980,104-CI-T30,FPQ-11253,SO-44230,DN-3215,Côte d'Ivoire,PMO - US,From RDC,N/A - From RDC,Truck,2012-12-14,2013-01-31,2013-07-31,2013-08-06,2013-08-06,ARV,Adult,SCMS from RDC,"Lopinavir/Ritonavir 200/50mg, tablets, 120 Tabs",Lopinavir/Ritonavir,Generic,200/50mg,Tablet,120,16000,336000.0,21.0,0.18,"Aurobindo Unit III, India",True,3893.0,17548.41,415.63
9670,85981,104-CI-T30,FPQ-11253,SO-44220,DN-3216,Côte d'Ivoire,PMO - US,From RDC,N/A - From RDC,Truck,2012-12-14,2013-01-31,2013-07-31,2013-08-06,2013-08-06,ARV,Pediatric,SCMS from RDC,"Zidovudine 10mg/ml, oral solution w/syringe, Bottle, 240 ml",Zidovudine,Generic,10mg/ml,Oral solution,240,2000,4200.0,2.1,0.01,"Aurobindo Unit III, India",False,274.0,6757.815,5.2
9671,85982,151-NG-T30,FPQ-11771,SO-44756,DN-3244,Nigeria,PMO - US,From RDC,N/A - From RDC,Air Charter,2013-02-28,2013-02-21,2013-08-21,2013-07-30,2013-07-30,ARV,Pediatric,SCMS from RDC,"Lamivudine/Nevirapine/Zidovudine 30/50/60mg, dispersible tablets, 60 Tabs",Lamivudine/Nevirapine/Zidovudine,Generic,30/50/60mg,Chewable/dispersible tablet - FDC,60,19000,78850.0,4.15,0.07,"Cipla, Goa, India",True,2511.0,0.0,97.54
9672,85983,104-CI-T30,FPQ-12144,SO-45651,DN-3245,Côte d'Ivoire,PMO - US,From RDC,N/A - From RDC,Truck,2013-04-22,2013-04-30,2013-10-31,2013-07-23,2013-07-23,ARV,Adult,SCMS from RDC,"Abacavir/Lamivudine 600/300mg, scored tablets, 30 Tabs",Abacavir/Lamivudine,Generic,600/300mg,Tablet - FDC,30,1789,24187.28,13.52,0.45,Mylan (formerly Matrix) Nashik,True,162.0,1478.34,29.92
9673,85985,151-NG-T30,FPQ-11771,SO-44755,DN-3239,Nigeria,PMO - US,From RDC,N/A - From RDC,Air Charter,2013-02-28,2013-02-21,2013-08-21,2013-07-23,2013-07-23,ARV,Adult,SCMS from RDC,"Lamivudine/Nevirapine/Zidovudine 150/200/300mg, tablets, 60 Tabs",Lamivudine/Nevirapine/Zidovudine,Generic,150/300/200mg,Tablet - FDC,60,26,223.08,8.58,0.14,Hetero Unit III Hyderabad IN,True,33051.0,0.0,0.28
9674,85986,102-BI-T30,FPQ-12065,SO-45170,DN-3257,Burundi,PMO - US,From RDC,N/A - From RDC,Air,2013-04-22,2013-02-24,2013-08-24,2013-08-26,2013-08-26,ARV,Adult,SCMS from RDC,"Lamivudine/Zidovudine 150/300mg, tablets, 60 Tabs",Lamivudine/Zidovudine,Generic,150/300mg,Tablet - FDC,60,8040,56280.0,7.0,0.12,Hetero Unit III Hyderabad IN,False,668.5,3544.4849999999997,69.62
9675,85987,114-UG-T30,FPQ-12253,SO-45460,DN-3271,Uganda,PMO - US,From RDC,N/A - From RDC,Air,2013-05-08,2013-03-02,2013-09-02,2013-09-02,2013-09-02,ARV,Adult,SCMS from RDC,"Lamivudine/Nevirapine/Zidovudine 150/200/300mg, tablets, 60 Tabs",Lamivudine/Nevirapine/Zidovudine,Generic,150/300/200mg,Tablet - FDC,60,14010,120205.8,8.58,0.14,"Cipla, Goa, India",False,668.5,2485.92,148.69
9676,85989,111-MZ-T30,FPQ-11033,SO-43773,DN-3286,Mozambique,PMO - US,From RDC,N/A - From RDC,Truck,2012-11-12,2013-04-09,2013-10-09,2013-10-09,2013-10-18,ARV,Adult,SCMS from RDC,"Efavirenz/Lamivudine/Tenofovir Disoproxil Fumarate 600/300/300mg, tablets, 30 Tabs",Efavirenz/Lamivudine/Tenofovir Disoproxil Fumarate,Generic,600/300/300mg,Tablet - FDC,30,125320,1318366.4,10.52,0.35,Hetero Unit III Hyderabad IN,True,16498.0,10825.06,1630.82
9677,85990,111-MZ-T30,FPQ-11884,SO-44850,DN-3288,Mozambique,PMO - US,From RDC,N/A - From RDC,Truck,2013-03-19,2013-03-27,2013-09-27,2013-09-27,2013-09-27,ARV,Pediatric,SCMS from RDC,"Zidovudine 10mg/ml, oral solution w/syringe, Bottle, 240 ml",Zidovudine,Generic,10mg/ml,Oral solution,240,13100,27510.0,2.1,0.01,"Aurobindo Unit III, India",True,5291.0,4044.33,34.03
9678,85991,111-MZ-T30,FPQ-11884,SO-44863,DN-3289,Mozambique,PMO - US,From RDC,N/A - From RDC,Truck,2013-03-19,2013-05-13,2013-11-13,2013-11-13,2013-12-02,ARV,Adult,SCMS from RDC,"Nevirapine 200mg, tablets, 60 Tabs",Nevirapine,Generic,200mg,Tablet,60,2000,4520.0,2.26,0.04,"Cipla, Goa, India",False,274.0,5192.68,5.59
9679,85992,111-MZ-T30,FPQ-11884,SO-44863,DN-3289,Mozambique,PMO - US,From RDC,N/A - From RDC,Truck,2013-03-19,2013-05-13,2013-11-13,2013-11-13,2013-12-02,ARV,Adult,SCMS from RDC,"Lamivudine/Tenofovir Disoproxil Fumarate 300/300mg, tablets, 30 Tabs",Lamivudine/Tenofovir Disoproxil Fumarate,Generic,300/300mg,Tablet - FDC,30,4969,23354.3,4.7,0.16,Hetero Unit III Hyderabad IN,False,668.5,5192.68,28.89
9680,85993,114-UG-T30,FPQ-12253,SO-45450,DN-3290,Uganda,PMO - US,From RDC,N/A - From RDC,Air,2013-05-08,2013-03-27,2013-09-27,2013-09-27,2013-09-27,ARV,Adult,SCMS from RDC,"Nevirapine 200mg, tablets, 60 Tabs",Nevirapine,Generic,200mg,Tablet,60,47925,108310.5,2.26,0.04,Hetero Unit III Hyderabad IN,True,2933.0,20719.01,133.98
9681,85994,109-TZ-T30,FPQ-12015,SO-44993,DN-3300,Tanzania,PMO - US,From RDC,N/A - From RDC,Truck,2013-04-02,2013-04-25,2013-10-25,2013-10-01,2013-10-09,ARV,Pediatric,SCMS from RDC,"Lamivudine/Stavudine 30/6mg, dispersible tablets, 60 Tabs",Lamivudine/Stavudine,Generic,30/6mg,Chewable/dispersible tablet - FDC,60,926,1759.4,1.9,0.03,"Cipla, Goa, India",False,668.5,3623.2,2.18
9682,85995,110-ZM-T30,FPQ-11553,SO-44470,DN-3298,Zambia,PMO - US,From RDC,N/A - From RDC,Truck,2013-01-28,2013-04-22,2013-10-22,2013-10-22,2013-11-11,ARV,Adult,SCMS from RDC,"Nevirapine 200mg, tablets, 60 Tabs",Nevirapine,Generic,200mg,Tablet,60,39180,88546.8,2.26,0.04,Hetero Unit III Hyderabad IN,False,668.5,6476.695,109.53
9683,85996,104-CI-T30,FPQ-12144,SO-45610,DN-3313,Côte d'Ivoire,PMO - US,From RDC,N/A - From RDC,Truck,2013-04-22,2013-07-08,2014-01-08,2013-09-13,2013-09-13,ARV,Adult,SCMS from RDC,"Lamivudine/Tenofovir Disoproxil Fumarate 300/300mg, tablets, 30 Tabs",Lamivudine/Tenofovir Disoproxil Fumarate,Generic,300/300mg,Tablet - FDC,30,12180,57246.0,4.7,0.16,"Aurobindo Unit VII, IN",True,1208.0,3738.52,70.81
9684,85997,109-TZ-T30,FPQ-12015,SO-45000,DN-3314,Tanzania,PMO - US,From RDC,N/A - From RDC,Truck,2013-04-02,2013-04-30,2013-10-31,2013-10-08,2013-10-23,ARV,Adult,SCMS from RDC,"Lopinavir/Ritonavir 200/50mg [Aluvia], tablets, 120 Tabs",Lopinavir/Ritonavir,Aluvia,200/50mg,Tablet,120,17167,347116.74,20.22,0.17,ABBVIE Ludwigshafen Germany,True,3547.0,6052.1,429.38
9685,85998,151-NG-T30,FPQ-11771,SO-44759,DN-3321,Nigeria,PMO - US,From RDC,N/A - From RDC,Air Charter,2013-02-28,2013-03-20,2013-09-20,2013-09-12,2013-09-12,ARV,Adult,SCMS from RDC,"Abacavir/Lamivudine 600/300mg, scored tablets, 30 Tabs",Abacavir/Lamivudine,Generic,600/300mg,Tablet - FDC,30,284,3839.68,13.52,0.45,Mylan (formerly Matrix) Nashik,True,48.0,34218.36,4.75
9686,85999,151-NG-T30,FPQ-11864,SO-44921,DN-3322,Nigeria,PMO - US,From RDC,N/A - From RDC,Air Charter,2013-03-14,2013-03-20,2013-09-20,2013-09-12,2013-09-12,ARV,Adult,SCMS from RDC,"Efavirenz 600mg, tablets, 30 Tabs",Efavirenz,Generic,600mg,Tablet,30,8917,29693.61,3.33,0.11,"Aurobindo Unit III, India",True,857.0,34218.36,36.73
9687,86076,111-MZ-T30,FPQ-13166,SO-47600,DN-3650,Mozambique,PMO - US,From RDC,N/A - From RDC,Truck,2013-10-21,2014-01-08,2014-07-08,2014-07-18,2014-08-07,ARV,Adult,SCMS from RDC,"Lamivudine 150mg, tablets, 60 Tabs",Lamivudine,Generic,150mg,Tablet,60,648,1127.52,1.74,0.03,"Micro labs, Verna, Goa, India",True,39.0,30.49,1.16
9688,86000,151-NG-T30,FPQ-11864,SO-44925,DN-3323,Nigeria,PMO - US,From RDC,N/A - From RDC,Air Charter,2013-03-14,2013-03-20,2013-09-20,2013-09-12,2013-09-12,ARV,Pediatric,SCMS from RDC,"Lamivudine/Nevirapine/Zidovudine 30/50/60mg, dispersible tablets, 60 Tabs",Lamivudine/Nevirapine/Zidovudine,Generic,30/50/60mg,Chewable/dispersible tablet - FDC,60,46050,179134.5,3.89,0.06,Mylan (formerly Matrix) Nashik,True,2847.0,5703.06,221.59
9689,86001,110-ZM-T30,FPQ-12066,SO-45060,DN-3327,Zambia,PMO - US,From RDC,N/A - From RDC,Truck,2013-04-19,2013-03-30,2013-09-30,2013-09-17,2013-09-17,ARV,Adult,SCMS from RDC,"Abacavir 300mg, tablets, 60 Tabs",Abacavir,Generic,300mg,Tablet,60,3908,44785.68,11.46,0.19,"Aurobindo Unit III, India",False,668.5,6476.695,55.4
9690,86003,107-RW-T30,FPQ-12766,SO-46470,DN-3351,Rwanda,PMO - US,From RDC,N/A - From RDC,Air,2013-08-02,2013-04-30,2013-10-31,2013-10-24,2013-11-19,ARV,Adult,SCMS from RDC,"Abacavir/Lamivudine 600/300mg, scored tablets, 30 Tabs",Abacavir/Lamivudine,Generic,600/300mg,Tablet - FDC,30,3316,44832.32,13.52,0.45,Mylan (formerly Matrix) Nashik,True,292.0,2593.56,55.46
9691,86005,114-UG-T30,FPQ-12253,SO-45542,DN-3353,Uganda,PMO - US,From RDC,N/A - From RDC,Truck,2013-05-08,2013-04-21,2013-10-21,2013-11-08,2013-11-27,ARV,Adult,SCMS from RDC,"Lamivudine/Tenofovir Disoproxil Fumarate 300/300mg, tablets, 30 Tabs",Lamivudine/Tenofovir Disoproxil Fumarate,Generic,300/300mg,Tablet - FDC,30,21709,102032.3,4.7,0.16,Mylan (formerly Matrix) Nashik,True,1713.0,5591.3,126.21
9692,86007,103-DO-T30,FPQ-11920,SO-46150,DN-3355,Dominican Republic,PMO - US,From RDC,N/A - From RDC,Air,2013-03-18,2013-04-29,2013-10-29,2013-10-10,2013-10-29,ARV,Adult,SCMS from RDC,"Lamivudine 150mg, tablets, 60 Tabs",Lamivudine,Generic,150mg,Tablet,60,6617,13167.83,1.99,0.03,Hetero Unit III Hyderabad IN,False,668.5,3026.24,16.29
9693,86008,109-TZ-T30,FPQ-12015,SO-44980,DN-3347,Tanzania,PMO - US,From RDC,N/A - From RDC,Truck,2013-04-02,2013-04-30,2013-10-31,2013-11-04,2013-11-06,ARV,Adult,SCMS from RDC,"Emtricitabine/Tenofovir Disoproxil Fumarate 200/300mg, tablets, 30 Tabs",Emtricitabine/Tenofovir Disoproxil Fumarate,Generic,200/300mg,Tablet - FDC,30,3478,21111.46,6.07,0.2,Mylan (formerly Matrix) Nashik,False,668.5,3623.2,26.11
9694,86009,103-ZW-T30,FPQ-12086,SO-45121,DN-3363,Zimbabwe,PMO - US,From RDC,N/A - From RDC,Truck,2013-04-19,2013-05-30,2013-11-30,2013-10-22,2013-11-15,ARV,Pediatric,SCMS from RDC,"Efavirenz 200mg, scored tablets, 90 Tabs",Efavirenz,Generic,200mg,Tablet,90,1000,9300.0,9.3,0.1,"Strides, Bangalore, India.",True,68.0,1004.86,11.5
9695,86010,151-NG-T30,FPQ-11771,SO-44753,DN-3364,Nigeria,PMO - US,From RDC,N/A - From RDC,Air Charter,2013-02-28,2013-04-30,2013-10-31,2013-10-14,2013-10-24,ARV,Adult,SCMS from RDC,"Lopinavir/Ritonavir 200/50mg [Aluvia], tablets, 120 Tabs",Lopinavir/Ritonavir,Aluvia,200/50mg,Tablet,120,56260,1137577.2,20.22,0.17,ABBVIE Ludwigshafen Germany,True,12427.0,20225.08,1407.18
9696,86014,113-ZW-T30,FPQ-12260,SO-45340,DN-3405,Zimbabwe,PMO - US,From RDC,N/A - From RDC,Truck,2013-05-06,2013-05-30,2013-11-30,2013-11-25,2013-12-09,ARV,Adult,SCMS from RDC,"Efavirenz/Lamivudine/Tenofovir Disoproxil Fumarate 600/300/300mg, tablets, 30 Tabs",Efavirenz/Lamivudine/Tenofovir Disoproxil Fumarate,Generic,600/300/300mg,Tablet - FDC,30,37696,420310.4,11.15,0.37,Hetero Unit III Hyderabad IN,True,5093.0,10942.89,519.92
9697,86015,114-UG-T30,FPQ-13094,SO-46830,DN-3402,Uganda,PMO - US,From RDC,N/A - From RDC,Truck,2013-10-11,2013-06-16,2013-12-16,2013-12-20,2014-01-17,ARV,Pediatric,SCMS from RDC,"Lamivudine/Zidovudine 30/60mg, tablets, 60 Tabs",Lamivudine/Zidovudine,Generic,30/60mg,Tablet - FDC,60,4160,8944.0,2.15,0.04,Mylan (formerly Matrix) Nashik,False,668.5,5458.45,9.19
9698,86017,113-ZW-T30,FPQ-11545,SO-44360,DN-3413,Zimbabwe,PMO - US,From RDC,N/A - From RDC,Truck,2013-01-24,2013-05-30,2013-11-30,2013-11-25,2013-12-09,ARV,Adult,SCMS from RDC,"Lamivudine/Tenofovir Disoproxil Fumarate 300/300mg, tablets, 30 Tabs",Lamivudine/Tenofovir Disoproxil Fumarate,Generic,300/300mg,Tablet - FDC,30,83551,401880.31,4.81,0.16,Hetero Unit III Hyderabad IN,False,668.5,6721.705,497.13
9699,86018,114-UG-T30,FPQ-12253,SO-45560,DN-3416,Uganda,PMO - US,From RDC,N/A - From RDC,Truck,2013-05-08,2013-06-30,2013-12-31,2013-11-28,2013-12-23,ARV,Adult,SCMS from RDC,"Efavirenz 600mg, tablets, 30 Tabs",Efavirenz,Generic,600mg,Tablet,30,66864,222657.12,3.33,0.11,"Strides, Bangalore, India.",True,4067.0,6976.78,275.43
9700,86019,102-BI-T30,FPQ-12065,SO-45181,DN-3423,Burundi,PMO - US,From RDC,N/A - From RDC,Air,2013-04-22,2013-06-30,2013-12-31,2014-02-17,2014-02-24,ARV,Pediatric,SCMS from RDC,"Lamivudine 10mg/ml, oral solution w/syringe, Bottle, 240 ml",Lamivudine,Generic,10mg/ml,Oral solution,240,549,796.05,1.45,0.01,"Aurobindo Unit III, India",True,201.0,1530.81,0.98
9701,86020,105-GY-T30,FPQ-12619,SO-46090,DN-3425,Guyana,PMO - US,From RDC,N/A - From RDC,Air,2013-07-16,2013-06-30,2013-12-31,2013-12-02,2013-12-20,ARV,Adult,SCMS from RDC,"Lopinavir/Ritonavir 200/50mg [Aluvia], tablets, 120 Tabs",Lopinavir/Ritonavir,Aluvia,200/50mg,Tablet,120,1490,30127.8,20.22,0.17,ABBVIE Ludwigshafen Germany,False,668.5,1924.4650000000001,37.27
9702,86021,111-MZ-T30,FPQ-12573,SO-46171,DN-3429,Mozambique,PMO - US,From RDC,N/A - From RDC,Truck,2013-06-28,2013-07-15,2014-01-15,2014-01-15,2014-01-31,ARV,Adult,SCMS from RDC,"Lamivudine/Tenofovir Disoproxil Fumarate 300/300mg, tablets, 30 Tabs",Lamivudine/Tenofovir Disoproxil Fumarate,Generic,300/300mg,Tablet - FDC,30,2575,12102.5,4.7,0.16,Hetero Unit III Hyderabad IN,True,272.0,5419.22,14.97
9703,86022,104-CI-T30,FPQ-12144,SO-45600,DN-3431,Côte d'Ivoire,PMO - US,From RDC,N/A - From RDC,Truck,2013-04-22,2013-06-03,2013-12-03,2013-12-10,2014-01-08,ARV,Pediatric,SCMS from RDC,"Nevirapine 10mg/ml, oral suspension w/syringe, Bottle, 240 ml",Nevirapine,Generic,10mg/ml,Oral suspension,240,2000,3900.0,1.95,0.01,"Aurobindo Unit III, India",True,736.0,4747.87,4.82
9704,86023,151-NG-T30,FPQ-12801,SO-47220,DN-3435,Nigeria,PMO - US,From RDC,N/A - From RDC,Air Charter,2013-08-06,2013-07-31,2014-01-31,2013-11-26,2013-12-05,ARV,Pediatric,SCMS from RDC,"Lamivudine/Zidovudine 30/60mg, tablets, 60 Tabs",Lamivudine/Zidovudine,Generic,30/60mg,Tablet - FDC,60,6398,14459.48,2.26,0.04,"Aurobindo Unit III, India",True,394.0,26340.0,17.89
9705,86024,111-MZ-T30,FPQ-12416,SO-45894,DN-3439,Mozambique,PMO - US,From RDC,N/A - From RDC,Truck,2013-06-28,2013-07-31,2014-01-31,2014-01-30,2014-02-17,ARV,Adult,SCMS from RDC,"Efavirenz 600mg, tablets, 30 Tabs",Efavirenz,Generic,600mg,Tablet,30,50000,166500.0,3.33,0.11,"Cipla, Goa, India",False,4502.0,5192.68,205.96
9706,86025,107-RW-T30,FPQ-12766,SO-46481,DN-3445,Rwanda,PMO - US,From RDC,N/A - From RDC,Truck,2013-08-02,2013-06-17,2013-12-17,2013-12-11,2014-01-09,ARV,Adult,SCMS from RDC,"Lopinavir/Ritonavir 200/50mg [Aluvia], tablets, 120 Tabs",Lopinavir/Ritonavir,Aluvia,200/50mg,Tablet,120,11193,226322.46,20.22,0.17,ABBVIE Ludwigshafen Germany,True,2518.0,33986.07,279.96
9707,86027,109-TZ-T30,FPQ-12587,SO-45995,DN-3458,Tanzania,PMO - US,From RDC,N/A - From RDC,Truck,2013-07-04,2013-06-30,2013-12-31,2014-02-25,2014-03-13,ARV,Adult,SCMS from RDC,"Emtricitabine/Tenofovir Disoproxil Fumarate 200/300mg, tablets, 30 Tabs",Emtricitabine/Tenofovir Disoproxil Fumarate,Generic,200/300mg,Tablet - FDC,30,337,1978.19,5.87,0.2,Mylan (formerly Matrix) Nashik,False,55.0,3623.2,2.45
9708,86028,103-ZW-T30,FPQ-12086,SO-45122,DN-3468,Zimbabwe,PMO - US,From RDC,N/A - From RDC,Truck,2013-04-19,2013-07-31,2014-01-31,2014-01-13,2014-01-29,ARV,Pediatric,SCMS from RDC,"Abacavir 20mg/ml, oral solution w/syringe, Bottle, 240 ml",Abacavir,Generic,20mg/ml,Oral solution,240,241,2050.91,8.51,0.04,"Aurobindo Unit III, India",True,64.0,7300.0,2.54
9709,86029,109-TZ-T30,FPQ-12587,SO-45997,DN-3477,Tanzania,PMO - US,From RDC,N/A - From RDC,Truck,2013-07-04,2013-07-31,2014-01-31,2014-03-07,2014-03-12,ARV,Pediatric,SCMS from RDC,"Lamivudine/Nevirapine/Stavudine 30/50/6mg, dispersible tablets, 60 Tabs",Lamivudine/Nevirapine/Stavudine,Generic,30/50/6mg,Chewable/dispersible tablet - FDC,60,9312,21417.6,2.3,0.04,"Cipla, Goa, India",True,1221.0,4847.8,26.49
9710,86030,103-SS-T30,FPQ-13173,SO-47110,DN-3493,South Sudan,PMO - US,From RDC,N/A - From RDC,Air,2013-10-28,2013-07-22,2014-01-22,2014-02-11,2014-02-13,ARV,Adult,SCMS from RDC,"Efavirenz 600mg, tablets, 30 Tabs",Efavirenz,Generic,600mg,Tablet,30,2100,6993.0,3.33,0.11,"Strides, Bangalore, India.",False,187.0,2575.925,7.19
9711,86031,107-RW-T30,FPQ-12766,SO-46483,DN-3497,Rwanda,PMO - US,From RDC,N/A - From RDC,Truck,2013-08-02,2013-07-31,2014-01-31,2014-02-03,2014-02-24,ARV,Adult,SCMS from RDC,"Lamivudine/Nevirapine/Zidovudine 150/200/300mg, tablets, 60 Tabs",Lamivudine/Nevirapine/Zidovudine,Generic,150/300/200mg,Tablet - FDC,60,26540,219220.4,8.26,0.14,"Aurobindo Unit III, India",False,1431.0,7173.3,271.18
9712,86032,104-CI-T30,FPQ-12800,SO-46350,DN-3504,Côte d'Ivoire,PMO - US,From RDC,N/A - From RDC,Air,2013-08-09,2013-07-31,2014-01-31,2014-01-18,2014-03-04,ARV,Pediatric,SCMS from RDC,"Lamivudine/Zidovudine 30/60mg, tablets, 60 Tabs",Lamivudine/Zidovudine,Generic,30/60mg,Tablet - FDC,60,12000,27120.0,2.26,0.04,Mylan (formerly Matrix) Nashik,False,1005.0,4063.81,33.55
9713,86033,109-TZ-T30,FPQ-12587,SO-46000,DN-3501,Tanzania,PMO - US,From RDC,N/A - From RDC,Truck,2013-07-04,2013-07-31,2014-01-31,2014-02-19,2014-02-24,ARV,Pediatric,SCMS from RDC,"Abacavir/Lamivudine 60/30mg, tablets, 60 Tabs",Abacavir/Lamivudine,Generic,60/30mg,Tablet - FDC,60,9458,37832.0,4.0,0.07,"Aurobindo Unit III, India",False,668.5,3623.2,46.8
9714,86034,114-UG-T30,FPQ-12776,SO-46180,DN-3502,Uganda,PMO - US,From RDC,N/A - From RDC,Truck,2013-08-06,2013-07-31,2014-01-31,2014-01-30,2014-02-03,ARV,Pediatric,SCMS from RDC,"Nevirapine 10mg/ml, oral suspension w/syringe, Bottle, 100 ml",Nevirapine,Generic,10mg/ml,Oral suspension,100,45285,58870.5,1.3,0.01,"Aurobindo Unit III, India",True,8998.0,5458.45,72.82
9715,86040,103-ZW-T30,FPQ-13294,SO-47230,DN-3521,Zimbabwe,PMO - US,From RDC,N/A - From RDC,Air,2013-11-19,2013-07-30,2014-01-30,2014-02-11,2014-02-24,ARV,Pediatric,SCMS from RDC,"Abacavir/Lamivudine 60/30mg, tablets, 60 Tabs",Abacavir/Lamivudine,Generic,60/30mg,Tablet - FDC,60,2088,8352.0,4.0,0.07,"Aurobindo Unit III, India",True,102.0,2021.95,8.59
9716,86041,104-CI-T30,FPQ-12800,SO-46421,DN-3530,Côte d'Ivoire,PMO - US,From RDC,N/A - From RDC,Air,2013-08-09,2013-07-31,2014-01-31,2014-02-13,2014-03-04,ARV,Pediatric,SCMS from RDC,"Zidovudine 10mg/ml, oral solution w/syringe, Bottle, 240 ml",Zidovudine,Generic,10mg/ml,Oral solution,240,5700,11970.0,2.1,0.01,"Aurobindo Unit III, India",True,2845.0,10943.15,14.81
9717,86042,109-TZ-T30,FPQ-12587,SO-45999,DN-3531,Tanzania,PMO - US,From RDC,N/A - From RDC,Truck,2013-07-04,2013-07-31,2014-01-31,2014-02-19,2014-02-24,ARV,Pediatric,SCMS from RDC,"Nevirapine 10mg/ml, oral suspension w/syringe, Bottle, 100 ml",Nevirapine,Generic,10mg/ml,Oral suspension,100,13171,17122.3,1.3,0.01,"Aurobindo Unit III, India",False,668.5,3623.2,21.18
9718,86043,107-RW-T30,FPQ-12766,SO-46484,DN-3536,Rwanda,PMO - US,From RDC,N/A - From RDC,Truck,2013-08-02,2013-07-31,2014-01-31,2014-02-25,2014-03-13,ARV,Adult,SCMS from RDC,"Lopinavir/Ritonavir 200/50mg, tablets, 120 Tabs",Lopinavir/Ritonavir,Generic,200/50mg,Tablet,120,5247,107458.56,20.48,0.17,Mylan (formerly Matrix) Nashik,True,1382.0,8456.96,132.93
9719,86044,104-CI-T30,FPQ-12800,SO-46421,DN-3530,Côte d'Ivoire,PMO - US,From RDC,N/A - From RDC,Air,2013-08-09,2013-07-31,2014-01-31,2014-02-13,2014-03-04,ARV,Adult,SCMS from RDC,"Abacavir 300mg, tablets, 60 Tabs",Abacavir,Generic,300mg,Tablet,60,6200,70432.0,11.36,0.19,"Aurobindo Unit III, India",False,649.0,4063.81,87.12
9720,86045,104-CI-T30,FPQ-12800,SO-46341,DN-3545,Côte d'Ivoire,PMO - US,From RDC,N/A - From RDC,Air,2013-08-09,2013-08-28,2014-02-28,2014-02-18,2014-03-04,ARV,Adult,SCMS from RDC,"Lamivudine/Tenofovir Disoproxil Fumarate 300/300mg, tablets, 30 Tabs",Lamivudine/Tenofovir Disoproxil Fumarate,Generic,300/300mg,Tablet - FDC,30,7426,34902.2,4.7,0.16,"Cipla, Kurkumbh, India",True,753.0,4063.81,43.17
9721,86046,104-CI-T30,FPQ-12800,SO-46422,DN-3546,Côte d'Ivoire,PMO - US,From RDC,N/A - From RDC,Air,2013-08-09,2013-08-28,2014-02-28,2014-02-18,2014-03-04,ARV,Adult,SCMS from RDC,"Lamivudine/Tenofovir Disoproxil Fumarate 300/300mg, tablets, 30 Tabs",Lamivudine/Tenofovir Disoproxil Fumarate,Generic,300/300mg,Tablet - FDC,30,22400,105280.0,4.7,0.16,"Cipla, Kurkumbh, India",False,668.5,4063.81,130.23
9722,86047,104-CI-T30,FPQ-12144,SO-45631,DN-3547,Côte d'Ivoire,PMO - US,From RDC,N/A - From RDC,Truck,2013-04-22,2013-08-28,2014-02-28,2014-01-18,2014-03-04,ARV,Adult,SCMS from RDC,"Lamivudine/Tenofovir Disoproxil Fumarate 300/300mg, tablets, 30 Tabs",Lamivudine/Tenofovir Disoproxil Fumarate,Generic,300/300mg,Tablet - FDC,30,5173,24313.1,4.7,0.16,"Cipla, Kurkumbh, India",False,668.5,6757.815,30.08
9723,86048,151-NG-T30,FPQ-12248,SO-45665,DN-3551,Nigeria,PMO - US,From RDC,N/A - From RDC,Air Charter,2013-05-06,2013-08-28,2014-02-28,2014-02-10,2014-02-19,ARV,Adult,SCMS from RDC,"Lamivudine/Nevirapine/Zidovudine 150/200/300mg, tablets, 60 Tabs",Lamivudine/Nevirapine/Zidovudine,Generic,150/300/200mg,Tablet - FDC,60,77999,644271.74,8.26,0.14,"Cipla, Goa, India",False,668.5,12601.07,796.96
9724,86049,104-CI-T30,FPQ-12144,SO-45650,DN-3556,Côte d'Ivoire,PMO - US,From RDC,N/A - From RDC,Truck,2013-04-22,2013-08-28,2014-02-28,2014-03-01,2014-04-03,ARV,Adult,SCMS from RDC,"Abacavir/Lamivudine 600/300mg, scored tablets, 30 Tabs",Abacavir/Lamivudine,Generic,600/300mg,Tablet - FDC,30,611,8260.72,13.52,0.45,Mylan (formerly Matrix) Nashik,True,55.0,1335.15,10.22
9725,86050,104-CI-T30,FPQ-13509,SO-47560,DN-3555,Côte d'Ivoire,PMO - US,From RDC,N/A - From RDC,Truck,2013-12-24,2013-08-27,2014-02-27,2014-02-18,2014-04-03,ARV,Pediatric,SCMS from RDC,"Zidovudine 10mg/ml, oral solution w/syringe, Bottle, 240 ml",Zidovudine,Generic,10mg/ml,Oral solution,240,2907,6104.7,2.1,0.01,"Aurobindo Unit III, India",True,1122.0,5520.83,6.28
9726,86051,101-CD-T30,FPQ-13554,SO-47630,DN-3561,"Congo, DRC",PMO - US,From RDC,N/A - From RDC,Air,2014-01-15,2013-11-30,2014-05-30,2014-05-19,2014-06-26,ARV,Adult,SCMS from RDC,"Lamivudine 150mg, tablets, 60 Tabs",Lamivudine,Generic,150mg,Tablet,60,960,2140.8,2.23,0.04,"Micro labs, Verna, Goa, India",False,111.0,2346.5699999999997,2.2
9727,86077,104-CI-T30,FPQ-13142,SO-47130,DN-3655,Côte d'Ivoire,PMO - US,From RDC,N/A - From RDC,Truck,2013-10-22,2013-10-21,2014-04-21,2014-05-01,2014-06-11,ARV,Pediatric,SCMS from RDC,"Nevirapine 10mg/ml, oral suspension w/syringe, Bottle, 100 ml",Nevirapine,Generic,10mg/ml,Oral suspension,100,4000,5200.0,1.3,0.01,"Aurobindo Unit III, India",False,810.0,6757.815,5.35
9728,86052,101-CD-T30,FPQ-13554,SO-47630,DN-3561,"Congo, DRC",PMO - US,From RDC,N/A - From RDC,Air,2014-01-15,2013-11-30,2014-05-30,2014-05-19,2014-06-26,ARV,Adult,SCMS from RDC,"Efavirenz/Lamivudine/Tenofovir Disoproxil Fumarate 600/300/300mg, tablets, 30 Tabs",Efavirenz/Lamivudine/Tenofovir Disoproxil Fumarate,Generic,600/300/300mg,Tablet - FDC,30,4290,46632.3,10.87,0.36,Hetero Unit III Hyderabad IN,False,668.5,2346.5699999999997,47.94
9729,86054,100-ZM-T30,FPQ-12497,SO-45940,DN-3565,Zambia,PMO - US,From RDC,N/A - From RDC,Truck,2013-06-20,2013-09-25,2014-03-25,2014-03-25,2014-04-04,ARV,Adult,SCMS from RDC,"Lamivudine 150mg, tablets, 60 Tabs",Lamivudine,Generic,150mg,Tablet,60,10000,22300.0,2.23,0.04,"Aurobindo Unit III, India",False,1097.5,6476.695,27.59
9730,86056,104-CI-T30,FPQ-12800,SO-46400,DN-3568,Côte d'Ivoire,PMO - US,From RDC,N/A - From RDC,Truck,2013-08-09,2013-09-28,2014-03-28,2014-04-11,2014-04-28,ARV,Adult,SCMS from RDC,"Lamivudine/Nevirapine/Zidovudine 150/200/300mg, tablets, 60 Tabs",Lamivudine/Nevirapine/Zidovudine,Generic,150/300/200mg,Tablet - FDC,60,100000,826000.0,8.26,0.14,"Aurobindo Unit III, India",False,9389.5,6757.815,1021.76
9731,86058,107-RW-T30,FPQ-13647,SO-47830,DN-3578,Rwanda,PMO - US,From RDC,N/A - From RDC,Air,2014-01-28,2013-09-25,2014-03-25,2014-04-02,2014-04-14,ARV,Adult,SCMS from RDC,"Lamivudine/Zidovudine 150/300mg, tablets, 60 Tabs",Lamivudine/Zidovudine,Generic,150/300mg,Tablet - FDC,60,18000,121140.0,6.73,0.11,"Aurobindo Unit III, India",True,1643.0,12995.06,124.53
9732,86059,114-UG-T30,FPQ-13108,SO-46880,DN-3583,Uganda,PMO - US,From RDC,N/A - From RDC,Truck,2013-10-16,2013-10-30,2014-04-30,2014-04-18,2014-05-07,ARV,Adult,SCMS from RDC,"Lopinavir/Ritonavir 200/50mg, tablets, 120 Tabs",Lopinavir/Ritonavir,Generic,200/50mg,Tablet,120,26960,541087.2,20.07,0.17,"Aurobindo Unit III, India",True,668.5,5458.45,556.24
9733,86060,105-GY-T30,FPQ-13071,SO-46800,DN-3585,Guyana,PMO - US,From RDC,N/A - From RDC,Air,2013-10-09,2013-09-30,2014-03-31,2014-04-03,2014-06-06,ARV,Adult,SCMS from RDC,"Lopinavir/Ritonavir 200/50mg, tablets, 120 Tabs",Lopinavir/Ritonavir,Generic,200/50mg,Tablet,120,1484,31164.0,21.0,0.18,"Aurobindo Unit III, India",False,668.5,1924.4650000000001,32.04
9734,86061,106-HT-T30,FPQ-13608,SO-47690,DN-3586,Haiti,PMO - US,From RDC,N/A - From RDC,Air,2014-01-22,2013-09-30,2014-03-30,2014-03-24,2014-05-06,ARV,Adult,SCMS from RDC,"Lamivudine/Nevirapine/Zidovudine 150/200/300mg, tablets, 60 Tabs",Lamivudine/Nevirapine/Zidovudine,Generic,150/300/200mg,Tablet - FDC,60,30000,247800.0,8.26,0.14,Mylan (formerly Matrix) Nashik,False,3136.0,2946.7200000000003,254.74
9735,86062,106-HT-T30,FPQ-13648,SO-47800,DN-3587,Haiti,PMO - US,From RDC,N/A - From RDC,Air,2014-02-03,2013-11-05,2014-05-05,2014-03-24,2014-05-06,ARV,Adult,SCMS from RDC,"Lamivudine/Zidovudine 150/300mg, tablets, 60 Tabs",Lamivudine/Zidovudine,Generic,150/300mg,Tablet - FDC,60,16374,110197.02,6.73,0.11,Mylan (formerly Matrix) Nashik,False,668.5,2946.7200000000003,113.28
9736,86063,114-UG-T30,FPQ-13108,SO-46870,DN-3589,Uganda,PMO - US,From RDC,N/A - From RDC,Truck,2013-10-16,2013-10-20,2014-04-20,2014-04-18,2014-04-28,ARV,Adult,SCMS from RDC,"Lamivudine/Nevirapine/Zidovudine 150/200/300mg, tablets, 60 Tabs",Lamivudine/Nevirapine/Zidovudine,Generic,150/300/200mg,Tablet - FDC,60,50000,413000.0,8.26,0.14,"Aurobindo Unit III, India",False,4502.0,5458.45,424.56
9737,86064,101-KE-T30,FPQ-13822,SO-48080,DN-3591,Kenya,PMO - US,From RDC,N/A - From RDC,Truck,2014-02-27,2013-10-03,2014-04-03,2014-03-11,2014-07-09,HRDT,HIV test,SCMS from RDC,"HIV 1/2/O, First Response HIV 1-2.0, v.3.0 Cards Kit, 30 Tests","HIV 1/2/O, First Response HIV 1-2.0, v.3.0 Cards Kit",First Response,no_dosage,Test kit,30,2429,0.0,0.0,0.0,Premier Med. Corp Ltd. India,True,394.0,225.96,0.0
9738,86065,104-CI-T30,FPQ-12800,SO-46380,DN-3601,Côte d'Ivoire,PMO - US,From RDC,N/A - From RDC,Air,2013-08-09,2013-09-30,2014-03-31,2014-04-14,2014-05-22,ARV,Adult,SCMS from RDC,"Lamivudine 150mg, tablets, 60 Tabs",Lamivudine,Generic,150mg,Tablet,60,519,1115.85,2.15,0.04,"Micro labs, Verna, Goa, India",False,668.5,4063.81,1.38
9739,86066,151-NG-T30,FPQ-12801,SO-46550,DN-3618,Nigeria,PMO - US,From RDC,N/A - From RDC,Air Charter,2013-08-06,2013-10-15,2014-04-15,2014-04-17,2014-05-02,ARV,Adult,SCMS from RDC,"Efavirenz/Lamivudine/Tenofovir Disoproxil Fumarate 600/300/300mg, tablets, 30 Tabs",Efavirenz/Lamivudine/Tenofovir Disoproxil Fumarate,Generic,600/300/300mg,Tablet - FDC,30,401961,4228629.72,10.52,0.35,Hetero Unit III Hyderabad IN,True,59322.0,29674.92,5230.81
9740,86067,114-UG-T30,FPQ-13108,SO-46872,DN-3607,Uganda,PMO - US,From RDC,N/A - From RDC,Truck,2013-10-16,2013-09-21,2014-03-21,2014-04-18,2014-04-28,ARV,Adult,SCMS from RDC,"Lamivudine/Nevirapine/Zidovudine 150/200/300mg, tablets, 60 Tabs",Lamivudine/Nevirapine/Zidovudine,Generic,150/300/200mg,Tablet - FDC,60,34138,281979.88,8.26,0.14,"Aurobindo Unit III, India",True,4009.0,4947.38,289.88
9741,86068,100-ZM-T30,FPQ-12497,SO-45920,DN-3615,Zambia,PMO - US,From RDC,N/A - From RDC,Air,2013-06-20,2013-11-19,2014-05-19,2014-05-19,2014-06-04,ARV,Adult,SCMS from RDC,"Abacavir 300mg, tablets, 60 Tabs",Abacavir,Generic,300mg,Tablet,60,11209,145268.64,12.96,0.22,Mylan (formerly Matrix) Nashik,True,1143.0,1876.35,179.7
9742,86069,151-NG-T30,FPQ-12248,SO-45660,DN-3619,Nigeria,PMO - US,From RDC,N/A - From RDC,Air Charter,2013-05-06,2013-10-15,2014-04-15,2014-04-17,2014-05-02,ARV,Adult,SCMS from RDC,"Lamivudine/Nevirapine/Zidovudine 150/200/300mg, tablets, 60 Tabs",Lamivudine/Nevirapine/Zidovudine,Generic,150/300/200mg,Tablet - FDC,60,15,123.9,8.26,0.14,"Cipla, Goa, India",True,5416.0,29674.92,0.15
9743,86070,105-GY-T30,FPQ-13567,SO-47730,DN-3626,Guyana,PMO - US,From RDC,N/A - From RDC,Air,2014-01-16,2013-12-30,2014-06-30,2014-04-14,2014-06-06,ARV,Adult,SCMS from RDC,"Abacavir 300mg, tablets, 60 Tabs",Abacavir,Generic,300mg,Tablet,60,70,795.2,11.36,0.19,"Aurobindo Unit III, India",False,43.5,1924.4650000000001,0.82
9744,86071,105-GY-T30,FPQ-13567,SO-47730,DN-3626,Guyana,PMO - US,From RDC,N/A - From RDC,Air,2014-01-16,2013-12-30,2014-06-30,2014-04-14,2014-06-06,ARV,Pediatric,SCMS from RDC,"Nevirapine 10mg/ml, oral suspension w/syringe, Bottle, 240 ml",Nevirapine,Generic,10mg/ml,Oral suspension,240,152,282.72,1.86,0.01,"Aurobindo Unit III, India",False,668.5,1924.4650000000001,0.29
9745,86072,111-MZ-T30,FPQ-13124,SO-47041,DN-3628,Mozambique,PMO - US,From RDC,N/A - From RDC,Truck,2013-10-21,2013-12-14,2014-06-14,2014-06-24,2014-07-14,ARV,Adult,SCMS from RDC,"Efavirenz 600mg, tablets, 30 Tabs",Efavirenz,Generic,600mg,Tablet,30,63000,209790.0,3.33,0.11,"Strides, Bangalore, India.",False,668.5,5192.68,215.66
9746,86073,107-RW-T30,FPQ-13728,SO-47970,DN-3637,Rwanda,PMO - US,From RDC,N/A - From RDC,Air,2014-02-13,2013-12-04,2014-06-04,2014-06-04,2014-07-10,ARV,Pediatric,SCMS from RDC,"Lamivudine/Zidovudine 30/60mg, tablets, 60 Tabs",Lamivudine/Zidovudine,Generic,30/60mg,Tablet - FDC,60,373,746.0,2.0,0.03,Mylan (formerly Matrix) Nashik,True,14.0,1284.7,0.77
9747,86074,111-MZ-T30,FPQ-13124,SO-47052,DN-3645,Mozambique,PMO - US,From RDC,N/A - From RDC,Truck,2013-10-21,2013-12-30,2014-06-30,2014-05-26,2014-06-11,ARV,Adult,SCMS from RDC,"Tenofovir Disoproxil Fumarate 300mg, tablets, 30 Tabs",Tenofovir Disoproxil Fumarate,Generic,300mg,Tablet,30,560,2116.8,3.78,0.13,Hetero Unit III Hyderabad IN,True,40.0,4100.0,2.18
9748,86078,107-RW-T30,FPQ-12766,SO-46500,DN-3658,Rwanda,PMO - US,From RDC,N/A - From RDC,Truck,2013-08-02,2013-11-05,2014-05-05,2014-06-06,2014-06-20,ARV,Adult,SCMS from RDC,"Lamivudine/Tenofovir Disoproxil Fumarate 300/300mg, tablets, 30 Tabs",Lamivudine/Tenofovir Disoproxil Fumarate,Generic,300/300mg,Tablet - FDC,30,97619,452952.16,4.64,0.15,"Cipla, Kurkumbh, India",True,9905.0,5445.73,560.3
9749,86081,111-MZ-T30,FPQ-13394,SO-47461,DN-3698,Mozambique,PMO - US,From RDC,N/A - From RDC,Truck,2013-12-09,2014-01-16,2014-07-16,2014-07-25,2014-09-05,ARV,Adult,SCMS from RDC,"Lamivudine/Nevirapine/Zidovudine 150/200/300mg, tablets, 60 Tabs",Lamivudine/Nevirapine/Zidovudine,Generic,150/300/200mg,Tablet - FDC,60,47108,382045.88,8.11,0.14,"Cipla, Goa, India",True,7041.0,4486.01,392.74
9750,86082,109-TZ-T30,FPQ-13566,SO-47662,DN-3700,Tanzania,PMO - US,From RDC,N/A - From RDC,Truck,2014-01-15,2014-01-29,2014-07-29,2014-08-02,2014-08-04,ARV,Pediatric,SCMS from RDC,"Lamivudine/Nevirapine/Zidovudine 30/50/60mg, dispersible tablets, 60 Tabs",Lamivudine/Nevirapine/Zidovudine,Generic,30/50/60mg,Chewable/dispersible tablet - FDC,60,14789,55458.75,3.75,0.06,Mylan (formerly Matrix) Nashik,True,825.0,5137.06,57.01
9751,86083,113-ZW-T30,FPQ-12950,SO-46650,DN-3702,Zimbabwe,PMO - US,From RDC,N/A - From RDC,Truck,2013-09-10,2013-11-30,2014-05-30,2014-05-30,2014-06-23,ARV,Adult,SCMS from RDC,"Efavirenz/Lamivudine/Tenofovir Disoproxil Fumarate 600/300/300mg, tablets, 30 Tabs",Efavirenz/Lamivudine/Tenofovir Disoproxil Fumarate,Generic,600/300/300mg,Tablet - FDC,30,66407,715867.46,10.78,0.36,Hetero Unit III Hyderabad IN,False,668.5,6721.705,885.53
9752,86084,102-ZW-T30,FPQ-13348,SO-47360,DN-3705,Zimbabwe,PMO - US,From RDC,N/A - From RDC,Truck,2013-12-03,2014-01-31,2014-07-31,2014-05-30,2014-06-23,ARV,Adult,SCMS from RDC,"Efavirenz/Lamivudine/Tenofovir Disoproxil Fumarate 600/300/300mg, tablets, 30 Tabs",Efavirenz/Lamivudine/Tenofovir Disoproxil Fumarate,Generic,600/300/300mg,Tablet - FDC,30,132926,1482124.9,11.15,0.37,Hetero Unit III Hyderabad IN,True,17791.0,33707.41,1523.62
9753,86086,151-NG-T30,FPQ-13293,SO-47271,DN-3721,Nigeria,PMO - US,From RDC,N/A - From RDC,Air Charter,2013-11-19,2013-12-03,2014-06-03,2014-05-09,2014-05-23,ARV,Adult,SCMS from RDC,"Lamivudine/Nevirapine/Zidovudine 150/200/300mg, tablets, 60 Tabs",Lamivudine/Nevirapine/Zidovudine,Generic,150/300/200mg,Tablet - FDC,60,274715,2227938.65,8.11,0.14,Mylan (formerly Matrix) Nashik,True,66966.0,45180.62,2290.32
9754,86089,114-UG-T30,FPQ-13108,SO-46875,DN-3732,Uganda,PMO - US,From RDC,N/A - From RDC,Truck,2013-10-16,2013-12-30,2014-06-30,2014-06-30,2014-07-01,ARV,Adult,SCMS from RDC,"Lamivudine/Nevirapine/Zidovudine 150/200/300mg, tablets, 60 Tabs",Lamivudine/Nevirapine/Zidovudine,Generic,150/300/200mg,Tablet - FDC,60,52898,429002.78,8.11,0.14,Hetero Unit III Hyderabad IN,False,668.5,5458.45,441.01
9755,86090,114-UG-T30,FPQ-13108,SO-46875,DN-3732,Uganda,PMO - US,From RDC,N/A - From RDC,Truck,2013-10-16,2013-12-30,2014-06-30,2014-06-30,2014-07-01,ARV,Adult,SCMS from RDC,"Lamivudine/Nevirapine/Zidovudine 150/200/300mg, tablets, 60 Tabs",Lamivudine/Nevirapine/Zidovudine,Generic,150/300/200mg,Tablet - FDC,60,30,243.3,8.11,0.14,"Cipla, Goa, India",False,55.0,5458.45,0.25
9756,86093,111-MZ-T30,FPQ-13124,SO-47070,DN-3745,Mozambique,PMO - US,From RDC,N/A - From RDC,Truck,2013-10-21,2014-01-31,2014-07-31,2014-07-18,2014-08-07,ARV,Adult,SCMS from RDC,"Lopinavir/Ritonavir 200/50mg [Aluvia], tablets, 120 Tabs",Lopinavir/Ritonavir,Aluvia,200/50mg,Tablet,120,18960,358344.0,18.9,0.16,ABBVIE Ludwigshafen Germany,True,4227.0,2259.81,368.38
9757,86094,104-CI-T30,FPQ-13142,SO-47154,DN-3747,Côte d'Ivoire,PMO - US,From RDC,N/A - From RDC,Truck,2013-10-22,2013-12-30,2014-06-30,2014-06-16,2014-07-10,ARV,Adult,SCMS from RDC,"Lopinavir/Ritonavir 200/50mg, tablets, 120 Tabs",Lopinavir/Ritonavir,Generic,200/50mg,Tablet,120,13429,264685.59,19.71,0.16,Mylan (formerly Matrix) Nashik,True,3522.0,14985.96,272.1
9758,86095,100-ZM-T30,FPQ-13679,SO-48020,DN-3754,Zambia,PMO - US,From RDC,N/A - From RDC,Truck,2014-02-02,2013-12-30,2014-06-30,2014-07-04,2014-09-08,ARV,Adult,SCMS from RDC,"Lamivudine/Tenofovir Disoproxil Fumarate 300/300mg, tablets, 30 Tabs",Lamivudine/Tenofovir Disoproxil Fumarate,Generic,300/300mg,Tablet - FDC,30,29440,138368.0,4.7,0.16,"Aurobindo Unit VII, IN",True,2438.0,5236.92,142.24
9759,86096,111-MZ-T30,FPQ-13123,SO-47092,DN-3752,Mozambique,PMO - US,From RDC,N/A - From RDC,Truck,2013-10-21,2014-01-31,2014-07-31,2014-07-25,2014-09-05,ARV,Pediatric,SCMS from RDC,"Nevirapine 10mg/ml, oral suspension w/syringe, Bottle, 240 ml",Nevirapine,Generic,10mg/ml,Oral suspension,240,45696,74484.48,1.63,0.01,"Aurobindo Unit III, India",False,668.5,5192.68,76.57
9760,86097,110-ZM-T30,FPQ-12066,SO-45090,DN-3755,Zambia,PMO - US,From RDC,N/A - From RDC,Truck,2013-04-19,2013-12-30,2014-06-30,2014-06-17,2014-07-09,ARV,Adult,SCMS from RDC,"Nevirapine 200mg, tablets, 60 Tabs",Nevirapine,Generic,200mg,Tablet,60,77187,168267.66,2.18,0.04,Hetero Unit III Hyderabad IN,True,4800.0,10982.2,208.15
9761,86102,100-ZM-T30,FPQ-13679,SO-48012,DN-3887,Zambia,PMO - US,From RDC,N/A - From RDC,Truck,2014-02-02,2014-03-18,2014-09-18,2014-10-02,2014-10-22,ARV,Adult,SCMS from RDC,"Abacavir 300mg, tablets, 60 Tabs",Abacavir,Generic,300mg,Tablet,60,323,3627.29,11.23,0.19,"Aurobindo Unit III, India",True,35.0,42.35,3.73
9762,86103,103-SS-T30,FPQ-14574,SO-49370,DN-3891,South Sudan,PMO - US,From RDC,N/A - From RDC,Air,2014-07-14,2014-04-02,2014-10-02,2014-10-17,2014-11-13,ARV,Adult,SCMS from RDC,"Efavirenz/Lamivudine/Tenofovir Disoproxil Fumarate 600/300/300mg, tablets, 30 Tabs",Efavirenz/Lamivudine/Tenofovir Disoproxil Fumarate,Generic,600/300/300mg,Tablet - FDC,30,7764,83695.92,10.78,0.36,Mylan (formerly Matrix) Nashik,True,1347.0,14522.43,86.04
9763,86104,110-ZM-T30,FPQ-13221,SO-47204,DN-3833,Zambia,PMO - US,From RDC,N/A - From RDC,Truck,2013-10-31,2014-02-28,2014-08-29,2014-09-04,2014-10-06,ARV,Adult,SCMS from RDC,"Lopinavir/Ritonavir 200/50mg [Aluvia], tablets, 120 Tabs",Lopinavir/Ritonavir,Aluvia,200/50mg,Tablet,120,35822,677035.8,18.9,0.16,ABBVIE Ludwigshafen Germany,False,668.5,6476.695,695.99
9764,86106,104-CI-T30,FPQ-13142,SO-47156,DN-3900,Côte d'Ivoire,PMO - US,From RDC,N/A - From RDC,Truck,2013-10-22,2014-03-30,2014-09-30,2014-09-08,2014-09-19,ARV,Pediatric,SCMS from RDC,"Zidovudine 10mg/ml, oral solution w/syringe, Bottle, 240 ml",Zidovudine,Generic,10mg/ml,Oral solution,240,106,222.6,2.1,0.01,"Cipla, Goa, India",False,668.5,6757.815,0.23
9765,86107,111-MZ-T30,FPQ-14226,SO-48883,DN-3875,Mozambique,PMO - US,From RDC,N/A - From RDC,Truck,2014-05-02,2014-06-30,2014-12-31,2014-10-30,2014-11-07,ARV,Adult,SCMS from RDC,"Efavirenz/Lamivudine/Tenofovir Disoproxil Fumarate 600/300/300mg, tablets, 30 Tabs",Efavirenz/Lamivudine/Tenofovir Disoproxil Fumarate,Generic,600/300/300mg,Tablet - FDC,30,76236,821824.08,10.78,0.36,Mylan (formerly Matrix) Nashik,False,668.5,5192.68,844.84
9766,86108,101-CD-T30,FPQ-14252,SO-48852,DN-3885,"Congo, DRC",PMO - US,From RDC,N/A - From RDC,Air,2014-05-07,2014-03-22,2014-09-22,2014-09-30,2014-11-17,ARV,Adult,SCMS from RDC,"Lamivudine/Zidovudine 150/300mg, tablets, 60 Tabs",Lamivudine/Zidovudine,Generic,150/300mg,Tablet - FDC,60,3485,22722.2,6.52,0.11,Hetero Unit III Hyderabad IN,False,214.0,2346.5699999999997,23.36
9767,86110,107-RW-T30,FPQ-13812,SO-48161,DN-3787,Rwanda,PMO - US,From RDC,N/A - From RDC,Truck,2014-03-04,2014-02-19,2014-08-19,2014-08-13,2014-08-14,ARV,Adult,SCMS from RDC,"Nevirapine 200mg, tablets, 60 Tabs",Nevirapine,Generic,200mg,Tablet,60,88809,200708.34,2.26,0.04,Hetero Unit III Hyderabad IN,False,668.5,7173.3,206.33
9768,86111,104-CI-T30,FPQ-13142,SO-47120,DN-3789,Côte d'Ivoire,PMO - US,From RDC,N/A - From RDC,Truck,2013-10-22,2013-12-30,2014-06-30,2014-07-09,2014-08-07,ARV,Pediatric,SCMS from RDC,"Abacavir/Lamivudine 60/30mg, tablets, 60 Tabs",Abacavir/Lamivudine,Generic,60/30mg,Tablet - FDC,60,10000,40900.0,4.09,0.07,Mylan (formerly Matrix) Nashik,True,365.0,2436.32,42.05
9769,86112,104-CI-T30,FPQ-13295,SO-47350,DN-3800,Côte d'Ivoire,PMO - US,From RDC,N/A - From RDC,Truck,2013-11-18,2013-12-30,2014-06-30,2014-07-09,2014-08-07,ARV,Adult,SCMS from RDC,"Abacavir/Lamivudine 600/300mg, tablets, 30 Tabs",Abacavir/Lamivudine,Generic,600/300mg,Tablet - FDC,30,2600,35152.0,13.52,0.45,"Cipla, Patalganga, India",True,235.0,814.06,36.14
9770,86113,107-RW-T30,FPQ-13728,SO-47980,DN-3810,Rwanda,PMO - US,From RDC,N/A - From RDC,Air,2014-02-13,2014-01-17,2014-07-17,2014-07-17,2014-10-28,ARV,Pediatric,SCMS from RDC,"Lamivudine/Zidovudine 30/60mg, tablets, 60 Tabs",Lamivudine/Zidovudine,Generic,30/60mg,Tablet - FDC,60,362,720.38,1.99,0.03,Mylan (formerly Matrix) Nashik,True,16.0,919.81,0.74
9771,86114,110-ZM-T30,FPQ-13692,SO-48000,DN-3819,Zambia,PMO - US,From RDC,N/A - From RDC,Truck,2014-02-06,2014-01-31,2014-07-31,2014-07-23,2014-08-28,ARV,Adult,SCMS from RDC,"Efavirenz/Lamivudine/Tenofovir Disoproxil Fumarate 600/300/300mg, tablets, 30 Tabs",Efavirenz/Lamivudine/Tenofovir Disoproxil Fumarate,Generic,600/300/300mg,Tablet - FDC,30,175000,1886500.0,10.78,0.36,Mylan (formerly Matrix) Nashik,False,668.5,6476.695,1939.32
9772,86115,110-ZM-T30,FPQ-13692,SO-47991,DN-3822,Zambia,PMO - US,From RDC,N/A - From RDC,Truck,2014-02-06,2014-01-14,2014-07-14,2014-09-03,2014-10-06,ARV,Adult,SCMS from RDC,"Zidovudine 300mg, tablets, 60 Tabs",Zidovudine,Generic,300mg,Tablet,60,7130,38787.2,5.44,0.09,"Aurobindo Unit III, India",False,669.0,6476.695,39.87
9773,86116,111-MZ-T30,FPQ-13124,SO-47050,DN-3827,Mozambique,PMO - US,From RDC,N/A - From RDC,Truck,2013-10-21,2014-02-28,2014-08-29,2014-08-25,2014-08-28,ARV,Adult,SCMS from RDC,"Lamivudine/Nevirapine/Zidovudine 150/200/300mg, tablets, 60 Tabs",Lamivudine/Nevirapine/Zidovudine,Generic,150/300/200mg,Tablet - FDC,60,232476,1885380.36,8.11,0.14,"Cipla, Goa, India",False,668.5,5192.68,1938.17
9774,86117,111-MZ-T30,FPQ-13124,SO-47050,DN-3827,Mozambique,PMO - US,From RDC,N/A - From RDC,Truck,2013-10-21,2014-02-28,2014-08-29,2014-08-25,2014-08-28,ARV,Adult,SCMS from RDC,"Lamivudine/Nevirapine/Zidovudine 150/200/300mg, tablets, 60 Tabs",Lamivudine/Nevirapine/Zidovudine,Generic,150/300/200mg,Tablet - FDC,60,42000,340620.0,8.11,0.14,"Strides, Bangalore, India.",False,3957.0,5192.68,350.16
9775,86118,101-CD-T30,FPQ-14252,SO-48850,DN-3843,"Congo, DRC",PMO - US,From RDC,N/A - From RDC,Air,2014-05-07,2014-02-13,2014-08-13,2014-09-24,2014-11-06,ARV,Adult,SCMS from RDC,"Efavirenz 600mg, tablets, 30 Tabs",Efavirenz,Generic,600mg,Tablet,30,2955,9485.55,3.21,0.11,"Strides, Bangalore, India.",False,668.5,2346.5699999999997,9.75
9776,86119,101-CD-T30,FPQ-14252,SO-48850,DN-3843,"Congo, DRC",PMO - US,From RDC,N/A - From RDC,Air,2014-05-07,2014-02-13,2014-08-13,2014-09-24,2014-11-06,ARV,Adult,SCMS from RDC,"Zidovudine 300mg, tablets, 60 Tabs",Zidovudine,Generic,300mg,Tablet,60,2829,15389.76,5.44,0.09,"Aurobindo Unit III, India",False,668.5,2346.5699999999997,15.82
9777,86120,101-CD-T30,FPQ-14252,SO-48850,DN-3843,"Congo, DRC",PMO - US,From RDC,N/A - From RDC,Air,2014-05-07,2014-02-13,2014-08-13,2014-09-24,2014-11-06,ARV,Adult,SCMS from RDC,"Efavirenz/Lamivudine/Tenofovir Disoproxil Fumarate 600/300/300mg, tablets, 30 Tabs",Efavirenz/Lamivudine/Tenofovir Disoproxil Fumarate,Generic,600/300/300mg,Tablet - FDC,30,3300,35574.0,10.78,0.36,Hetero Unit III Hyderabad IN,False,2143.0,2346.5699999999997,36.57
9778,86121,111-MZ-T30,FPQ-13123,SO-47080,DN-3828,Mozambique,PMO - US,From RDC,N/A - From RDC,Truck,2013-10-21,2014-02-28,2014-08-29,2014-11-05,2014-11-07,ARV,Adult,SCMS from RDC,"Lamivudine/Zidovudine 150/300mg, tablets, 60 Tabs",Lamivudine/Zidovudine,Generic,150/300mg,Tablet - FDC,60,90472,589877.44,6.52,0.11,"Aurobindo Unit III, India",False,668.5,5192.68,606.39
9779,86129,102-BI-T30,FPQ-14112,SO-48591,DN-3853,Burundi,PMO - US,From RDC,N/A - From RDC,Air,2014-04-18,2014-02-28,2014-08-31,2014-07-25,2014-08-01,ARV,Adult,SCMS from RDC,"Nevirapine 200mg, tablets, 60 Tabs",Nevirapine,Generic,200mg,Tablet,60,525,1160.25,2.21,0.04,Hetero Unit III Hyderabad IN,True,35.0,638.65,1.19
9780,86130,111-MZ-T30,FPQ-13575,SO-47703,DN-3865,Mozambique,PMO - US,From RDC,N/A - From RDC,Truck,2014-01-17,2014-02-28,2014-08-31,2014-10-30,2014-11-13,ARV,Adult,SCMS from RDC,"Efavirenz 600mg, tablets, 30 Tabs",Efavirenz,Generic,600mg,Tablet,30,77000,247170.0,3.21,0.11,"Micro labs, Verna, Goa, India",False,12980.0,5192.68,254.09
9781,86131,111-MZ-T30,FPQ-14226,SO-48870,DN-3903,Mozambique,PMO - US,From RDC,N/A - From RDC,Truck,2014-05-02,2014-06-30,2014-12-30,2014-10-30,2014-11-13,ARV,Adult,SCMS from RDC,"Lopinavir/Ritonavir 200/50mg, tablets, 120 Tabs",Lopinavir/Ritonavir,Generic,200/50mg,Tablet,120,14480,285400.8,19.71,0.16,"Aurobindo Unit III, India",True,7039.0,5192.68,293.39
9782,86133,109-TZ-T30,FPQ-14041,SO-49640,DN-3910,Tanzania,PMO - US,From RDC,N/A - From RDC,Truck,2014-04-11,2014-05-11,2014-11-11,2014-10-17,2014-11-07,ARV,Pediatric,SCMS from RDC,"Lamivudine/Nevirapine/Zidovudine 30/50/60mg, dispersible tablets, 60 Tabs",Lamivudine/Nevirapine/Zidovudine,Generic,30/50/60mg,Chewable/dispersible tablet - FDC,60,54976,206160.0,3.75,0.06,"Strides, Bangalore, India.",True,2356.0,2151.27,211.93
9783,86134,151-NG-T30,FPQ-13293,SO-47288,DN-3912,Nigeria,PMO - US,From RDC,N/A - From RDC,Air Charter,2013-11-19,2014-03-30,2014-09-30,2014-09-03,2014-09-05,ARV,Pediatric,SCMS from RDC,"Lamivudine/Stavudine 30/6mg, dispersible tablets, 60 Tabs",Lamivudine/Stavudine,Generic,30/6mg,Chewable/dispersible tablet - FDC,60,10383,19727.7,1.9,0.03,"Cipla, Goa, India",True,767.0,3963.0,20.28
9784,86135,901-NA-T30,FPQ-14670,SO-49560,DN-3907,Namibia,PMO - US,From RDC,N/A - From RDC,Truck,2014-07-30,2014-03-30,2014-09-30,2014-09-15,2014-09-25,ARV,Adult,SCMS from RDC,"Lamivudine/Zidovudine 150/300mg, tablets, 60 Tabs",Lamivudine/Zidovudine,Generic,150/300mg,Tablet - FDC,60,13337,86957.24,6.52,0.11,"Aurobindo Unit III, India",False,668.5,8502.12,89.39
9785,86136,109-TZ-T30,FPQ-13042,SO-46710,DN-3925,Tanzania,PMO - US,From RDC,N/A - From RDC,Truck,2013-10-01,2014-05-03,2014-11-03,2014-10-17,2014-11-07,ARV,Adult,SCMS from RDC,"Abacavir 300mg, tablets, 60 Tabs",Abacavir,Generic,300mg,Tablet,60,24876,285078.96,11.46,0.19,Mylan (formerly Matrix) Nashik,True,2345.0,2456.74,352.64
9786,86137,114-UG-T30,FPQ-14396,SO-48960,DN-3936,Uganda,PMO - US,From RDC,N/A - From RDC,Air,2014-06-04,2014-03-30,2014-09-30,2014-10-01,2014-10-21,ARV,Adult,SCMS from RDC,"Zidovudine 300mg, tablets, 60 Tabs",Zidovudine,Generic,300mg,Tablet,60,1000,5440.0,5.44,0.09,"Aurobindo Unit III, India",False,132.0,2485.92,5.59
9787,86138,110-ZM-T30,FPQ-14162,SO-48670,DN-3937,Zambia,PMO - US,From RDC,N/A - From RDC,Truck,2014-04-24,2014-03-30,2014-09-30,2014-09-19,2014-10-17,ARV,Adult,SCMS from RDC,"Nevirapine 200mg, tablets, 60 Tabs",Nevirapine,Generic,200mg,Tablet,60,319150,705321.5,2.21,0.04,Hetero Unit III Hyderabad IN,True,19661.0,21149.81,725.07
9788,86139,104-CI-T30,FPQ-13628,SO-49880,DN-3966,Côte d'Ivoire,PMO - US,From RDC,N/A - From RDC,Truck,2014-01-29,2014-04-30,2014-10-31,2014-10-17,2014-11-07,ARV,Adult,SCMS from RDC,"Tenofovir Disoproxil Fumarate 300mg, tablets, 30 Tabs",Tenofovir Disoproxil Fumarate,Generic,300mg,Tablet,30,2095,7583.9,3.62,0.12,Mylan (formerly Matrix) Nashik,False,668.5,6757.815,7.8
9789,86140,104-CI-T30,FPQ-13628,SO-47911,DN-3965,Côte d'Ivoire,PMO - US,From RDC,N/A - From RDC,Truck,2014-01-29,2014-04-30,2014-10-31,2014-10-17,2014-11-07,ARV,Adult,SCMS from RDC,"Lopinavir/Ritonavir 200/50mg, tablets, 120 Tabs",Lopinavir/Ritonavir,Generic,200/50mg,Tablet,120,21497,422631.02,19.66,0.16,Mylan (formerly Matrix) Nashik,True,21.0,22007.39,434.46
9790,86141,110-ZM-T30,FPQ-13221,SO-47209,DN-3978,Zambia,PMO - US,From RDC,N/A - From RDC,Truck,2013-10-31,2014-04-30,2014-10-31,2014-11-19,2014-11-24,ARV,Adult,SCMS from RDC,"Lamivudine/Tenofovir Disoproxil Fumarate 300/300mg, tablets, 30 Tabs",Lamivudine/Tenofovir Disoproxil Fumarate,Generic,300/300mg,Tablet - FDC,30,20327,93910.74,4.62,0.15,Hetero Unit III Hyderabad IN,True,2130.0,6700.42,96.54
9791,86142,101-CD-T30,FPQ-14576,SO-49290,DN-3975,"Congo, DRC",PMO - US,From RDC,N/A - From RDC,Air,2014-07-14,2014-07-30,2015-01-30,2015-02-18,2015-02-23,ARV,Adult,SCMS from RDC,"Tenofovir Disoproxil Fumarate 300mg, tablets, 30 Tabs",Tenofovir Disoproxil Fumarate,Generic,300mg,Tablet,30,5850,22113.0,3.78,0.13,Hetero Unit III Hyderabad IN,False,668.5,2346.5699999999997,22.73
9792,86143,151-NG-T30,FPQ-14156,SO-48903,DN-3994,Nigeria,PMO - US,From RDC,N/A - From RDC,Air Charter,2014-04-25,2014-04-30,2014-10-31,2014-10-30,2014-11-03,ARV,Adult,SCMS from RDC,"Efavirenz 600mg, tablets, 30 Tabs",Efavirenz,Generic,600mg,Tablet,30,6776,21141.12,3.12,0.1,"Micro labs, Verna, Goa, India",True,514.0,898.0,21.73
9793,86144,102-BI-T30,FPQ-14112,SO-48620,DN-4003,Burundi,PMO - US,From RDC,N/A - From RDC,Air,2014-04-18,2014-05-20,2014-11-20,2014-11-20,2014-11-24,ARV,Adult,SCMS from RDC,"Lamivudine/Nevirapine/Zidovudine 150/200/300mg, tablets, 60 Tabs",Lamivudine/Nevirapine/Zidovudine,Generic,150/300/200mg,Tablet - FDC,60,1536,12456.96,8.11,0.14,Mylan (formerly Matrix) Nashik,False,668.5,3544.4849999999997,12.81
9794,86147,104-CI-T30,FPQ-14370,SO-49051,DN-4017,Côte d'Ivoire,PMO - US,From RDC,N/A - From RDC,Truck,2014-05-23,2014-05-28,2014-11-28,2014-12-02,2014-12-08,ARV,Adult,SCMS from RDC,"Efavirenz 600mg, tablets, 30 Tabs",Efavirenz,Generic,600mg,Tablet,30,25555,82031.55,3.21,0.11,"Micro labs, Verna, Goa, India",False,668.5,6757.815,84.33
9795,86148,103-ZW-T30,FPQ-13967,SO-48442,DN-4020,Zimbabwe,PMO - US,From RDC,N/A - From RDC,Air,2014-04-02,2014-07-30,2015-01-30,2015-01-05,2015-01-09,ARV,Pediatric,SCMS from RDC,"Lamivudine/Nevirapine/Zidovudine 30/50/60mg, dispersible tablets, 60 Tabs",Lamivudine/Nevirapine/Zidovudine,Generic,30/50/60mg,Chewable/dispersible tablet - FDC,60,20000,75000.0,3.75,0.06,"Strides, Bangalore, India.",True,1920.0,5055.8,77.1
9796,86151,114-UG-T30,FPQ-14396,SO-48993,DN-4041,Uganda,PMO - US,From RDC,N/A - From RDC,Truck,2014-06-04,2014-08-16,2015-02-16,2015-01-24,2015-02-03,ARV,Adult,SCMS from RDC,"Efavirenz 600mg, tablets, 30 Tabs",Efavirenz,Generic,600mg,Tablet,30,7500,24075.0,3.21,0.11,Hetero Unit III Hyderabad IN,False,662.0,5458.45,24.75
9797,86154,114-UG-T30,FPQ-15294,SO-50051,DN-4061,Uganda,PMO - US,From RDC,N/A - From RDC,Truck,2014-11-03,2014-12-15,2015-06-15,2015-01-16,2015-01-26,ARV,Adult,SCMS from RDC,"Efavirenz/Lamivudine/Tenofovir Disoproxil Fumarate 600/300/300mg, tablets, 30 Tabs",Efavirenz/Lamivudine/Tenofovir Disoproxil Fumarate,Generic,600/300/300mg,Tablet - FDC,30,13000,126880.0,9.76,0.33,Mylan (formerly Matrix) Nashik,False,2672.0,5458.45,149.34
9798,86155,114-UG-T30,FPQ-15294,SO-50091,DN-4060,Uganda,PMO - US,From RDC,N/A - From RDC,Truck,2014-11-03,2014-07-30,2015-01-30,2015-01-16,2015-01-19,ARV,Adult,SCMS from RDC,"Efavirenz/Lamivudine/Tenofovir Disoproxil Fumarate 600/300/300mg, tablets, 30 Tabs",Efavirenz/Lamivudine/Tenofovir Disoproxil Fumarate,Generic,600/300/300mg,Tablet - FDC,30,85000,829600.0,9.76,0.33,Mylan (formerly Matrix) Nashik,True,11125.0,5458.45,976.44
9799,86156,103-ZW-T30,FPQ-14459,SO-49180,DN-4072,Zimbabwe,PMO - US,From RDC,N/A - From RDC,Truck,2014-06-13,2014-07-30,2015-01-30,2015-01-12,2015-01-21,ARV,Pediatric,SCMS from RDC,"Lamivudine/Zidovudine 30/60mg, dispersible tablets, 60 Tabs",Lamivudine/Zidovudine,Generic,30/60mg,Chewable/dispersible tablet - FDC,60,30457,60609.43,1.99,0.03,"Mylan,  H-12 & H-13, India",True,2375.0,6819.95,62.31
9800,86158,104-CI-T30,FPQ-13628,SO-47900,DN-4039,Côte d'Ivoire,PMO - US,From RDC,N/A - From RDC,Truck,2014-01-29,2014-07-30,2015-01-30,2015-02-11,2015-02-16,ARV,Pediatric,SCMS from RDC,"Lamivudine/Zidovudine 30/60mg, dispersible tablets, 60 Tabs",Lamivudine/Zidovudine,Generic,30/60mg,Chewable/dispersible tablet - FDC,60,1956,3892.44,1.99,0.03,"Cipla, Goa, India",False,230.0,6757.815,4.0
9801,86159,111-MZ-T30,FPQ-13575,SO-47705,DN-4081,Mozambique,PMO - US,From RDC,N/A - From RDC,Truck,2014-01-17,2014-08-27,2015-02-27,2015-03-03,2015-03-09,ARV,Adult,SCMS from RDC,"Lamivudine/Zidovudine 150/300mg, tablets, 60 Tabs",Lamivudine/Zidovudine,Generic,150/300mg,Tablet - FDC,60,43334,291637.82,6.73,0.11,Hetero Unit III Hyderabad IN,False,668.5,5192.68,299.8
9802,86161,104-CI-T30,FPQ-13628,SO-47910,DN-4092,Côte d'Ivoire,PMO - US,From RDC,N/A - From RDC,Truck,2014-01-29,2014-08-25,2015-02-25,2015-03-12,2015-03-13,ARV,Adult,SCMS from RDC,"Lopinavir/Ritonavir 200/50mg, tablets, 120 Tabs",Lopinavir/Ritonavir,Generic,200/50mg,Tablet,120,11728,227054.08,19.36,0.16,"Aurobindo Unit III, India",True,2932.0,8936.06,233.41
9803,86162,114-UG-T30,FPQ-15294,SO-50090,DN-4102,Uganda,PMO - US,From RDC,N/A - From RDC,Truck,2014-11-03,2014-08-27,2015-02-27,2015-02-24,2015-02-24,ARV,Adult,SCMS from RDC,"Abacavir/Lamivudine 600/300mg, tablets, 30 Tabs",Abacavir/Lamivudine,Generic,600/300mg,Tablet - FDC,30,10300,139256.0,13.52,0.45,Mylan (formerly Matrix) Nashik,False,668.5,5458.45,163.9
9804,86163,110-ZM-T30,FPQ-14575,SO-49282,DN-4117,Zambia,PMO - US,From RDC,N/A - From RDC,Truck,2014-07-11,2014-08-27,2015-02-27,2015-02-19,2015-02-20,ARV,Adult,SCMS from RDC,"Nevirapine 200mg, tablets, 60 Tabs",Nevirapine,Generic,200mg,Tablet,60,27104,59086.72,2.18,0.04,"Aurobindo Unit III, India",False,668.5,6476.695,60.74
9805,86164,151-NG-T30,FPQ-14766,SO-49682,DN-4122,Nigeria,PMO - US,From RDC,N/A - From RDC,Air Charter,2014-08-13,2014-08-28,2015-02-28,2015-02-05,2015-02-10,ARV,Adult,SCMS from RDC,"Lamivudine/Nevirapine/Zidovudine 150/200/300mg, tablets, 60 Tabs",Lamivudine/Nevirapine/Zidovudine,Generic,150/300/200mg,Tablet - FDC,60,183995,1420441.4,7.72,0.13,"Strides, Bangalore, India.",False,668.5,12601.07,1460.21
9806,86167,104-CI-T30,FPQ-14370,SO-49080,DN-4137,Côte d'Ivoire,PMO - US,From RDC,N/A - From RDC,Truck,2014-05-23,2014-08-27,2015-02-27,2015-03-11,2015-03-30,ARV,Adult,SCMS from RDC,"Lamivudine/Zidovudine 150/300mg, tablets, 60 Tabs",Lamivudine/Zidovudine,Generic,150/300mg,Tablet - FDC,60,19000,123880.0,6.52,0.11,Hetero Unit III Hyderabad IN,False,1714.5,6757.815,127.35
9807,86168,104-CI-T30,FPQ-13628,SO-47860,DN-4139,Côte d'Ivoire,PMO - US,From RDC,N/A - From RDC,Truck,2014-01-29,2014-08-27,2015-02-27,2015-02-25,2015-03-30,ARV,Adult,SCMS from RDC,"Lamivudine/Zidovudine 150/300mg, tablets, 60 Tabs",Lamivudine/Zidovudine,Generic,150/300mg,Tablet - FDC,60,104000,699920.0,6.73,0.11,Hetero Unit III Hyderabad IN,True,9208.0,35832.12,719.52
9808,86170,111-MZ-T30,FPQ-15195,SO-50121,DN-4153,Mozambique,PMO - US,From RDC,N/A - From RDC,Truck,2014-10-17,2014-12-30,2015-06-30,2015-04-10,2015-04-20,ARV,Adult,SCMS from RDC,"Nevirapine 200mg, tablets, 60 Tabs",Nevirapine,Generic,200mg,Tablet,60,1960,4272.8,2.18,0.04,Hetero Unit III Hyderabad IN,True,9674.0,7921.0,5.03
9809,86171,110-ZM-T30,FPQ-14575,SO-49280,DN-4154,Zambia,PMO - US,From RDC,N/A - From RDC,Truck,2014-07-11,2014-08-27,2015-02-27,2015-03-25,2015-03-26,ARV,Adult,SCMS from RDC,"Nevirapine 200mg, tablets, 60 Tabs",Nevirapine,Generic,200mg,Tablet,60,198040,431727.2,2.18,0.04,Hetero Unit III Hyderabad IN,False,668.5,6476.695,443.82
9810,86172,103-ZW-T30,FPQ-13967,SO-48440,DN-4157,Zimbabwe,PMO - US,From RDC,N/A - From RDC,Truck,2014-04-02,2014-09-07,2015-03-07,2015-03-17,2015-03-18,ARV,Pediatric,SCMS from RDC,"Lamivudine/Nevirapine/Zidovudine 30/50/60mg, dispersible tablets, 60 Tabs",Lamivudine/Nevirapine/Zidovudine,Generic,30/50/60mg,Chewable/dispersible tablet - FDC,60,4550,16380.0,3.6,0.06,Mylan (formerly Matrix) Nashik,False,668.5,6721.705,16.84
9811,86173,102-ZW-T30,FPQ-15621,SO-50580,DN-4158,Zimbabwe,PMO - US,From RDC,N/A - From RDC,Truck,2014-12-19,2014-09-16,2015-03-16,2015-03-17,2015-03-19,ARV,Adult,SCMS from RDC,"Lamivudine/Zidovudine 150/300mg, tablets, 60 Tabs",Lamivudine/Zidovudine,Generic,150/300mg,Tablet - FDC,60,20000,130400.0,6.52,0.11,"Hetero, Jadcherla, unit 5, IN",True,1790.0,2042.6,153.48
9812,86174,102-BI-T30,FPQ-15406,SO-50270,DN-4144,Burundi,PMO - US,From RDC,N/A - From RDC,Air,2014-11-19,2014-08-27,2015-02-27,2015-02-28,2015-03-05,ARV,Adult,SCMS from RDC,"Lamivudine/Nevirapine/Zidovudine 150/200/300mg, tablets, 60 Tabs",Lamivudine/Nevirapine/Zidovudine,Generic,150/300/200mg,Tablet - FDC,60,1728,13340.16,7.72,0.13,Mylan (formerly Matrix) Nashik,False,668.5,3544.4849999999997,15.7
9813,86179,151-NG-T30,FPQ-14156,SO-51030,DN-4170,Nigeria,PMO - US,From RDC,N/A - From RDC,Air Charter,2014-04-25,2014-09-02,2015-03-02,2015-03-10,2015-03-17,ARV,Adult,SCMS from RDC,"Lamivudine/Zidovudine 150/300mg, tablets, 60 Tabs",Lamivudine/Zidovudine,Generic,150/300mg,Tablet - FDC,60,148569,968669.88,6.52,0.11,"Aurobindo Unit III, India",False,668.5,12601.07,995.79
9814,86181,900-TG-T30,FPQ-15916,SO-51070,DN-4185,Togo,PMO - US,From RDC,N/A - From RDC,Air,2015-02-18,2014-09-30,2015-03-31,2015-04-24,2015-04-29,ARV,Adult,SCMS from RDC,"Nevirapine 200mg, tablets, 60 Tabs",Nevirapine,Generic,200mg,Tablet,60,240,523.2,2.18,0.04,Hetero Unit III Hyderabad IN,True,25.0,6272.36,0.62
9815,86183,110-ZM-T30,FPQ-14784,SO-49621,DN-4192,Zambia,PMO - US,From RDC,N/A - From RDC,Truck,2014-08-12,2014-11-01,2015-05-01,2015-04-10,2015-04-20,ARV,Adult,SCMS from RDC,"Efavirenz/Lamivudine/Tenofovir Disoproxil Fumarate 600/300/300mg, tablets, 30 Tabs",Efavirenz/Lamivudine/Tenofovir Disoproxil Fumarate,Generic,600/300/300mg,Tablet - FDC,30,600906,5768697.6,9.6,0.32,Mylan (formerly Matrix) Nashik,True,67880.0,78454.01,5930.22
9816,86185,101-CD-T30,FPQ-15787,SO-50910,DN-4195,"Congo, DRC",PMO - US,From RDC,N/A - From RDC,Air,2015-01-26,2014-11-06,2015-05-06,2015-07-06,2015-07-06,ARV,Pediatric,SCMS from RDC,"Lamivudine 10mg/ml, oral solution, Bottle, 240 ml",Lamivudine,Generic,10mg/ml,Oral solution,240,110,212.3,1.93,0.01,Hetero Unit III Hyderabad IN,False,38.0,2346.5699999999997,0.25
9817,86186,101-CD-T30,FPQ-15787,SO-50900,DN-4196,"Congo, DRC",PMO - US,From RDC,N/A - From RDC,Air,2015-01-26,2014-12-16,2015-06-16,2015-05-25,2015-06-15,ARV,Pediatric,SCMS from RDC,"Abacavir/Lamivudine 60/30mg, dispersible tablets, 60 Tabs",Abacavir/Lamivudine,Generic,60/30mg,Chewable/dispersible tablet - FDC,60,820,4173.8,5.09,0.08,"Cipla, Patalganga, India",False,251.5,2346.5699999999997,4.91
9818,86187,101-CD-T30,FPQ-15787,SO-50890,DN-4197,"Congo, DRC",PMO - US,From RDC,N/A - From RDC,Air,2015-01-26,2015-01-01,2015-07-01,2015-07-13,2015-07-13,ARV,Pediatric,SCMS from RDC,"Lamivudine/Nevirapine/Zidovudine 30/50/60mg, dispersible tablets, 60 Tabs",Lamivudine/Nevirapine/Zidovudine,Generic,30/50/60mg,Chewable/dispersible tablet - FDC,60,4355,15678.0,3.6,0.06,Mylan (formerly Matrix) Nashik,False,668.5,2346.5699999999997,18.45
9819,86188,114-UG-T30,FPQ-15639,SO-50670,DN-4215,Uganda,PMO - US,From RDC,N/A - From RDC,Truck,2014-12-22,2014-10-30,2015-04-30,2015-04-22,2015-04-24,ARV,Adult,SCMS from RDC,"Lamivudine/Nevirapine/Zidovudine 150/200/300mg, tablets, 60 Tabs",Lamivudine/Nevirapine/Zidovudine,Generic,150/300/200mg,Tablet - FDC,60,44102,340467.44,7.72,0.13,"Hetero, Jadcherla, unit 5, IN",True,8221.0,0.0,400.73
9820,86189,114-UG-T30,FPQ-15294,SO-50050,DN-4218,Uganda,PMO - US,From RDC,N/A - From RDC,Truck,2014-11-03,2014-12-15,2015-06-15,2015-05-14,2015-05-15,ARV,Adult,SCMS from RDC,"Efavirenz 600mg, tablets, 30 Tabs",Efavirenz,Generic,600mg,Tablet,30,2,6.24,3.12,0.1,"Strides, Bangalore, India.",False,1.0,5458.45,0.01
9821,86192,151-NG-T30,FPQ-14766,SO-49687,DN-4227,Nigeria,PMO - US,From RDC,N/A - From RDC,Air Charter,2014-08-13,2014-10-30,2015-04-30,2015-04-15,2015-04-20,ARV,Adult,SCMS from RDC,"Zidovudine 300mg, tablets, 60 Tabs",Zidovudine,Generic,300mg,Tablet,60,793,4226.69,5.33,0.09,"Aurobindo Unit III, India",False,668.5,12601.07,4.35
9822,86193,107-RW-T30,FPQ-15622,SO-50721,DN-4238,Rwanda,PMO - US,From RDC,N/A - From RDC,Truck,2014-12-22,2014-12-30,2015-06-30,2015-05-05,2015-05-06,ARV,Pediatric,SCMS from RDC,"Efavirenz 200mg, scored tablets, 90 Tabs",Efavirenz,Generic,200mg,Tablet,90,2118,19697.4,9.3,0.1,"Strides, Bangalore, India.",True,134.0,7173.3,23.18
9823,86195,151-NG-T30,FPQ-14766,SO-49680,DN-4244,Nigeria,PMO - US,From RDC,N/A - From RDC,Air Charter,2014-08-13,2014-10-30,2015-04-30,2015-04-15,2015-04-20,ARV,Adult,SCMS from RDC,"Efavirenz/Lamivudine/Tenofovir Disoproxil Fumarate 600/300/300mg, tablets, 30 Tabs",Efavirenz/Lamivudine/Tenofovir Disoproxil Fumarate,Generic,600/300/300mg,Tablet - FDC,30,291928,2802508.8,9.6,0.32,Hetero Unit III Hyderabad IN,True,37701.0,68046.0,2880.98
9824,86196,110-ZM-T30,FPQ-14784,SO-49601,DN-4250,Zambia,PMO - US,From RDC,N/A - From RDC,Truck,2014-08-12,2014-11-29,2015-05-29,2015-05-15,2015-05-15,ARV,Pediatric,SCMS from RDC,"Lamivudine/Zidovudine 30/60mg, dispersible tablets, 60 Tabs",Lamivudine/Zidovudine,Generic,30/60mg,Chewable/dispersible tablet - FDC,60,4000,7960.0,1.99,0.03,"Cipla, Goa, India",False,810.0,6476.695,8.18
9825,86197,104-CI-T30,FPQ-14370,SO-49040,DN-4253,Côte d'Ivoire,PMO - US,From RDC,N/A - From RDC,Truck,2014-05-23,2014-12-08,2015-06-08,2015-06-08,2015-06-19,ARV,Adult,SCMS from RDC,"Lopinavir/Ritonavir 200/50mg, tablets, 120 Tabs",Lopinavir/Ritonavir,Generic,200/50mg,Tablet,120,5900,114224.0,19.36,0.16,Mylan (formerly Matrix) Nashik,False,1397.0,6757.815,117.42
9826,86198,104-CI-T30,FPQ-14370,SO-49040,DN-4253,Côte d'Ivoire,PMO - US,From RDC,N/A - From RDC,Truck,2014-05-23,2014-12-08,2015-06-08,2015-06-08,2015-06-19,ARV,Adult,SCMS from RDC,"Lamivudine/Zidovudine 150/300mg, tablets, 60 Tabs",Lamivudine/Zidovudine,Generic,150/300mg,Tablet - FDC,60,37503,244519.56,6.52,0.11,"Aurobindo Unit III, India",False,668.5,6757.815,251.37
9827,86199,110-ZM-T30,FPQ-14784,SO-49622,DN-4257,Zambia,PMO - US,From RDC,N/A - From RDC,Truck,2014-08-12,2014-11-29,2015-05-29,2015-05-15,2015-05-15,ARV,Adult,SCMS from RDC,"Efavirenz/Lamivudine/Tenofovir Disoproxil Fumarate 600/300/300mg, tablets, 30 Tabs",Efavirenz/Lamivudine/Tenofovir Disoproxil Fumarate,Generic,600/300/300mg,Tablet - FDC,30,555197,5329891.2,9.6,0.32,Mylan (formerly Matrix) Nashik,False,668.5,6476.695,5479.13
9828,86200,151-NG-T30,FPQ-14989,SO-49935,DN-4260,Nigeria,PMO - US,From RDC,N/A - From RDC,Air Charter,2014-09-19,2014-12-30,2015-06-30,2015-04-28,2015-04-29,ARV,Adult,SCMS from RDC,"Lamivudine/Nevirapine/Zidovudine 150/200/300mg, tablets, 60 Tabs",Lamivudine/Nevirapine/Zidovudine,Generic,150/300/200mg,Tablet - FDC,60,150000,1158000.0,7.72,0.13,"Aurobindo Unit III, India",False,10153.5,12601.07,1190.42
9829,86203,151-NG-T30,FPQ-14989,SO-51421,DN-4273,Nigeria,PMO - US,From RDC,N/A - From RDC,Air Charter,2014-09-19,2014-12-30,2015-06-30,2015-05-15,2015-05-22,ARV,Adult,SCMS from RDC,"Efavirenz/Lamivudine/Tenofovir Disoproxil Fumarate 600/300/300mg, tablets, 30 Tabs",Efavirenz/Lamivudine/Tenofovir Disoproxil Fumarate,Generic,600/300/300mg,Tablet - FDC,30,134991,1295913.6,9.6,0.32,"Aurobindo Unit VII, IN",True,26861.0,53937.0,1332.2
9830,86204,151-NG-T30,FPQ-14989,SO-51421,DN-4273,Nigeria,PMO - US,From RDC,N/A - From RDC,Air Charter,2014-09-19,2014-12-30,2015-06-30,2015-05-15,2015-05-22,ARV,Adult,SCMS from RDC,"Efavirenz/Lamivudine/Tenofovir Disoproxil Fumarate 600/300/300mg, tablets, 30 Tabs",Efavirenz/Lamivudine/Tenofovir Disoproxil Fumarate,Generic,600/300/300mg,Tablet - FDC,30,59500,571200.0,9.6,0.32,Hetero Unit III Hyderabad IN,False,668.5,12601.07,587.19
9831,86205,151-NG-T30,FPQ-14989,SO-51423,DN-4275,Nigeria,PMO - US,From RDC,N/A - From RDC,Air Charter,2014-09-19,2014-12-30,2015-06-30,2015-05-15,2015-05-22,ARV,Adult,SCMS from RDC,"Lamivudine/Nevirapine/Zidovudine 150/200/300mg, tablets, 60 Tabs",Lamivudine/Nevirapine/Zidovudine,Generic,150/300/200mg,Tablet - FDC,60,178329,1376699.88,7.72,0.13,"Hetero, Jadcherla, unit 5, IN",False,668.5,12601.07,1415.25
9832,86206,151-NG-T30,FPQ-16313,SO-51430,DN-4281,Nigeria,PMO - US,From RDC,N/A - From RDC,Air,2015-05-04,2014-12-02,2015-06-02,2015-06-22,2015-06-24,ARV,Adult,SCMS from RDC,"Lamivudine/Zidovudine 150/300mg, tablets, 60 Tabs",Lamivudine/Zidovudine,Generic,150/300mg,Tablet - FDC,60,37742,246077.84,6.52,0.11,Mylan (formerly Matrix) Nashik,True,3322.0,21533.88,289.63
9833,86207,101-CD-T30,FPQ-16158,SO-51260,DN-4283,"Congo, DRC",PMO - US,From RDC,N/A - From RDC,Air,2015-03-31,2015-01-08,2015-07-08,2015-08-07,2015-08-27,ARV,Adult,SCMS from RDC,"Efavirenz 600mg, tablets, 30 Tabs",Efavirenz,Generic,600mg,Tablet,30,9800,30576.0,3.12,0.1,"Strides, Bangalore, India.",False,1428.5,2346.5699999999997,35.99
9834,86208,114-UG-T30,FPQ-15639,SO-50660,DN-4310,Uganda,PMO - US,From RDC,N/A - From RDC,Truck,2014-12-22,2015-01-31,2015-07-31,2015-07-23,2015-07-23,ARV,Adult,SCMS from RDC,"Lamivudine/Nevirapine/Zidovudine 150/200/300mg, tablets, 60 Tabs",Lamivudine/Nevirapine/Zidovudine,Generic,150/300/200mg,Tablet - FDC,60,30881,250444.91,8.11,0.14,"Hetero, Jadcherla, unit 5, IN",False,668.5,5458.45,294.77
9835,86209,110-ZM-T30,FPQ-14784,SO-49600,DN-4316,Zambia,PMO - US,From RDC,N/A - From RDC,Truck,2014-08-12,2015-02-28,2015-08-31,2015-08-25,2015-09-03,ARV,Adult,SCMS from RDC,"Lamivudine/Zidovudine 150/300mg, tablets, 60 Tabs",Lamivudine/Zidovudine,Generic,150/300mg,Tablet - FDC,60,55000,358600.0,6.52,0.11,Hetero Unit III Hyderabad IN,False,5357.0,0.0,368.64
9836,86210,110-ZM-T30,FPQ-14784,SO-49600,DN-4316,Zambia,PMO - US,From RDC,N/A - From RDC,Truck,2014-08-12,2015-02-28,2015-08-31,2015-08-25,2015-09-03,ARV,Pediatric,SCMS from RDC,"Abacavir/Lamivudine 60/30mg, dispersible tablets, 60 Tabs",Abacavir/Lamivudine,Generic,60/30mg,Chewable/dispersible tablet - FDC,60,44022,224071.98,5.09,0.08,"Cipla, Patalganga, India",False,668.5,0.0,230.35
9837,86211,107-RW-T30,FPQ-16284,SO-51530,DN-4323,Rwanda,PMO - US,From RDC,N/A - From RDC,Air,2015-05-27,2015-02-18,2015-08-18,2015-08-25,2015-08-27,ARV,Adult,SCMS from RDC,"Tenofovir Disoproxil Fumarate 300mg, tablets, 30 Tabs",Tenofovir Disoproxil Fumarate,Generic,300mg,Tablet,30,385,1366.75,3.55,0.12,Mylan (formerly Matrix) Nashik,True,25.0,149.65,1.61
9838,86212,104-CI-T30,FPQ-15259,SO-50103,DN-4326,Côte d'Ivoire,PMO - US,From RDC,N/A - From RDC,Truck,2014-10-24,2015-02-14,2015-08-14,2015-08-20,2015-08-25,ARV,Adult,SCMS from RDC,"Efavirenz 600mg, tablets, 30 Tabs",Efavirenz,Generic,600mg,Tablet,30,9800,31262.0,3.19,0.11,"Strides, Bangalore, India.",True,622.0,4958.0,36.8
9839,86213,103-ZW-T30,FPQ-15197,SO-50022,DN-4336,Zimbabwe,PMO - US,From RDC,N/A - From RDC,Truck,2014-10-16,2015-02-28,2015-08-31,2015-08-04,2015-08-11,ARV,Pediatric,SCMS from RDC,"Lamivudine/Zidovudine 30/60mg, dispersible tablets, 60 Tabs",Lamivudine/Zidovudine,Generic,30/60mg,Chewable/dispersible tablet - FDC,60,17660,35143.4,1.99,0.03,"Cipla, Goa, India",True,3595.0,0.0,41.36
9840,86216,107-RW-T30,FPQ-16571,SO-51740,DN-4345,Rwanda,PMO - US,From RDC,N/A - From RDC,Air,2015-07-07,2015-03-08,2015-09-08,2015-08-26,2015-09-02,ARV,Pediatric,SCMS from RDC,"Efavirenz 200mg, scored tablets, 90 Tabs",Efavirenz,Generic,200mg,Tablet,90,2434,22636.2,9.3,0.1,"Strides, Bangalore, India.",False,668.5,5865.805,26.64
9841,86235,154-NG-T30,FPQ-3815,SO-32270,DN-1311,Nigeria,PMO - US,From RDC,N/A - From RDC,Air Charter,2009-05-26,2009-01-30,2009-07-30,2009-08-04,2009-08-04,ARV,Adult,SCMS from RDC,"Efavirenz 600mg, tablets, 30 Tabs",Efavirenz,Generic,600mg,Tablet,30,301,2061.85,6.85,0.23,"Aurobindo Unit III, India",False,668.5,12601.07,4.04
9842,86236,154-NG-T30,FPQ-3815,SO-32271,DN-1312,Nigeria,PMO - US,From RDC,N/A - From RDC,Air,2009-05-26,2009-01-30,2009-07-30,2009-07-09,2009-07-09,ARV,Pediatric,SCMS from RDC,"Lamivudine/Nevirapine/Stavudine 30/50/6mg, dispersible tablets, 60 Tabs",Lamivudine/Nevirapine/Stavudine,Generic,30/50/6mg,Chewable/dispersible tablet - FDC,60,46,114.54,2.49,0.04,"Cipla, Goa, India",True,2.0,714.34,0.22
9843,86237,154-NG-T30,FPQ-3815,SO-32272,DN-1360,Nigeria,PMO - US,From RDC,N/A - From RDC,Air Charter,2009-05-26,2009-02-28,2009-08-31,2009-08-04,2009-08-04,ARV,Adult,SCMS from RDC,"Stavudine 30mg, capsules, 60 Caps",Stavudine,Generic,30mg,Capsule,60,45,65.7,1.46,0.02,"Aurobindo Unit III, India",False,13.0,12601.07,0.13
9844,86238,154-NG-T30,FPQ-3815,SO-32260,DN-1452,Nigeria,PMO - US,From RDC,N/A - From RDC,Air Charter,2009-05-26,2009-04-30,2009-10-30,2009-10-20,2009-10-20,ARV,Adult,SCMS from RDC,"Efavirenz 600mg, tablets, 30 Tabs",Efavirenz,Generic,600mg,Tablet,30,380,2363.6,6.22,0.21,"Aurobindo Unit III, India",False,44.0,12601.07,4.63
9845,86239,154-NG-T30,FPQ-3815,SO-32260,DN-1452,Nigeria,PMO - US,From RDC,N/A - From RDC,Air Charter,2009-05-26,2009-04-30,2009-10-30,2009-10-20,2009-10-20,ARV,Adult,SCMS from RDC,"Stavudine 30mg, capsules, 60 Caps",Stavudine,Generic,30mg,Capsule,60,63,91.98,1.46,0.02,"Aurobindo Unit III, India",False,32.0,12601.07,0.18
9846,86240,112-NG-T30,FPQ-4040,SO-32981,DN-1453,Nigeria,PMO - US,From RDC,N/A - From RDC,Air Charter,2009-07-29,2009-04-30,2009-10-31,2009-10-20,2009-10-20,ARV,Pediatric,SCMS from RDC,"Nevirapine 10mg/ml, oral suspension, Bottle, 240 ml",Nevirapine,Generic,10mg/ml,Oral suspension,240,1200,2304.0,1.92,0.01,"Aurobindo Unit III, India",True,445.0,9341.49,4.52
9847,86241,112-NG-T30,FPQ-4040,SO-32980,DN-1456,Nigeria,PMO - US,From RDC,N/A - From RDC,Air Charter,2009-07-29,2009-04-15,2009-10-15,2009-10-20,2009-10-20,ARV,Adult,SCMS from RDC,"Efavirenz 600mg, tablets, 30 Tabs",Efavirenz,Generic,600mg,Tablet,30,2200,13684.0,6.22,0.21,"Aurobindo Unit III, India",False,192.0,12601.07,26.82
9848,86242,123-NG-T30,FPQ-4395,SO-32971,DN-1493,Nigeria,PMO - US,From RDC,N/A - From RDC,Air Charter,2009-07-27,2009-06-18,2009-12-18,2009-11-20,2009-11-20,ARV,Adult,SCMS from RDC,"Nevirapine 200mg, tablets, 60 Tabs",Nevirapine,Generic,200mg,Tablet,60,20025,58072.5,2.9,0.05,"Aurobindo Unit III, India",False,668.5,12601.07,113.82
9849,86243,104-CI-T30,FPQ-3964,SO-34500,DN-1523,Côte d'Ivoire,PMO - US,From RDC,N/A - From RDC,Air,2009-07-24,2009-06-01,2009-12-01,2009-12-02,2009-12-02,ARV,Adult,SCMS from RDC,"Efavirenz 600mg, tablets, 30 Tabs",Efavirenz,Generic,600mg,Tablet,30,30464,176081.92,5.78,0.19,"Aurobindo Unit III, India",False,668.5,4063.81,345.12
9850,86244,104-CI-T30,FPQ-4187,SO-33470,DN-1525,Côte d'Ivoire,PMO - US,From RDC,N/A - From RDC,Air,2009-09-09,2009-06-01,2009-12-01,2009-12-02,2009-12-02,ARV,Pediatric,SCMS from RDC,"Lamivudine 10mg/ml, oral solution, Bottle, 240 ml",Lamivudine,Generic,10mg/ml,Oral solution,240,2000,3800.0,1.9,0.01,"Aurobindo Unit III, India",True,688.0,1211.48,7.45
9851,86245,114-UG-T30,FPQ-4454,SO-34300,DN-1551,Uganda,PMO - US,From RDC,N/A - From RDC,Air,2009-09-25,2009-07-17,2010-01-17,2009-11-25,2009-11-25,ARV,Adult,SCMS from RDC,"Lamivudine/Tenofovir Disoproxil Fumarate 300/300mg, tablets, 30 Tabs",Lamivudine/Tenofovir Disoproxil Fumarate,Generic,300/300mg,Tablet - FDC,30,2150,21500.0,10.0,0.33,Mylan (formerly Matrix) Nashik,True,179.0,2196.29,42.14
9852,86246,114-UG-T30,FPQ-4275,SO-33870,DN-1552,Uganda,PMO - US,From RDC,N/A - From RDC,Air,2009-09-17,2009-07-14,2010-01-14,2009-12-31,2009-12-31,ARV,Adult,SCMS from RDC,"Lamivudine/Zidovudine 150/300mg, tablets, 60 Tabs",Lamivudine/Zidovudine,Generic,150/300mg,Tablet - FDC,60,16575,145197.0,8.76,0.15,Mylan (formerly Matrix) Nashik,True,6843.0,7231.0,284.59
9853,86247,113-ZW-T30,FPQ-4472,SO-27200,DN-1554,Zimbabwe,PMO - US,From RDC,N/A - From RDC,Truck,2009-03-17,2009-06-18,2009-12-18,2009-12-07,2009-12-07,ARV,Adult,SCMS from RDC,"Lamivudine/Stavudine 150/30mg, tablets, 60 Tabs",Lamivudine/Stavudine,Generic,150/30mg,Tablet - FDC,60,4000,16000.0,4.0,0.07,"Cipla, Goa, India",False,810.0,6721.705,31.36
9854,86248,111-MZ-T30,FPQ-4471,SO-33600,DN-1587,Mozambique,PMO - US,From RDC,N/A - From RDC,Air,2009-09-14,2009-08-26,2010-02-26,2010-01-16,2010-01-16,ARV,Adult,SCMS from RDC,"Lamivudine/Zidovudine 150/300mg, tablets, 60 Tabs",Lamivudine/Zidovudine,Generic,150/300mg,Tablet - FDC,60,30564,267740.64,8.76,0.15,"Aurobindo Unit III, India",True,2773.0,6355.08,524.77
9855,86249,123-NG-T30,FPQ-4014,SO-32973,DN-1593,Nigeria,PMO - US,From RDC,N/A - From RDC,Air Charter,2009-07-27,2009-07-31,2010-01-31,2009-12-18,2009-12-18,ARV,Adult,SCMS from RDC,"Lamivudine/Zidovudine 150/300mg, tablets, 60 Tabs",Lamivudine/Zidovudine,Generic,150/300mg,Tablet - FDC,60,11949,104673.24,8.76,0.15,"Aurobindo Unit III, India",True,1084.0,11637.65,205.16
9856,86250,114-UG-T30,FPQ-4497,SO-34830,DN-1597,Uganda,PMO - US,From RDC,N/A - From RDC,Air,2009-10-28,2009-08-10,2010-02-10,2010-01-07,2010-01-07,ARV,Adult,SCMS from RDC,"Efavirenz 600mg, tablets, 30 Tabs",Efavirenz,Generic,600mg,Tablet,30,2500,14450.0,5.78,0.19,"Aurobindo Unit III, India",True,216.0,2064.42,31.15
9857,86251,114-UG-T30,FPQ-4497,SO-34840,DN-1598,Uganda,PMO - US,From RDC,N/A - From RDC,Air,2009-10-28,2009-08-17,2010-02-17,2009-12-23,2009-12-23,ARV,Adult,SCMS from RDC,"Lamivudine/Tenofovir Disoproxil Fumarate 300/300mg, tablets, 30 Tabs",Lamivudine/Tenofovir Disoproxil Fumarate,Generic,300/300mg,Tablet - FDC,30,1100,11000.0,10.0,0.33,Mylan (formerly Matrix) Nashik,False,127.0,2485.92,23.72
9858,86252,114-UG-T30,FPQ-4497,SO-34840,DN-1598,Uganda,PMO - US,From RDC,N/A - From RDC,Air,2009-10-28,2009-08-17,2010-02-17,2009-12-23,2009-12-23,ARV,Adult,SCMS from RDC,"Zidovudine 300mg, tablets, 60 Tabs",Zidovudine,Generic,300mg,Tablet,60,140,1054.2,7.53,0.13,"Aurobindo Unit III, India",False,17.0,2485.92,2.27
9859,86253,110-ZM-T30,FPQ-4272,SO-33680,DN-1603,Zambia,PMO - US,From RDC,N/A - From RDC,Air,2009-09-18,2009-07-17,2010-01-17,2010-01-11,2010-01-11,ARV,Adult,SCMS from RDC,"Lamivudine/Stavudine 150/30mg, tablets, 60 Tabs",Lamivudine/Stavudine,Generic,150/30mg,Tablet - FDC,60,80000,304000.0,3.8,0.06,"Strides, Bangalore, India.",True,4162.0,9939.38,595.84
9860,86254,117-ET-T30,FPQ-4668,SO-35240,DN-1604,Ethiopia,PMO - US,From RDC,N/A - From RDC,Air,2009-11-26,2009-07-04,2010-01-04,2009-12-18,2009-12-18,ARV,Adult,SCMS from RDC,"Lamivudine 150mg, tablets, 60 Tabs",Lamivudine,Generic,150mg,Tablet,60,8000,19520.0,2.44,0.04,Mylan (formerly Matrix) Nashik,True,425.0,2978.5,42.09
9861,86256,106-HT-T30,FPQ-4469,SO-34230,DN-1617,Haiti,PMO - US,From RDC,N/A - From RDC,Air,2009-09-23,2009-09-05,2010-03-05,2010-02-24,2010-02-24,ARV,Pediatric,SCMS from RDC,"Efavirenz 50mg, capsule, 30 Caps",Efavirenz,Generic,50mg,Capsule,30,1528,3422.72,2.24,0.07,"Aurobindo Unit III, India",False,668.5,2946.7200000000003,7.38
9862,86257,104-CI-T30,FPQ-3964,SO-34521,DN-1620,Côte d'Ivoire,PMO - US,From RDC,N/A - From RDC,Air,2009-07-24,2009-08-08,2010-02-08,2010-01-23,2010-01-23,ARV,Adult,SCMS from RDC,"Lamivudine/Nevirapine/Zidovudine 150/200/300mg, tablets, 60 Tabs",Lamivudine/Nevirapine/Zidovudine,Generic,150/300/200mg,Tablet - FDC,60,35000,392700.0,11.22,0.19,"Aurobindo Unit III, India",False,2657.0,4063.81,769.69
9863,86258,102-SD-T30,FPQ-3812,SO-34550,DN-1624,Sudan,PMO - US,From RDC,N/A - From RDC,Air,2009-06-03,2009-05-30,2009-11-30,2009-11-22,2009-11-22,HRDT,HIV test,SCMS from RDC,"HIV 1/2, Bioline 3.0 Kit, Lancets, Capillary pipets, Alcohol swabs included, 25 Tests","HIV 1/2, Bioline 3.0 Kit, Lancets, Capillary pipets, Alcohol swabs included",Bioline,no_dosage,Test kit,25,100,2000.0,20.0,0.8,"Standard Diagnostics, Korea",False,34.0,1193.15,3.92
9864,86259,114-UG-T30,FPQ-4496,SO-35010,DN-1632,Uganda,PMO - US,From RDC,N/A - From RDC,Truck,2009-10-28,2009-09-22,2010-03-22,2010-01-29,2010-01-29,ARV,Adult,SCMS from RDC,"Nevirapine 200mg, tablets, 60 Tabs",Nevirapine,Generic,200mg,Tablet,60,1600,4640.0,2.9,0.05,"Aurobindo Unit III, India",True,157.0,1601.5,10.0
9865,86260,114-UG-T30,FPQ-4497,SO-34820,DN-1633,Uganda,PMO - US,From RDC,N/A - From RDC,Truck,2009-10-28,2009-09-03,2010-03-03,2010-01-29,2010-01-29,ARV,Adult,SCMS from RDC,"Lamivudine/Nevirapine/Zidovudine 150/200/300mg, tablets, 60 Tabs",Lamivudine/Nevirapine/Zidovudine,Generic,150/300/200mg,Tablet - FDC,60,6600,74052.0,11.22,0.19,Mylan (formerly Matrix) Nashik,True,843.0,6470.51,159.66
9866,86261,114-UG-T30,FPQ-4275,SO-33960,DN-1634,Uganda,PMO - US,From RDC,N/A - From RDC,Truck,2009-09-17,2009-08-25,2010-02-25,2010-01-29,2010-01-29,ARV,Adult,SCMS from RDC,"Efavirenz 600mg, tablets, 30 Tabs",Efavirenz,Generic,600mg,Tablet,30,32660,188774.8,5.78,0.19,"Aurobindo Unit III, India",True,2804.0,5050.8,370.0
9867,86262,106-HT-T30,FPQ-4384,SO-34710,DN-1635,Haiti,PMO - US,From RDC,N/A - From RDC,Air,2009-10-23,2009-09-05,2010-03-05,2010-03-03,2010-03-03,ARV,Pediatric,SCMS from RDC,"Didanosine 200mg, chewable/dispersible tablets, 60 Tabs",Didanosine,Generic,200mg,Chewable/dispersible tablet,60,192,2976.0,15.5,0.26,"Aurobindo Unit III, India",True,40.0,12016.69,6.42
9868,86263,114-UG-T30,FPQ-4275,SO-35610,DN-1638,Uganda,PMO - US,From RDC,N/A - From RDC,Truck,2009-09-17,2009-08-25,2010-02-25,2010-02-18,2010-02-18,ARV,Adult,SCMS from RDC,"Lamivudine/Nevirapine/Zidovudine 150/200/300mg, tablets, 60 Tabs",Lamivudine/Nevirapine/Zidovudine,Generic,150/300/200mg,Tablet - FDC,60,29,325.38,11.22,0.19,"Aurobindo Unit III, India",False,5134.0,5458.45,0.64
9869,86265,104-CI-T30,FPQ-4659,SO-35810,DN-1641,Côte d'Ivoire,PMO - US,From RDC,N/A - From RDC,Air,2009-12-08,2009-11-10,2010-05-10,2010-02-15,2010-02-15,ARV,Adult,SCMS from RDC,"Nevirapine 200mg, tablets, 60 Tabs",Nevirapine,Generic,200mg,Tablet,60,4149,11326.77,2.73,0.05,"Aurobindo Unit III, India",True,394.0,1083.3,24.42
9870,86266,114-UG-T30,FPQ-4325,SO-35650,DN-1645,Uganda,PMO - US,From RDC,N/A - From RDC,Air,2009-09-23,2009-09-19,2010-03-19,2010-02-26,2010-02-26,ARV,Adult,SCMS from RDC,"Zidovudine 300mg, tablets, 60 Tabs",Zidovudine,Generic,300mg,Tablet,60,744,5602.32,7.53,0.13,"Aurobindo Unit III, India",True,41.0,1152.14,10.98
9871,86267,114-UG-T30,FPQ-4497,SO-35850,DN-1649,Uganda,PMO - US,From RDC,N/A - From RDC,Air,2009-10-28,2009-11-20,2010-05-20,2009-12-23,2009-12-23,ARV,Adult,SCMS from RDC,"Zidovudine 300mg, tablets, 60 Tabs",Zidovudine,Generic,300mg,Tablet,60,6,45.18,7.53,0.13,"Aurobindo Unit III, India",True,9.0,2485.92,0.1
9872,86268,110-ZM-T30,FPQ-4273,SO-35830,DN-1650,Zambia,PMO - US,From RDC,N/A - From RDC,Truck,2009-09-17,2009-09-15,2010-03-15,2010-03-05,2010-03-05,ARV,Adult,SCMS from RDC,"Zidovudine 300mg, tablets, 60 Tabs",Zidovudine,Generic,300mg,Tablet,60,60683,456942.99,7.53,0.13,Hetero Unit III Hyderabad IN,True,3325.0,3379.64,895.61
9873,86269,104-CI-T30,FPQ-4659,SO-35581,DN-1655,Côte d'Ivoire,PMO - US,From RDC,N/A - From RDC,Air,2009-12-08,2009-12-28,2010-06-28,2010-03-01,2010-03-01,ARV,Adult,SCMS from RDC,"Stavudine 15mg, capsules, 60 Caps",Stavudine,Generic,15mg,Capsule,60,864,1296.0,1.5,0.02,"Aurobindo Unit III, India",True,56.0,3688.33,2.79
9874,86270,113-ZW-T30,FPQ-4694,SO-35390,DN-1659,Zimbabwe,PMO - US,From RDC,N/A - From RDC,Truck,2009-12-08,2009-09-30,2010-03-31,2010-03-12,2010-03-12,ARV,Adult,SCMS from RDC,"Lamivudine/Stavudine 150/30mg, tablets, 60 Tabs",Lamivudine/Stavudine,Generic,150/30mg,Tablet - FDC,60,1900,6460.0,3.4,0.06,"Cipla, Goa, India",False,2356.0,6721.705,13.93
9875,86271,113-ZW-T30,FPQ-4688,SO-35410,DN-1660,Zimbabwe,PMO - US,From RDC,N/A - From RDC,Air,2009-12-08,2009-09-30,2010-03-31,2010-03-12,2010-03-12,ARV,Adult,SCMS from RDC,"Lamivudine/Stavudine 150/30mg, tablets, 60 Tabs",Lamivudine/Stavudine,Generic,150/30mg,Tablet - FDC,60,1900,6460.0,3.4,0.06,"Cipla, Goa, India",False,2356.0,12894.85,13.93
9876,86272,106-HT-T30,FPQ-4384,SO-35670,DN-1664,Haiti,PMO - US,From RDC,N/A - From RDC,Air,2009-10-23,2009-09-10,2010-03-10,2010-03-03,2010-03-03,ARV,Adult,SCMS from RDC,"Stavudine 30mg, capsules, 60 Caps",Stavudine,Generic,30mg,Capsule,60,3690,5387.4,1.46,0.02,"Strides, Bangalore, India.",True,177.0,6036.96,11.62
9877,86273,106-HT-T30,FPQ-4469,SO-35530,DN-1666,Haiti,PMO - US,From RDC,N/A - From RDC,Air,2009-09-23,2009-09-12,2010-03-12,2010-03-03,2010-03-03,ARV,Adult,SCMS from RDC,"Lamivudine/Zidovudine 150/300mg, tablets, 60 Tabs",Lamivudine/Zidovudine,Generic,150/300mg,Tablet - FDC,60,19056,166930.56,8.76,0.15,Mylan (formerly Matrix) Nashik,True,1517.0,6036.96,359.9
9878,86274,106-HT-T30,FPQ-4384,SO-35920,DN-1667,Haiti,PMO - US,From RDC,N/A - From RDC,Air,2009-10-23,2009-09-10,2010-03-10,2010-03-03,2010-03-03,ARV,Adult,SCMS from RDC,"Lamivudine 150mg, tablets, 60 Tabs",Lamivudine,Generic,150mg,Tablet,60,7920,19324.8,2.44,0.04,"Aurobindo Unit III, India",False,668.5,2946.7200000000003,41.66
9879,86275,111-MZ-T30,FPQ-4711,SO-35720,DN-1679,Mozambique,PMO - US,From RDC,N/A - From RDC,Truck,2009-12-23,2009-10-28,2010-04-28,2010-04-28,2010-04-28,ARV,Adult,SCMS from RDC,"Lamivudine/Stavudine 150/30mg, tablets, 60 Tabs",Lamivudine/Stavudine,Generic,150/30mg,Tablet - FDC,60,24880,84592.0,3.4,0.06,"Strides, Bangalore, India.",True,1401.0,4764.16,182.38
9880,86276,111-MZ-T30,FPQ-4711,SO-35720,DN-1679,Mozambique,PMO - US,From RDC,N/A - From RDC,Truck,2009-12-23,2009-10-28,2010-04-28,2010-04-28,2010-04-28,ARV,Adult,SCMS from RDC,"Lamivudine/Stavudine 150/30mg, tablets, 60 Tabs",Lamivudine/Stavudine,Generic,150/30mg,Tablet - FDC,60,1340,4556.0,3.4,0.06,"Cipla, Goa, India",False,668.5,5192.68,9.82
9881,86277,151-NG-T30,FPQ-4537,SO-35031,DN-1683,Nigeria,PMO - US,From RDC,N/A - From RDC,Air Charter,2009-11-06,2009-10-19,2010-04-19,2010-03-31,2010-03-31,ARV,Adult,SCMS from RDC,"Lamivudine 150mg, tablets, 60 Tabs",Lamivudine,Generic,150mg,Tablet,60,64,156.16,2.44,0.04,"Aurobindo Unit III, India",True,4.0,124350.82,0.34
9882,86278,114-UG-T30,FPQ-5014,SO-35860,DN-1697,Uganda,PMO - US,From RDC,N/A - From RDC,Air,2010-01-29,2009-10-01,2010-04-01,2010-03-25,2010-03-25,ARV,Adult,SCMS from RDC,"Lamivudine/Tenofovir Disoproxil Fumarate 300/300mg, tablets, 30 Tabs",Lamivudine/Tenofovir Disoproxil Fumarate,Generic,300/300mg,Tablet - FDC,30,2000,20000.0,10.0,0.33,Mylan (formerly Matrix) Nashik,True,168.0,1905.63,43.12
9883,86279,151-NG-T30,FPQ-4537,SO-34896,DN-1706,Nigeria,PMO - US,From RDC,N/A - From RDC,Air Charter,2009-11-06,2009-10-19,2010-04-19,2010-03-31,2010-03-31,ARV,Adult,SCMS from RDC,"Nevirapine 200mg, tablets, 60 Tabs",Nevirapine,Generic,200mg,Tablet,60,3948,10778.04,2.73,0.05,"Aurobindo Unit III, India",True,380.0,0.0,23.24
9884,86280,151-NG-T30,FPQ-4537,SO-35064,DN-1722,Nigeria,PMO - US,From RDC,N/A - From RDC,Air Charter,2009-11-06,2009-10-19,2010-04-19,2010-03-31,2010-03-31,ARV,Adult,SCMS from RDC,"Lamivudine/Nevirapine/Zidovudine 150/200/300mg, tablets, 60 Tabs",Lamivudine/Nevirapine/Zidovudine,Generic,150/300/200mg,Tablet - FDC,60,7583,85081.26,11.22,0.19,"Aurobindo Unit III, India",True,890.0,0.0,183.44
9885,86281,151-NG-T30,FPQ-4537,SO-35131,DN-1736,Nigeria,PMO - US,From RDC,N/A - From RDC,Air Charter,2009-11-06,2009-11-30,2010-05-31,2010-03-31,2010-03-31,ARV,Adult,SCMS from RDC,"Stavudine 20mg, capsules, 60 Caps",Stavudine,Generic,20mg,Capsule,60,61,87.23,1.43,0.02,"Aurobindo Unit III, India",True,4.0,0.0,0.19
9886,86282,151-NG-T30,FPQ-4537,SO-35042,DN-1702,Nigeria,PMO - US,From RDC,N/A - From RDC,Air Charter,2009-11-06,2009-10-19,2010-04-19,2010-03-31,2010-03-31,ARV,Adult,SCMS from RDC,"Lamivudine/Nevirapine/Stavudine 150/200/30mg, tablets, 60 Tabs",Lamivudine/Nevirapine/Stavudine,Generic,150/200/30mg,Tablet - FDC,60,11332,69238.52,6.11,0.1,"Strides, Bangalore, India.",True,855.0,0.0,149.28
9887,86283,151-NG-T30,FPQ-4537,SO-35052,DN-1717,Nigeria,PMO - US,From RDC,N/A - From RDC,Air Charter,2009-11-06,2009-10-19,2010-04-19,2010-03-31,2010-03-31,ARV,Adult,SCMS from RDC,"Lamivudine/Zidovudine 150/300mg, tablets, 60 Tabs",Lamivudine/Zidovudine,Generic,150/300mg,Tablet - FDC,60,10773,94371.48,8.76,0.15,Mylan (formerly Matrix) Nashik,True,859.0,0.0,203.46
9888,86284,151-NG-T30,FPQ-4537,SO-35120,DN-1741,Nigeria,PMO - US,From RDC,N/A - From RDC,Air Charter,2009-11-06,2009-09-30,2010-03-31,2010-03-31,2010-03-31,ARV,Adult,SCMS from RDC,"Lamivudine/Stavudine 150/30mg, tablets, 60 Tabs",Lamivudine/Stavudine,Generic,150/30mg,Tablet - FDC,60,28,95.2,3.4,0.06,"Strides, Bangalore, India.",True,2.0,0.0,0.21
9889,86285,151-NG-T30,FPQ-4537,SO-35091,DN-1694,Nigeria,PMO - US,From RDC,N/A - From RDC,Air Charter,2009-11-06,2009-10-19,2010-04-19,2010-03-31,2010-03-31,ARV,Adult,SCMS from RDC,"Zidovudine 300mg, tablets, 60 Tabs",Zidovudine,Generic,300mg,Tablet,60,5000,37500.0,7.5,0.12,Mylan (formerly Matrix) Nashik,True,264.0,0.0,80.85
9890,86286,151-NG-T30,FPQ-4537,SO-35093,DN-1744,Nigeria,PMO - US,From RDC,N/A - From RDC,Air Charter,2009-11-06,2009-10-19,2010-04-19,2010-03-31,2010-03-31,ARV,Adult,SCMS from RDC,"Zidovudine 300mg, tablets, 60 Tabs",Zidovudine,Generic,300mg,Tablet,60,1000,7500.0,7.5,0.12,Mylan (formerly Matrix) Nashik,True,132.0,12601.07,16.17
9891,86287,151-NG-T30,FPQ-4537,SO-34900,DN-1708,Nigeria,PMO - US,From RDC,N/A - From RDC,Air Charter,2009-11-06,2009-09-30,2010-03-31,2010-03-31,2010-03-31,ARV,Pediatric,SCMS from RDC,"Efavirenz 200mg, capsule, 90 Caps",Efavirenz,Generic,200mg,Capsule,90,1000,10070.0,10.07,0.11,"Aurobindo Unit III, India",True,119.0,0.0,21.71
9892,86288,114-UG-T30,FPQ-4275,SO-35690,DN-1754,Uganda,PMO - US,From RDC,N/A - From RDC,Truck,2009-09-17,2009-10-01,2010-04-01,2010-03-25,2010-03-25,ARV,Adult,SCMS from RDC,"Lamivudine/Nevirapine/Zidovudine 150/200/300mg, tablets, 60 Tabs",Lamivudine/Nevirapine/Zidovudine,Generic,150/300/200mg,Tablet - FDC,60,3354,37631.88,11.22,0.19,"Aurobindo Unit III, India",True,393.0,1694.0,73.76
9893,86289,104-CI-T30,FPQ-4378,SO-34373,DN-1764,Côte d'Ivoire,PMO - US,From RDC,N/A - From RDC,Air,2009-10-15,2009-10-06,2010-04-06,2010-04-01,2010-04-01,ARV,Adult,SCMS from RDC,"Zidovudine 300mg, tablets, 60 Tabs",Zidovudine,Generic,300mg,Tablet,60,915,6889.95,7.53,0.13,"Aurobindo Unit III, India",True,51.0,1702.92,13.5
9894,86290,109-TZ-T30,FPQ-5237,SO-36220,DN-1768,Tanzania,PMO - US,From RDC,N/A - From RDC,Air,2010-03-01,2010-01-21,2010-07-21,2010-04-21,2010-04-21,ARV,Adult,SCMS from RDC,"Nevirapine 200mg, tablets, 60 Tabs",Nevirapine,Generic,200mg,Tablet,60,3319,9060.87,2.73,0.05,"Aurobindo Unit III, India",True,699.0,3952.34,19.54
9895,86291,109-TZ-T30,FPQ-5237,SO-36220,DN-1768,Tanzania,PMO - US,From RDC,N/A - From RDC,Air,2010-03-01,2010-01-21,2010-07-21,2010-04-21,2010-04-21,ARV,Adult,SCMS from RDC,"Nevirapine 200mg, tablets, 60 Tabs",Nevirapine,Generic,200mg,Tablet,60,3529,9634.17,2.73,0.05,"Cipla, Goa, India",False,668.5,8925.0,20.77
9896,86293,110-ZM-T30,FPQ-4273,SO-33720,DN-1775,Zambia,PMO - US,From RDC,N/A - From RDC,Truck,2009-09-17,2009-10-30,2010-04-30,2010-04-16,2010-04-16,ARV,Adult,SCMS from RDC,"Efavirenz 600mg, tablets, 30 Tabs",Efavirenz,Generic,600mg,Tablet,30,115000,546250.0,4.75,0.16,Mylan (formerly Matrix) Nashik,False,10504.0,6476.695,1070.65
9897,86294,151-NG-T30,FPQ-4537,SO-34913,DN-1780,Nigeria,PMO - US,From RDC,N/A - From RDC,Air Charter,2009-11-06,2009-11-30,2010-05-31,2010-05-18,2010-05-18,ARV,Adult,SCMS from RDC,"Efavirenz 600mg, tablets, 30 Tabs",Efavirenz,Generic,600mg,Tablet,30,12240,58140.0,4.75,0.16,"Aurobindo Unit III, India",True,1082.0,9736.1,125.35
9898,86295,151-NG-T30,FPQ-4537,SO-34917,DN-1782,Nigeria,PMO - US,From RDC,N/A - From RDC,Air Charter,2009-11-06,2009-11-30,2010-05-31,2010-05-18,2010-05-18,ARV,Adult,SCMS from RDC,"Efavirenz 600mg, tablets, 30 Tabs",Efavirenz,Generic,600mg,Tablet,30,336,1596.0,4.75,0.16,"Aurobindo Unit III, India",True,30.0,9736.1,3.44
9899,86296,111-MZ-T30,FPQ-4711,SO-35750,DN-1795,Mozambique,PMO - US,From RDC,N/A - From RDC,Truck,2009-12-23,2009-12-21,2010-06-21,2010-06-14,2010-06-14,ARV,Adult,SCMS from RDC,"Lamivudine/Stavudine 150/30mg, tablets, 60 Tabs",Lamivudine/Stavudine,Generic,150/30mg,Tablet - FDC,60,8670,29478.0,3.4,0.06,"Cipla, Goa, India",False,668.5,5192.68,63.55
9900,86297,111-MZ-T30,FPQ-4711,SO-35750,DN-1795,Mozambique,PMO - US,From RDC,N/A - From RDC,Truck,2009-12-23,2009-12-21,2010-06-21,2010-06-14,2010-06-14,ARV,Adult,SCMS from RDC,"Zidovudine 300mg, tablets, 60 Tabs",Zidovudine,Generic,300mg,Tablet,60,5040,36338.4,7.21,0.12,Hetero Unit III Hyderabad IN,False,301.0,5192.68,78.35
9901,86298,151-NG-T30,FPQ-4537,SO-35021,DN-1802,Nigeria,PMO - US,From RDC,N/A - From RDC,Air Charter,2009-11-06,2009-11-30,2010-05-31,2010-05-18,2010-05-18,ARV,Adult,SCMS from RDC,"Efavirenz/Emtricitabine/Tenofovir Disoproxil Fumarate 600/200/300mg, tablets, 30 Tabs",Efavirenz/Emtricitabine/Tenofovir Disoproxil Fumarate,Generic,600/200/300mg,Tablet - FDC,30,52000,1035840.0,19.92,0.66,Mylan (formerly Matrix) Nashik,True,5701.0,9736.1,2233.27
9902,86299,151-NG-T30,FPQ-4537,SO-35022,DN-1803,Nigeria,PMO - US,From RDC,N/A - From RDC,Air Charter,2009-11-06,2009-11-30,2010-05-31,2010-05-18,2010-05-18,ARV,Adult,SCMS from RDC,"Efavirenz/Emtricitabine/Tenofovir Disoproxil Fumarate 600/200/300mg, tablets, 30 Tabs",Efavirenz/Emtricitabine/Tenofovir Disoproxil Fumarate,Generic,600/200/300mg,Tablet - FDC,30,11040,219916.8,19.92,0.66,Mylan (formerly Matrix) Nashik,True,1210.0,9736.1,474.14
9903,86300,151-NG-T30,FPQ-4537,SO-35023,DN-1806,Nigeria,PMO - US,From RDC,N/A - From RDC,Air Charter,2009-11-06,2009-11-30,2010-05-31,2010-05-18,2010-05-18,ARV,Adult,SCMS from RDC,"Efavirenz/Emtricitabine/Tenofovir Disoproxil Fumarate 600/200/300mg, tablets, 30 Tabs",Efavirenz/Emtricitabine/Tenofovir Disoproxil Fumarate,Generic,600/200/300mg,Tablet - FDC,30,3000,59760.0,19.92,0.66,Mylan (formerly Matrix) Nashik,True,329.0,9736.1,128.84
9904,86301,151-NG-T30,FPQ-4537,SO-36009,DN-1808,Nigeria,PMO - US,From RDC,N/A - From RDC,Air Charter,2009-11-06,2009-11-30,2010-05-31,2010-05-18,2010-05-18,ARV,Adult,SCMS from RDC,"Emtricitabine/Tenofovir Disoproxil Fumarate 200/300mg, tablets, 30 Tabs",Emtricitabine/Tenofovir Disoproxil Fumarate,Generic,200/300mg,Tablet - FDC,30,109140,1282395.0,11.75,0.39,Mylan (formerly Matrix) Nashik,True,8735.0,9736.1,2764.84
9905,86302,106-HT-T30,FPQ-4384,SO-36190,DN-1812,Haiti,PMO - US,From RDC,N/A - From RDC,Air,2009-10-23,2009-11-17,2010-05-17,2010-05-19,2010-05-19,ARV,Adult,SCMS from RDC,"Nevirapine 200mg, tablets, 60 Tabs",Nevirapine,Generic,200mg,Tablet,60,26400,70224.0,2.66,0.04,"Strides, Bangalore, India.",True,1456.0,25493.03,151.4
9906,86303,151-NG-T30,FPQ-4537,SO-36000,DN-1815,Nigeria,PMO - US,From RDC,N/A - From RDC,Air Charter,2009-11-06,2009-11-30,2010-05-31,2010-05-18,2010-05-18,ARV,Adult,SCMS from RDC,"Nevirapine 200mg, tablets, 60 Tabs",Nevirapine,Generic,200mg,Tablet,60,10000,26600.0,2.66,0.04,"Strides, Bangalore, India.",True,549.0,9736.1,57.35
9907,86304,104-CI-T30,FPQ-4659,SO-35560,DN-1799,Côte d'Ivoire,PMO - US,From RDC,N/A - From RDC,Air,2009-12-08,2009-11-10,2010-05-10,2010-05-07,2010-05-07,ARV,Adult,SCMS from RDC,"Lamivudine/Zidovudine 150/300mg, tablets, 60 Tabs",Lamivudine/Zidovudine,Generic,150/300mg,Tablet - FDC,60,45024,384955.2,8.55,0.14,Mylan (formerly Matrix) Nashik,False,668.5,4063.81,829.96
9908,86305,113-ZW-T30,FPQ-4472,SO-35910,DN-1831,Zimbabwe,PMO - US,From RDC,N/A - From RDC,Air,2009-03-17,2009-11-28,2010-05-28,2010-05-31,2010-05-31,ARV,Adult,SCMS from RDC,"Lamivudine/Nevirapine/Stavudine 150/200/30mg, tablets, 60 Tabs",Lamivudine/Nevirapine/Stavudine,Generic,150/200/30mg,Tablet - FDC,60,28610,167368.5,5.85,0.1,"Strides, Bangalore, India.",False,668.5,12894.85,328.04
9909,86306,111-MZ-T30,FPQ-4711,SO-35730,DN-1832,Mozambique,PMO - US,From RDC,N/A - From RDC,Truck,2009-12-23,2009-12-30,2010-06-30,2010-06-14,2010-06-14,ARV,Adult,SCMS from RDC,"Lamivudine/Nevirapine/Zidovudine 150/200/300mg, tablets, 60 Tabs",Lamivudine/Nevirapine/Zidovudine,Generic,150/300/200mg,Tablet - FDC,60,13446,150864.12,11.22,0.19,Mylan (formerly Matrix) Nashik,False,668.5,5192.68,325.26
9910,86307,104-CI-T30,FPQ-5619,SO-36821,DN-1850,Côte d'Ivoire,PMO - US,From RDC,N/A - From RDC,Air,2010-05-02,2009-12-03,2010-06-03,2010-06-07,2010-06-07,ARV,Adult,SCMS from RDC,"Tenofovir Disoproxil Fumarate 300mg, tablets, 30 Tabs",Tenofovir Disoproxil Fumarate,Generic,300mg,Tablet,30,488,3728.32,7.64,0.25,Mylan (formerly Matrix) Nashik,True,28.0,2677.09,8.04
9911,86308,117-ET-T30,FPQ-5581,SO-36690,DN-1857,Ethiopia,PMO - US,From RDC,N/A - From RDC,Air,2010-04-28,2009-12-21,2010-06-21,2010-06-01,2010-06-01,ARV,Adult,SCMS from RDC,"Lamivudine 150mg, tablets, 60 Tabs",Lamivudine,Generic,150mg,Tablet,60,1481,3613.64,2.44,0.04,Mylan (formerly Matrix) Nashik,False,141.0,4672.77,7.79
9912,86309,110-ZM-T30,FPQ-4356,SO-34130,DN-1865,Zambia,PMO - US,From RDC,N/A - From RDC,Truck,2009-09-25,2009-12-30,2010-06-30,2010-06-29,2010-06-29,ARV,Adult,SCMS from RDC,"Lamivudine/Zidovudine 150/300mg, tablets, 60 Tabs",Lamivudine/Zidovudine,Generic,150/300mg,Tablet - FDC,60,100000,876000.0,8.76,0.15,Hetero Unit III Hyderabad IN,True,8544.0,11054.56,1716.96
9913,86310,104-CI-T30,FPQ-5623,SO-36861,DN-1872,Côte d'Ivoire,PMO - US,From RDC,N/A - From RDC,Air,2010-05-07,2010-01-05,2010-07-05,2010-06-30,2010-06-30,ARV,Adult,SCMS from RDC,"Lamivudine/Stavudine 150/30mg, tablets, 60 Tabs",Lamivudine/Stavudine,Generic,150/30mg,Tablet - FDC,60,8021,26308.88,3.28,0.05,"Cipla, Goa, India",True,611.0,17117.51,56.72
9914,86311,104-CI-T30,FPQ-4659,SO-35570,DN-1876,Côte d'Ivoire,PMO - US,From RDC,N/A - From RDC,Air,2009-12-08,2010-01-09,2010-07-09,2010-07-05,2010-07-05,ARV,Adult,SCMS from RDC,"Abacavir/Lamivudine 600/300mg, scored tablets, 30 Tabs",Abacavir/Lamivudine,Generic,600/300mg,Tablet - FDC,30,1200,27600.0,23.0,0.77,Mylan (formerly Matrix) Nashik,True,108.0,5121.68,59.51
9915,86312,151-NG-T30,FPQ-5023,SO-36430,DN-1881,Nigeria,PMO - US,From RDC,N/A - From RDC,Air,2010-02-10,2010-01-15,2010-07-15,2010-06-28,2010-06-28,ARV,Adult,SCMS from RDC,"Lamivudine/Nevirapine/Zidovudine 150/200/300mg, tablets, 60 Tabs",Lamivudine/Nevirapine/Zidovudine,Generic,150/300/200mg,Tablet - FDC,60,51132,573701.04,11.22,0.19,"Aurobindo Unit III, India",True,6002.0,0.0,1236.9
9916,86313,151-NG-T30,FPQ-5023,SO-36440,DN-1898,Nigeria,PMO - US,From RDC,N/A - From RDC,Air,2010-02-10,2010-01-15,2010-07-15,2010-06-28,2010-06-28,ARV,Adult,SCMS from RDC,"Efavirenz 600mg, tablets, 30 Tabs",Efavirenz,Generic,600mg,Tablet,30,5705,26243.0,4.6,0.15,"Aurobindo Unit III, India",False,668.5,0.0,56.58
9917,86314,151-NG-T30,FPQ-5023,SO-36442,DN-1900,Nigeria,PMO - US,From RDC,N/A - From RDC,Air,2010-02-10,2010-01-15,2010-07-15,2010-06-28,2010-06-28,ARV,Adult,SCMS from RDC,"Efavirenz 600mg, tablets, 30 Tabs",Efavirenz,Generic,600mg,Tablet,30,10000,46000.0,4.6,0.15,"Aurobindo Unit III, India",True,857.0,0.0,99.18
9918,86315,151-NG-T30,FPQ-5023,SO-36493,DN-1912,Nigeria,PMO - US,From RDC,N/A - From RDC,Air,2010-02-10,2010-01-15,2010-07-15,2010-06-28,2010-06-28,ARV,Adult,SCMS from RDC,"Lamivudine 150mg, tablets, 60 Tabs",Lamivudine,Generic,150mg,Tablet,60,64,156.16,2.44,0.04,"Aurobindo Unit III, India",True,3.0,0.0,0.34
9919,86316,151-NG-T30,FPQ-5023,SO-36501,DN-1914,Nigeria,PMO - US,From RDC,N/A - From RDC,Air,2010-02-10,2010-01-15,2010-07-15,2010-06-28,2010-06-28,ARV,Adult,SCMS from RDC,"Zidovudine 300mg, tablets, 60 Tabs",Zidovudine,Generic,300mg,Tablet,60,3000,22500.0,7.5,0.12,"Aurobindo Unit III, India",True,165.0,0.0,48.51
9920,86317,113-ZW-T30,FPQ-4694,SO-35351,DN-1948,Zimbabwe,PMO - US,From RDC,N/A - From RDC,Air,2009-12-08,2010-01-30,2010-07-30,2010-07-22,2010-07-22,ARV,Adult,SCMS from RDC,"Lamivudine/Stavudine 150/30mg, tablets, 60 Tabs",Lamivudine/Stavudine,Generic,150/30mg,Tablet - FDC,60,99,324.72,3.28,0.05,"Cipla, Goa, India",False,668.5,12894.85,0.7
9921,86318,151-NG-T30,FPQ-5023,SO-36434,DN-1885,Nigeria,PMO - US,From RDC,N/A - From RDC,Air,2010-02-10,2010-02-28,2010-08-31,2010-08-17,2010-08-17,ARV,Adult,SCMS from RDC,"Lamivudine/Nevirapine/Zidovudine 150/200/300mg, tablets, 60 Tabs",Lamivudine/Nevirapine/Zidovudine,Generic,150/300/200mg,Tablet - FDC,60,5000,56100.0,11.22,0.19,"Aurobindo Unit III, India",True,608.0,6147.18,120.95
9922,86319,117-ET-T30,FPQ-5967,SO-37100,DN-1951,Ethiopia,PMO - US,From RDC,N/A - From RDC,Air,2010-06-28,2010-03-21,2010-09-21,2010-07-19,2010-07-19,ARV,Adult,SCMS from RDC,"Lamivudine/Nevirapine/Stavudine 150/200/30mg, tablets, 60 Tabs",Lamivudine/Nevirapine/Stavudine,Generic,150/200/30mg,Tablet - FDC,60,11485,65809.05,5.73,0.1,"Strides, Bangalore, India.",False,668.5,4672.77,141.88
9923,86320,151-NG-T30,FPQ-5023,SO-36438,DN-1957,Nigeria,PMO - US,From RDC,N/A - From RDC,Air Charter,2010-02-10,2010-02-16,2010-08-16,2010-08-17,2010-08-17,ARV,Adult,SCMS from RDC,"Lamivudine/Nevirapine/Zidovudine 150/200/300mg, tablets, 60 Tabs",Lamivudine/Nevirapine/Zidovudine,Generic,150/300/200mg,Tablet - FDC,60,40750,457215.0,11.22,0.19,"Aurobindo Unit III, India",True,5366.0,6147.18,985.76
9924,86321,106-HT-T30,FPQ-5523,SO-36760,DN-1964,Haiti,PMO - US,From RDC,N/A - From RDC,Air,2010-04-19,2010-02-10,2010-08-10,2010-08-23,2010-08-23,ARV,Pediatric,SCMS from RDC,"Zidovudine 10mg/ml, oral solution, Bottle, 240 ml",Zidovudine,Generic,10mg/ml,Oral solution,240,4672,9437.44,2.02,0.01,"Aurobindo Unit III, India",False,668.5,2946.7200000000003,20.35
9925,86322,151-NG-T30,FPQ-5688,SO-36910,DN-1969,Nigeria,PMO - US,From RDC,N/A - From RDC,Air Charter,2010-05-27,2010-02-28,2010-08-31,2010-08-17,2010-08-17,ARV,Adult,SCMS from RDC,"Emtricitabine/Tenofovir Disoproxil Fumarate 200/300mg, tablets, 30 Tabs",Emtricitabine/Tenofovir Disoproxil Fumarate,Generic,200/300mg,Tablet - FDC,30,65502,769648.5,11.75,0.39,Mylan (formerly Matrix) Nashik,True,5896.0,6147.18,1659.36
9926,86323,151-NG-T30,FPQ-5688,SO-36912,DN-1970,Nigeria,PMO - US,From RDC,N/A - From RDC,Air Charter,2010-05-27,2010-02-28,2010-08-31,2010-08-17,2010-08-17,ARV,Adult,SCMS from RDC,"Emtricitabine/Tenofovir Disoproxil Fumarate 200/300mg, tablets, 30 Tabs",Emtricitabine/Tenofovir Disoproxil Fumarate,Generic,200/300mg,Tablet - FDC,30,10000,117500.0,11.75,0.39,Mylan (formerly Matrix) Nashik,True,900.0,6147.18,253.33
9927,86324,151-NG-T30,FPQ-5688,SO-36914,DN-1972,Nigeria,PMO - US,From RDC,N/A - From RDC,Air Charter,2010-05-27,2010-02-28,2010-08-31,2010-08-17,2010-08-17,ARV,Adult,SCMS from RDC,"Emtricitabine/Tenofovir Disoproxil Fumarate 200/300mg, tablets, 30 Tabs",Emtricitabine/Tenofovir Disoproxil Fumarate,Generic,200/300mg,Tablet - FDC,30,2500,29375.0,11.75,0.39,Mylan (formerly Matrix) Nashik,True,225.0,6147.18,63.33
9928,86325,151-NG-T30,FPQ-5688,SO-36935,DN-1979,Nigeria,PMO - US,From RDC,N/A - From RDC,Air Charter,2010-05-27,2010-02-28,2010-08-31,2010-08-17,2010-08-17,ARV,Adult,SCMS from RDC,"Lamivudine/Nevirapine/Zidovudine 150/200/300mg, tablets, 60 Tabs",Lamivudine/Nevirapine/Zidovudine,Generic,150/300/200mg,Tablet - FDC,60,1700,19074.0,11.22,0.19,"Aurobindo Unit III, India",True,224.0,6147.18,41.12
9929,86326,104-CI-T30,FPQ-5201,SO-36311,DN-1982,Côte d'Ivoire,PMO - US,From RDC,N/A - From RDC,Air,2010-03-03,2010-02-23,2010-08-23,2010-08-23,2010-08-23,ARV,Adult,SCMS from RDC,"Emtricitabine/Tenofovir Disoproxil Fumarate 200/300mg [Truvada], tablets, 30 Tabs",Emtricitabine/Tenofovir Disoproxil Fumarate,Truvada,300/200mg,Tablet - FDC,30,4080,107100.0,26.25,0.88,"Aspen-OSD, Port Elizabeth, SA",False,668.5,4063.81,230.91
9930,86327,104-CI-T30,FPQ-5925,SO-37141,DN-1983,Côte d'Ivoire,PMO - US,From RDC,N/A - From RDC,Air,2010-06-23,2010-02-28,2010-08-31,2010-08-23,2010-08-23,ARV,Adult,SCMS from RDC,"Stavudine 15mg, capsules, 60 Caps",Stavudine,Generic,15mg,Capsule,60,864,1296.0,1.5,0.02,"Aurobindo Unit III, India",False,56.0,4063.81,2.79
9931,86328,104-CI-T30,FPQ-5623,SO-36890,DN-1984,Côte d'Ivoire,PMO - US,From RDC,N/A - From RDC,Air,2010-05-07,2010-02-28,2010-08-31,2010-08-23,2010-08-23,ARV,Adult,SCMS from RDC,"Lamivudine 150mg, tablets, 60 Tabs",Lamivudine,Generic,150mg,Tablet,60,12386,28859.38,2.33,0.04,"Aurobindo Unit III, India",False,668.5,4063.81,62.22
9932,86329,151-NG-T30,FPQ-5023,SO-36464,DN-1994,Nigeria,PMO - US,From RDC,N/A - From RDC,Air Charter,2010-02-10,2010-02-12,2010-08-12,2010-08-17,2010-08-17,ARV,Adult,SCMS from RDC,"Nevirapine 200mg, tablets, 60 Tabs",Nevirapine,Generic,200mg,Tablet,60,1400,3822.0,2.73,0.05,"Strides, Bangalore, India.",False,209.0,12601.07,8.24
9933,86330,102-UG-T30,FPQ-6202,SO-37250,DN-1997,Uganda,PMO - US,From RDC,N/A - From RDC,Air,2010-08-06,2010-04-29,2010-10-29,2010-09-27,2010-09-27,ARV,Adult,SCMS from RDC,"Lamivudine/Nevirapine/Zidovudine 150/200/300mg, tablets, 60 Tabs",Lamivudine/Nevirapine/Zidovudine,Generic,150/300/200mg,Tablet - FDC,60,75000,841500.0,11.22,0.19,"Aurobindo Unit III, India",False,9057.0,2485.92,1814.27
9934,86331,117-ET-T30,FPQ-5967,SO-37101,DN-1999,Ethiopia,PMO - US,From RDC,N/A - From RDC,Air,2010-06-28,2010-03-21,2010-09-21,2010-08-24,2010-08-24,ARV,Adult,SCMS from RDC,"Lamivudine/Nevirapine/Stavudine 150/200/30mg, tablets, 60 Tabs",Lamivudine/Nevirapine/Stavudine,Generic,150/200/30mg,Tablet - FDC,60,9200,52716.0,5.73,0.1,"Strides, Bangalore, India.",True,668.0,2633.57,113.66
9935,86332,110-ZM-T30,FPQ-5702,SO-36844,DN-2003,Zambia,PMO - US,From RDC,N/A - From RDC,Air,2010-05-20,2010-03-22,2010-09-22,2010-09-01,2010-09-01,ARV,Adult,SCMS from RDC,"Abacavir 300mg, tablets, 60 Tabs",Abacavir,Generic,300mg,Tablet,60,13455,230618.7,17.14,0.29,Mylan (formerly Matrix) Nashik,False,668.5,14019.38,497.21
9936,86333,104-CI-T30,FPQ-5201,SO-36320,DN-2005,Côte d'Ivoire,PMO - US,From RDC,N/A - From RDC,Air,2010-03-03,2010-03-10,2010-09-10,2010-09-06,2010-09-06,ARV,Pediatric,SCMS from RDC,"Didanosine 200mg, chewable/dispersible tablets, 60 Tabs",Didanosine,Generic,200mg,Chewable/dispersible tablet,60,3968,61504.0,15.5,0.26,"Aurobindo Unit III, India",True,842.0,8815.65,132.6
9937,86334,109-TZ-T30,FPQ-6226,SO-37300,DN-2008,Tanzania,PMO - US,From RDC,N/A - From RDC,Air,2010-08-16,2010-03-30,2010-09-30,2010-09-10,2010-09-10,ARV,Adult,SCMS from RDC,"Efavirenz 600mg, tablets, 30 Tabs",Efavirenz,Generic,600mg,Tablet,30,44669,198777.05,4.45,0.15,Mylan (formerly Matrix) Nashik,False,668.5,8925.0,428.56
9938,86335,104-CI-T30,FPQ-5623,SO-36880,DN-2011,Côte d'Ivoire,PMO - US,From RDC,N/A - From RDC,Air,2010-05-07,2010-03-30,2010-09-30,2010-09-25,2010-09-25,ARV,Adult,SCMS from RDC,"Efavirenz 600mg, tablets, 30 Tabs",Efavirenz,Generic,600mg,Tablet,30,26076,116038.2,4.45,0.15,Mylan (formerly Matrix) Nashik,False,668.5,4063.81,250.18
9939,86336,111-MZ-T30,FPQ-5127,SO-36020,DN-2014,Mozambique,PMO - US,From RDC,N/A - From RDC,Truck,2010-02-15,2010-04-15,2010-10-15,2010-10-29,2010-10-29,ARV,Adult,SCMS from RDC,"Lamivudine/Nevirapine/Zidovudine 150/200/300mg, tablets, 60 Tabs",Lamivudine/Nevirapine/Zidovudine,Generic,150/300/200mg,Tablet - FDC,60,71449,801657.78,11.22,0.19,"Aurobindo Unit III, India",False,668.5,5192.68,1728.37
9940,86337,106-HT-T30,FPQ-5523,SO-36741,DN-2015,Haiti,PMO - US,From RDC,N/A - From RDC,Air,2010-04-19,2010-03-30,2010-09-30,2010-10-07,2010-10-07,ARV,Pediatric,SCMS from RDC,"Efavirenz 50mg, capsule, 30 Caps",Efavirenz,Generic,50mg,Capsule,30,70,156.8,2.24,0.07,"Aurobindo Unit III, India",False,43.5,2946.7200000000003,0.34
9941,86338,105-GY-T30,FPQ-6307,SO-37400,DN-2017,Guyana,PMO - US,From RDC,N/A - From RDC,Air,2010-08-30,2010-05-23,2010-11-23,2010-09-19,2010-09-19,ARV,Pediatric,SCMS from RDC,"Zidovudine 100mg, capsules, 100 Caps",Zidovudine,Generic,100mg,Capsule,100,457,2211.88,4.84,0.05,"Aurobindo Unit III, India",False,668.5,1924.4650000000001,4.77
9942,86339,105-GY-T30,FPQ-6307,SO-37400,DN-2017,Guyana,PMO - US,From RDC,N/A - From RDC,Air,2010-08-30,2010-05-23,2010-11-23,2010-09-19,2010-09-19,ARV,Pediatric,SCMS from RDC,"Zidovudine 10mg/ml, oral solution, Bottle, 240 ml",Zidovudine,Generic,10mg/ml,Oral solution,240,567,1145.34,2.02,0.01,"Aurobindo Unit III, India",False,668.5,1924.4650000000001,2.47
9943,86340,110-ZM-T30,FPQ-5702,SO-36841,DN-2018,Zambia,PMO - US,From RDC,N/A - From RDC,Truck,2010-05-20,2010-05-04,2010-11-04,2010-10-12,2010-10-12,ARV,Adult,SCMS from RDC,"Efavirenz 600mg, tablets, 30 Tabs",Efavirenz,Generic,600mg,Tablet,30,8200,36490.0,4.45,0.15,"Aurobindo Unit III, India",False,668.5,6476.695,78.67
9944,86341,151-NG-T30,FPQ-5688,SO-37500,DN-2025,Nigeria,PMO - US,From RDC,N/A - From RDC,Air,2010-05-27,2010-04-22,2010-10-22,2010-11-10,2010-11-10,ARV,Adult,SCMS from RDC,"Efavirenz 600mg, tablets, 30 Tabs",Efavirenz,Generic,600mg,Tablet,30,48860,212052.4,4.34,0.14,"Aurobindo Unit III, India",False,668.5,10144.765,457.18
9945,86342,151-NG-T30,FPQ-5688,SO-37500,DN-2025,Nigeria,PMO - US,From RDC,N/A - From RDC,Air,2010-05-27,2010-04-22,2010-10-22,2010-11-10,2010-11-10,ARV,Adult,SCMS from RDC,"Lamivudine 150mg, tablets, 60 Tabs",Lamivudine,Generic,150mg,Tablet,60,4100,9553.0,2.33,0.04,Hetero Unit III Hyderabad IN,False,668.5,10144.765,20.6
9946,86343,110-ZM-T30,FPQ-5702,SO-36840,DN-2030,Zambia,PMO - US,From RDC,N/A - From RDC,Truck,2010-05-20,2010-05-04,2010-11-04,2010-10-22,2010-10-22,ARV,Adult,SCMS from RDC,"Lamivudine/Stavudine 150/30mg, tablets, 60 Tabs",Lamivudine/Stavudine,Generic,150/30mg,Tablet - FDC,60,40900,134152.0,3.28,0.05,"Cipla, Goa, India",True,3127.0,8109.92,289.23
9947,86344,102-UG-T30,FPQ-6403,SO-37480,DN-2031,Uganda,PMO - US,From RDC,N/A - From RDC,Air,2010-09-16,2010-04-20,2010-10-20,2010-10-26,2010-10-26,ARV,Adult,SCMS from RDC,"Lamivudine/Stavudine 150/30mg, tablets, 60 Tabs",Lamivudine/Stavudine,Generic,150/30mg,Tablet - FDC,60,204,669.12,3.28,0.05,"Cipla, Goa, India",False,171.0,2485.92,1.44
9948,86345,151-NG-T30,FPQ-5688,SO-37500,DN-2025,Nigeria,PMO - US,From RDC,N/A - From RDC,Air,2010-05-27,2010-04-22,2010-10-22,2010-11-10,2010-11-10,ARV,Adult,SCMS from RDC,"Tenofovir Disoproxil Fumarate 300mg, tablets, 30 Tabs",Tenofovir Disoproxil Fumarate,Generic,300mg,Tablet,30,2500,18250.0,7.3,0.24,Mylan (formerly Matrix) Nashik,False,284.0,10144.765,39.35
9949,86346,104-CI-T30,FPQ-5925,SO-37150,DN-2035,Côte d'Ivoire,PMO - US,From RDC,N/A - From RDC,Truck,2010-06-23,2010-05-30,2010-11-30,2010-11-26,2010-11-26,ARV,Adult,SCMS from RDC,"Tenofovir Disoproxil Fumarate 300mg, tablets, 30 Tabs",Tenofovir Disoproxil Fumarate,Generic,300mg,Tablet,30,2480,18104.0,7.3,0.24,Mylan (formerly Matrix) Nashik,False,668.5,6757.815,39.03
9950,86347,104-CI-T30,FPQ-5925,SO-37150,DN-2035,Côte d'Ivoire,PMO - US,From RDC,N/A - From RDC,Truck,2010-06-23,2010-05-30,2010-11-30,2010-11-26,2010-11-26,ARV,Pediatric,SCMS from RDC,"Didanosine 200mg, chewable/dispersible tablets, 60 Tabs",Didanosine,Generic,200mg,Chewable/dispersible tablet,60,1192,18476.0,15.5,0.26,"Aurobindo Unit III, India",False,668.5,6757.815,39.83
9951,86348,151-NG-T30,FPQ-5023,SO-36463,DN-2045,Nigeria,PMO - US,From RDC,N/A - From RDC,Air Charter,2010-02-10,2010-05-16,2010-11-16,2010-11-10,2010-11-10,ARV,Adult,SCMS from RDC,"Nevirapine 200mg, tablets, 60 Tabs",Nevirapine,Generic,200mg,Tablet,60,34650,89397.0,2.58,0.04,"Aurobindo Unit III, India",True,3934.0,20264.93,192.74
9952,86349,151-NG-T30,FPQ-5688,SO-37920,DN-2047,Nigeria,PMO - US,From RDC,N/A - From RDC,Air Charter,2010-05-27,2010-05-18,2010-11-18,2010-11-09,2010-11-09,ARV,Adult,SCMS from RDC,"Nevirapine 200mg, tablets, 60 Tabs",Nevirapine,Generic,200mg,Tablet,60,11022,28436.76,2.58,0.04,"Aurobindo Unit III, India",False,1976.0,12601.07,61.31
9953,86350,111-MZ-T30,FPQ-5126,SO-37520,DN-2052,Mozambique,PMO - US,From RDC,N/A - From RDC,Truck,2010-02-18,2010-06-14,2010-12-14,2011-01-07,2011-01-07,ARV,Adult,SCMS from RDC,"Lamivudine/Nevirapine/Zidovudine 150/200/300mg, tablets, 60 Tabs",Lamivudine/Nevirapine/Zidovudine,Generic,150/300/200mg,Tablet - FDC,60,120099,1347510.78,11.22,0.19,"Aurobindo Unit III, India",True,16015.0,12239.88,2905.23
9954,86351,110-ZM-T30,FPQ-5702,SO-36851,DN-2053,Zambia,PMO - US,From RDC,N/A - From RDC,Truck,2010-05-20,2010-05-26,2010-11-26,2010-12-03,2010-12-03,ARV,Adult,SCMS from RDC,"Efavirenz 600mg, tablets, 30 Tabs",Efavirenz,Generic,600mg,Tablet,30,170000,768400.0,4.52,0.15,Mylan (formerly Matrix) Nashik,False,668.5,6476.695,1656.67
9955,86352,110-ZM-T30,FPQ-5702,SO-36851,DN-2053,Zambia,PMO - US,From RDC,N/A - From RDC,Truck,2010-05-20,2010-05-26,2010-11-26,2010-12-03,2010-12-03,ARV,Adult,SCMS from RDC,"Emtricitabine/Tenofovir Disoproxil Fumarate 200/300mg, tablets, 30 Tabs",Emtricitabine/Tenofovir Disoproxil Fumarate,Generic,200/300mg,Tablet - FDC,30,59446,698490.5,11.75,0.39,Mylan (formerly Matrix) Nashik,False,668.5,6476.695,1505.95
9956,86353,102-UG-T30,FPQ-6403,SO-37470,DN-2056,Uganda,PMO - US,From RDC,N/A - From RDC,Air,2010-09-16,2010-06-02,2010-12-02,2010-11-29,2010-11-29,ARV,Adult,SCMS from RDC,"Nevirapine 200mg, tablets, 60 Tabs",Nevirapine,Generic,200mg,Tablet,60,10685,28422.1,2.66,0.04,Hetero Unit III Hyderabad IN,False,668.5,2485.92,61.28
9957,86354,104-CI-T30,FPQ-5925,SO-37650,DN-2061,Côte d'Ivoire,PMO - US,From RDC,N/A - From RDC,Truck,2010-06-23,2010-05-30,2010-11-30,2010-12-22,2010-12-22,ARV,Adult,SCMS from RDC,"Nevirapine 200mg, tablets, 60 Tabs",Nevirapine,Generic,200mg,Tablet,60,100425,267130.5,2.66,0.04,"Strides, Bangalore, India.",True,6880.0,7826.75,575.93
9958,86355,200-DO-T30,FPQ-6616,SO-38020,DN-2065,Dominican Republic,PMO - US,From RDC,N/A - From RDC,Air,2010-10-25,2010-07-31,2011-01-31,2010-12-08,2010-12-08,ARV,Adult,SCMS from RDC,"Lamivudine/Zidovudine 150/300mg, tablets, 60 Tabs",Lamivudine/Zidovudine,Generic,150/300mg,Tablet - FDC,60,16000,136800.0,8.55,0.14,"Aurobindo Unit III, India",False,1680.0,3026.24,225.72
9959,86356,200-DO-T30,FPQ-6616,SO-38020,DN-2065,Dominican Republic,PMO - US,From RDC,N/A - From RDC,Air,2010-10-25,2010-07-31,2011-01-31,2010-12-08,2010-12-08,ARV,Adult,SCMS from RDC,"Lamivudine 150mg, tablets, 60 Tabs",Lamivudine,Generic,150mg,Tablet,60,439,1022.87,2.33,0.04,"Strides, Bangalore, India.",False,668.5,3026.24,1.69
9960,86357,114-UG-T30,FPQ-6438,SO-37670,DN-2068,Uganda,PMO - US,From RDC,N/A - From RDC,Truck,2010-09-29,2010-06-15,2010-12-15,2010-12-01,2010-12-01,ARV,Adult,SCMS from RDC,"Lamivudine/Zidovudine 150/300mg, tablets, 60 Tabs",Lamivudine/Zidovudine,Generic,150/300mg,Tablet - FDC,60,3570,30523.5,8.55,0.14,Hetero Unit III Hyderabad IN,True,294.0,2894.0,65.81
9961,86358,104-CI-T30,FPQ-6144,SO-38130,DN-2076,Côte d'Ivoire,PMO - US,From RDC,N/A - From RDC,Air,2010-08-03,2010-06-15,2010-12-15,2010-12-15,2010-12-15,ARV,Adult,SCMS from RDC,"Zidovudine 300mg, tablets, 60 Tabs",Zidovudine,Generic,300mg,Tablet,60,6438,46417.98,7.21,0.12,"Aurobindo Unit III, India",False,668.5,4063.81,100.08
9962,86359,110-ZM-T30,FPQ-6221,SO-37331,DN-2087,Zambia,PMO - US,From RDC,N/A - From RDC,Truck,2010-08-20,2010-07-31,2011-01-31,2011-01-24,2011-01-24,ARV,Adult,SCMS from RDC,"Nevirapine 200mg, tablets, 60 Tabs",Nevirapine,Generic,200mg,Tablet,60,100000,266000.0,2.66,0.04,Hetero Unit III Hyderabad IN,True,6206.0,13411.32,573.5
9963,86360,202-GT-T30,FPQ-6943,SO-38260,DN-2089,Guatemala,PMO - US,From RDC,N/A - From RDC,Air,2010-12-29,2010-07-31,2011-01-31,2011-01-24,2011-01-24,ARV,Adult,SCMS from RDC,"Nevirapine 200mg, tablets, 60 Tabs",Nevirapine,Generic,200mg,Tablet,60,879,2267.82,2.58,0.04,"Aurobindo Unit III, India",False,668.5,104.685,3.74
9964,86361,151-NG-T30,FPQ-6243,SO-38320,DN-2090,Nigeria,PMO - US,From RDC,N/A - From RDC,Air Charter,2010-08-25,2010-08-22,2011-02-22,2011-02-16,2011-02-16,ARV,Adult,SCMS from RDC,"Efavirenz 600mg, tablets, 30 Tabs",Efavirenz,Generic,600mg,Tablet,30,51140,221947.6,4.34,0.14,"Aurobindo Unit III, India",False,668.5,12601.07,478.52
9965,86362,151-NG-T30,FPQ-6243,SO-38320,DN-2090,Nigeria,PMO - US,From RDC,N/A - From RDC,Air Charter,2010-08-25,2010-08-22,2011-02-22,2011-02-16,2011-02-16,ARV,Adult,SCMS from RDC,"Lamivudine/Nevirapine/Stavudine 150/200/30mg, tablets, 60 Tabs",Lamivudine/Nevirapine/Stavudine,Generic,150/200/30mg,Tablet - FDC,60,1000,5560.0,5.56,0.09,"Strides, Bangalore, India.",False,132.0,12601.07,11.99
9966,86363,151-NG-T30,FPQ-6243,SO-38390,DN-2101,Nigeria,PMO - US,From RDC,N/A - From RDC,Air Charter,2010-08-25,2010-08-17,2011-02-17,2011-02-16,2011-02-16,ARV,Adult,SCMS from RDC,"Efavirenz 600mg, tablets, 30 Tabs",Efavirenz,Generic,600mg,Tablet,30,20418,88614.12,4.34,0.14,Mylan (formerly Matrix) Nashik,False,668.5,12601.07,191.05
9967,86364,151-NG-T30,FPQ-6800,SO-38340,DN-2093,Nigeria,PMO - US,From RDC,N/A - From RDC,Air Charter,2010-12-07,2010-08-21,2011-02-21,2011-02-16,2011-02-16,ARV,Adult,SCMS from RDC,"Lamivudine/Nevirapine/Zidovudine 150/200/300mg, tablets, 60 Tabs",Lamivudine/Nevirapine/Zidovudine,Generic,150/300/200mg,Tablet - FDC,60,77333,867676.26,11.22,0.19,"Aurobindo Unit III, India",True,11276.0,43548.0,1431.67
9968,86365,114-UG-T30,FPQ-6614,SO-37990,DN-2077,Uganda,PMO - US,From RDC,N/A - From RDC,Air,2010-10-31,2010-08-08,2011-02-08,2010-12-23,2010-12-23,ARV,Adult,SCMS from RDC,"Efavirenz 600mg, tablets, 30 Tabs",Efavirenz,Generic,600mg,Tablet,30,2550,11526.0,4.52,0.15,"Emcure Plot No.P-2, I.T-B.T. Park, Phase II, MIDC, Hinjwadi, Pune, India",False,199.0,2485.92,19.02
9969,86366,110-ZM-T30,FPQ-6222,SO-38590,DN-2115,Zambia,PMO - US,From RDC,N/A - From RDC,Air,2010-08-20,2010-08-28,2011-02-28,2011-03-16,2011-03-16,ARV,Adult,SCMS from RDC,"Abacavir 300mg, tablets, 60 Tabs",Abacavir,Generic,300mg,Tablet,60,16200,251100.0,15.5,0.26,Mylan (formerly Matrix) Nashik,True,1583.0,8098.12,541.37
9970,86367,104-CI-T30,FPQ-5925,SO-38090,DN-2105,Côte d'Ivoire,PMO - US,From RDC,N/A - From RDC,Air,2010-06-23,2010-08-16,2011-02-16,2011-02-22,2011-02-22,ARV,Pediatric,SCMS from RDC,"Nevirapine 10mg/ml, oral suspension w/syringe, Bottle, 240 ml",Nevirapine,Generic,10mg/ml,Oral suspension,240,2084,4063.8,1.95,0.01,"Aurobindo Unit III, India",True,794.0,8758.36,8.76
9971,86368,104-CI-T30,FPQ-6495,SO-37720,DN-2122,Côte d'Ivoire,PMO - US,From RDC,N/A - From RDC,Air,2010-10-04,2010-09-30,2011-03-31,2011-03-15,2011-03-15,ARV,Pediatric,SCMS from RDC,"Nevirapine 10mg/ml, oral suspension w/syringe, Bottle, 240 ml",Nevirapine,Generic,10mg/ml,Oral suspension,240,2006,3911.7,1.95,0.01,"Aurobindo Unit III, India",False,668.5,4063.81,8.43
9972,86369,104-CI-T30,FPQ-6495,SO-37720,DN-2122,Côte d'Ivoire,PMO - US,From RDC,N/A - From RDC,Air,2010-10-04,2010-09-30,2011-03-31,2011-03-15,2011-03-15,ARV,Adult,SCMS from RDC,"Nevirapine 200mg, tablets, 60 Tabs",Nevirapine,Generic,200mg,Tablet,60,50000,125500.0,2.51,0.04,"Aurobindo Unit III, India",False,4502.0,4063.81,270.58
9973,86371,104-CI-T30,FPQ-6891,SO-38530,DN-2140,Côte d'Ivoire,PMO - US,From RDC,N/A - From RDC,Air,2010-12-21,2010-09-30,2011-03-31,2011-03-29,2011-03-29,ARV,Adult,SCMS from RDC,"Stavudine 15mg, capsules, 60 Caps",Stavudine,Generic,15mg,Capsule,60,1059,1588.5,1.5,0.02,"Aurobindo Unit III, India",False,668.5,4063.81,2.62
9974,86372,110-ZM-T30,FPQ-6677,SO-38050,DN-2143,Zambia,PMO - US,From RDC,N/A - From RDC,Truck,2010-11-08,2010-10-15,2011-04-15,2011-04-05,2011-04-05,ARV,Adult,SCMS from RDC,"Abacavir 300mg, tablets, 60 Tabs",Abacavir,Generic,300mg,Tablet,60,20000,317800.0,15.89,0.26,Mylan (formerly Matrix) Nashik,False,2292.5,6476.695,524.37
9975,86373,114-UG-T30,FPQ-6614,SO-37970,DN-2145,Uganda,PMO - US,From RDC,N/A - From RDC,Air,2010-10-31,2010-10-05,2011-04-05,2011-04-01,2011-04-01,ARV,Adult,SCMS from RDC,"Nevirapine 200mg, tablets, 60 Tabs",Nevirapine,Generic,200mg,Tablet,60,972,2507.76,2.58,0.04,"Strides, Bangalore, India.",True,58.0,5596.5,4.14
9976,86374,104-CI-T30,FPQ-6891,SO-38540,DN-2153,Côte d'Ivoire,PMO - US,From RDC,N/A - From RDC,Air,2010-12-21,2010-10-20,2011-04-20,2011-06-10,2011-06-10,ARV,Adult,SCMS from RDC,"Emtricitabine/Tenofovir Disoproxil Fumarate 200/300mg, tablets, 30 Tabs",Emtricitabine/Tenofovir Disoproxil Fumarate,Generic,200/300mg,Tablet - FDC,30,14440,157684.8,10.92,0.36,Mylan (formerly Matrix) Nashik,False,668.5,4063.81,260.18
9977,86375,109-TZ-T30,FPQ-7347,SO-39010,DN-2151,Tanzania,PMO - US,From RDC,N/A - From RDC,Air,2011-03-07,2010-10-07,2011-04-07,2011-03-31,2011-03-31,ARV,Adult,SCMS from RDC,"Efavirenz 600mg, tablets, 30 Tabs",Efavirenz,Generic,600mg,Tablet,30,27769,117185.18,4.22,0.14,Hetero Unit III Hyderabad IN,False,668.5,8925.0,193.36
9978,86376,151-NG-T30,FPQ-6800,SO-39180,DN-2168,Nigeria,PMO - US,From RDC,N/A - From RDC,Air Charter,2010-12-07,2010-12-21,2011-06-21,2011-05-11,2011-05-11,ARV,Adult,SCMS from RDC,"Efavirenz/Emtricitabine/Tenofovir Disoproxil Fumarate 600/200/300mg, tablets, 30 Tabs",Efavirenz/Emtricitabine/Tenofovir Disoproxil Fumarate,Generic,600/200/300mg,Tablet - FDC,30,30000,597600.0,19.92,0.66,Mylan (formerly Matrix) Nashik,True,3272.0,12601.07,986.04
9979,86377,151-NG-T30,FPQ-6800,SO-39190,DN-2169,Nigeria,PMO - US,From RDC,N/A - From RDC,Air Charter,2010-12-07,2010-12-21,2011-06-21,2011-05-10,2011-05-10,ARV,Adult,SCMS from RDC,"Lamivudine 150mg, tablets, 60 Tabs",Lamivudine,Generic,150mg,Tablet,60,21200,49396.0,2.33,0.04,"Aurobindo Unit III, India",True,1012.0,12601.07,81.5
9980,86378,200-ZW-T30,FPQ-6483,SO-39290,DN-2180,Zimbabwe,PMO - US,From RDC,N/A - From RDC,Truck,2010-10-13,2010-10-20,2011-04-20,2011-05-20,2011-05-20,ARV,Pediatric,SCMS from RDC,"Lamivudine/Zidovudine 30/60mg, tablets, 60 Tabs",Lamivudine/Zidovudine,Generic,30/60mg,Tablet - FDC,60,1884,6123.0,3.25,0.05,"Aurobindo Unit III, India",False,668.5,6721.705,13.2
9981,86379,111-MZ-T30,FPQ-7053,SO-39300,DN-2185,Mozambique,PMO - US,From RDC,N/A - From RDC,Truck,2011-01-24,2010-11-30,2011-05-31,2011-05-25,2011-05-25,ARV,Adult,SCMS from RDC,"Efavirenz 600mg, tablets, 30 Tabs",Efavirenz,Generic,600mg,Tablet,30,23450,101304.0,4.32,0.14,"Aurobindo Unit III, India",True,2068.0,3936.86,167.15
9982,86380,110-ZM-T30,FPQ-6482,SO-38970,DN-2154,Zambia,PMO - US,From RDC,N/A - From RDC,Truck,2010-10-15,2010-10-11,2011-04-11,2011-05-20,2011-05-20,ARV,Adult,SCMS from RDC,"Nevirapine 200mg, tablets, 60 Tabs",Nevirapine,Generic,200mg,Tablet,60,10927,27426.77,2.51,0.04,Hetero Unit III Hyderabad IN,False,668.5,6476.695,59.13
9983,86381,114-UG-T30,FPQ-7162,SO-38810,DN-2191,Uganda,PMO - US,From RDC,N/A - From RDC,Truck,2011-02-14,2010-11-11,2011-05-11,2011-05-24,2011-05-24,ARV,Adult,SCMS from RDC,"Nevirapine 200mg, tablets, 60 Tabs",Nevirapine,Generic,200mg,Tablet,60,10500,26355.0,2.51,0.04,"Strides, Bangalore, India.",False,555.5,5458.45,43.49
9984,86382,114-UG-T30,FPQ-7162,SO-39330,DN-2192,Uganda,PMO - US,From RDC,N/A - From RDC,Truck,2011-02-14,2010-11-11,2011-05-11,2011-05-24,2011-05-24,ARV,Adult,SCMS from RDC,"Lamivudine/Zidovudine 150/300mg, tablets, 60 Tabs",Lamivudine/Zidovudine,Generic,150/300mg,Tablet - FDC,60,14893,123016.18,8.26,0.14,"Aurobindo Unit III, India",False,668.5,5458.45,202.98
9985,86384,200-ZW-T30,FPQ-6483,SO-37880,DN-2203,Zimbabwe,PMO - US,From RDC,N/A - From RDC,Truck,2010-10-13,2010-11-30,2011-05-31,2011-06-13,2011-06-13,ARV,Pediatric,SCMS from RDC,"Lamivudine/Nevirapine/Zidovudine 30/50/60mg, dispersible tablets, 60 Tabs",Lamivudine/Nevirapine/Zidovudine,Generic,30/50/60mg,Chewable/dispersible tablet - FDC,60,20000,85000.0,4.25,0.07,Mylan (formerly Matrix) Nashik,False,2292.5,6721.705,183.26
9986,86385,151-NG-T30,FPQ-7217,SO-39610,DN-2225,Nigeria,PMO - US,From RDC,N/A - From RDC,Air Charter,2011-02-21,2010-12-15,2011-06-15,2011-07-06,2011-07-06,ARV,Adult,SCMS from RDC,"Lamivudine/Nevirapine/Zidovudine 150/200/300mg, tablets, 60 Tabs",Lamivudine/Nevirapine/Zidovudine,Generic,150/300/200mg,Tablet - FDC,60,87357,980145.54,11.22,0.19,Mylan (formerly Matrix) Nashik,False,668.5,12601.07,1617.24
9987,86386,110-ZM-T30,FPQ-7232,SO-39020,DN-2226,Zambia,PMO - US,From RDC,N/A - From RDC,Air,2011-03-01,2010-11-11,2011-05-11,2011-06-13,2011-06-13,ARV,Pediatric,SCMS from RDC,"Nevirapine 10mg/ml, oral suspension, Bottle, 240 ml",Nevirapine,Generic,10mg/ml,Oral suspension,240,10000,18000.0,1.8,0.01,"Aurobindo Unit III, India",True,3637.0,9499.46,29.7
9988,86387,151-NG-T30,FPQ-6800,SO-39690,DN-2228,Nigeria,PMO - US,From RDC,N/A - From RDC,Air Charter,2010-12-07,2010-12-21,2011-06-21,2011-07-05,2011-07-05,ARV,Adult,SCMS from RDC,"Nevirapine 200mg, tablets, 60 Tabs",Nevirapine,Generic,200mg,Tablet,60,17376,43613.76,2.51,0.04,"Strides, Bangalore, India.",True,1237.0,13398.06,71.96
9989,86388,151-NG-T30,FPQ-7217,SO-39700,DN-2229,Nigeria,PMO - US,From RDC,N/A - From RDC,Air Charter,2011-02-21,2010-12-15,2011-06-15,2011-07-06,2011-07-06,ARV,Adult,SCMS from RDC,"Nevirapine 200mg, tablets, 60 Tabs",Nevirapine,Generic,200mg,Tablet,60,64995,163137.45,2.51,0.04,"Strides, Bangalore, India.",True,4618.0,13398.06,269.18
9990,86389,105-GY-T30,FPQ-7621,SO-39720,DN-2231,Guyana,PMO - US,From RDC,N/A - From RDC,Air,2011-05-04,2011-04-27,2011-10-27,2011-06-15,2011-06-15,ARV,Adult,SCMS from RDC,"Zidovudine 300mg, tablets, 60 Tabs",Zidovudine,Generic,300mg,Tablet,60,917,6437.34,7.02,0.12,"Aurobindo Unit III, India",False,668.5,1924.4650000000001,10.62
9991,86390,100-BJ-T30,FPQ-7658,SO-39790,DN-2237,Benin,PMO - US,From RDC,N/A - From RDC,Air,2011-05-15,2010-12-13,2011-06-13,2011-06-09,2011-06-09,ARV,Adult,SCMS from RDC,"Nevirapine 200mg, tablets, 60 Tabs",Nevirapine,Generic,200mg,Tablet,60,14081,35343.31,2.51,0.04,"Strides, Bangalore, India.",False,6410.0,6477.67,58.32
9992,86391,110-ZM-T30,FPQ-6482,SO-37800,DN-2238,Zambia,PMO - US,From RDC,N/A - From RDC,Truck,2010-10-15,2010-10-30,2011-04-30,2011-06-20,2011-06-20,ARV,Adult,SCMS from RDC,"Nevirapine 200mg, tablets, 60 Tabs",Nevirapine,Generic,200mg,Tablet,60,31043,77917.93,2.51,0.04,Hetero Unit III Hyderabad IN,True,1785.0,7962.25,167.99
9993,86392,104-CI-T30,FPQ-6891,SO-39870,DN-2247,Côte d'Ivoire,PMO - US,From RDC,N/A - From RDC,Air,2010-12-21,2010-12-30,2011-06-30,2011-06-26,2011-06-26,ARV,Pediatric,SCMS from RDC,"Zidovudine 10mg/ml, oral solution w/syringe, Bottle, 240 ml",Zidovudine,Generic,10mg/ml,Oral solution,240,4965,10426.5,2.1,0.01,"Aurobindo Unit III, India",True,1784.0,2503.33,17.2
9994,86393,106-HT-T30,FPQ-6801,SO-39910,DN-2263,Haiti,PMO - US,From RDC,N/A - From RDC,Air,2010-12-14,2011-01-19,2011-07-19,2011-06-28,2011-06-28,ARV,Pediatric,SCMS from RDC,"Efavirenz 200mg, capsule, 90 Caps",Efavirenz,Generic,200mg,Capsule,90,630,6104.7,9.69,0.11,"Aurobindo Unit III, India",False,65.5,2946.7200000000003,10.07
9995,86394,111-MZ-T30,FPQ-7053,SO-39830,DN-2264,Mozambique,PMO - US,From RDC,N/A - From RDC,Truck,2011-01-24,2011-02-28,2011-08-31,2011-09-01,2011-09-01,ARV,Pediatric,SCMS from RDC,"Zidovudine 10mg/ml, oral solution w/syringe, Bottle, 240 ml",Zidovudine,Generic,10mg/ml,Oral solution,240,6250,12625.0,2.02,0.01,"Aurobindo Unit III, India",True,2409.0,3525.03,20.83
9996,86395,151-NG-T30,FPQ-7217,SO-40170,DN-2286,Nigeria,PMO - US,From RDC,N/A - From RDC,Air Charter,2011-02-21,2011-01-22,2011-07-22,2011-07-06,2011-07-06,ARV,Adult,SCMS from RDC,"Lamivudine/Tenofovir Disoproxil Fumarate 300/300mg, tablets, 30 Tabs",Lamivudine/Tenofovir Disoproxil Fumarate,Generic,300/300mg,Tablet - FDC,30,29349,258858.18,8.82,0.29,Mylan (formerly Matrix) Nashik,True,2808.0,13398.06,427.12
9997,86396,114-UG-T30,FPQ-7162,SO-38801,DN-2297,Uganda,PMO - US,From RDC,N/A - From RDC,Truck,2011-02-14,2011-02-05,2011-08-05,2011-08-05,2011-08-05,ARV,Adult,SCMS from RDC,"Nevirapine 200mg, tablets, 60 Tabs",Nevirapine,Generic,200mg,Tablet,60,11549,28987.99,2.51,0.04,"Strides, Bangalore, India.",False,668.5,5458.45,47.83
9998,86397,111-MZ-T30,FPQ-7053,SO-38633,DN-2302,Mozambique,PMO - US,From RDC,N/A - From RDC,Truck,2011-01-24,2011-02-28,2011-08-31,2011-09-15,2011-09-15,ARV,Adult,SCMS from RDC,"Lamivudine/Zidovudine 150/300mg, tablets, 60 Tabs",Lamivudine/Zidovudine,Generic,150/300mg,Tablet - FDC,60,26308,224933.4,8.55,0.14,"Aurobindo Unit VII, IN",False,668.5,5192.68,371.14
9999,86398,104-CI-T30,FPQ-7659,SO-40121,DN-2304,Côte d'Ivoire,PMO - US,From RDC,N/A - From RDC,Air,2011-05-03,2011-03-27,2011-09-27,2011-09-12,2011-09-12,ARV,Adult,SCMS from RDC,"Emtricitabine/Tenofovir Disoproxil Fumarate 200/300mg, tablets, 30 Tabs",Emtricitabine/Tenofovir Disoproxil Fumarate,Generic,200/300mg,Tablet - FDC,30,17251,181825.54,10.54,0.35,"Aurobindo Unit III, India",False,668.5,4063.81,300.01
10000,86399,151-NG-T30,FPQ-7217,SO-39161,DN-2305,Nigeria,PMO - US,From RDC,N/A - From RDC,Air,2011-02-21,2011-02-28,2011-08-31,2011-08-03,2011-08-03,ARV,Adult,SCMS from RDC,"Lamivudine/Nevirapine/Stavudine 150/200/30mg, tablets, 60 Tabs",Lamivudine/Nevirapine/Stavudine,Generic,150/200/30mg,Tablet - FDC,60,2000,11120.0,5.56,0.09,"Cipla, Goa, India",True,209.0,2136.53,18.35
10001,86400,114-UG-T30,FPQ-8048,SO-40220,DN-2313,Uganda,PMO - US,From RDC,N/A - From RDC,Truck,2011-07-13,2011-03-22,2011-09-22,2011-08-26,2011-08-26,ARV,Adult,SCMS from RDC,"Zidovudine 300mg, tablets, 60 Tabs",Zidovudine,Generic,300mg,Tablet,60,1684,11821.68,7.02,0.12,Hetero Unit III Hyderabad IN,False,668.5,5458.45,19.51
10002,86401,104-CI-T30,FPQ-7659,SO-40130,DN-2319,Côte d'Ivoire,PMO - US,From RDC,N/A - From RDC,Air,2011-05-03,2011-03-27,2011-09-27,2011-09-10,2011-09-10,ARV,Adult,SCMS from RDC,"Lamivudine 150mg, tablets, 60 Tabs",Lamivudine,Generic,150mg,Tablet,60,17820,41520.6,2.33,0.04,Hetero Unit III Hyderabad IN,True,955.0,12606.03,68.51
10003,86402,900-GH-T30,FPQ-7866,SO-40000,DN-2320,Ghana,PMO - US,From RDC,N/A - From RDC,Air,2011-06-13,2011-05-14,2011-11-14,2011-11-14,2011-11-14,ARV,Adult,SCMS from RDC,"Nevirapine 200mg, tablets, 60 Tabs",Nevirapine,Generic,200mg,Tablet,60,45084,113160.84,2.51,0.04,Hetero Unit III Hyderabad IN,False,2698.0,10790.63,186.72
10004,86403,110-ZM-T30,FPQ-7085,SO-38741,DN-2322,Zambia,PMO - US,From RDC,N/A - From RDC,Truck,2011-02-03,2011-03-29,2011-09-29,2011-08-29,2011-08-29,ARV,Adult,SCMS from RDC,"Nevirapine 200mg, tablets, 60 Tabs",Nevirapine,Generic,200mg,Tablet,60,25000,62750.0,2.51,0.04,Mylan (formerly Matrix) Nashik,False,2348.0,6476.695,103.54
10005,86404,113-ZW-T30,FPQ-7052,SO-38511,DN-2324,Zimbabwe,PMO - US,From RDC,N/A - From RDC,Truck,2011-01-19,2011-03-30,2011-09-30,2011-09-19,2011-09-19,ARV,Adult,SCMS from RDC,"Efavirenz 600mg, tablets, 30 Tabs",Efavirenz,Generic,600mg,Tablet,30,6392,26974.24,4.22,0.14,Hetero Unit III Hyderabad IN,False,555.0,6721.705,44.51
10006,86405,114-UG-T30,FPQ-7162,SO-38800,DN-2329,Uganda,PMO - US,From RDC,N/A - From RDC,Truck,2011-02-14,2011-02-05,2011-08-05,2011-08-24,2011-08-24,ARV,Adult,SCMS from RDC,"Lamivudine/Tenofovir Disoproxil Fumarate 300/300mg, tablets, 30 Tabs",Lamivudine/Tenofovir Disoproxil Fumarate,Generic,300/300mg,Tablet - FDC,30,30000,246900.0,8.23,0.27,Mylan (formerly Matrix) Nashik,False,3136.0,5458.45,407.38
10007,86406,111-MZ-T30,FPQ-7053,SO-38691,DN-2330,Mozambique,PMO - US,From RDC,N/A - From RDC,Truck,2011-01-24,2011-05-30,2011-11-30,2011-11-30,2011-11-30,ARV,Pediatric,SCMS from RDC,"Zidovudine 10mg/ml, oral solution w/syringe, Bottle, 240 ml",Zidovudine,Generic,10mg/ml,Oral solution,240,1822,3680.44,2.02,0.01,"Aurobindo Unit III, India",True,707.0,826.26,6.07
10008,86408,114-UG-T30,FPQ-7267,SO-39070,DN-2333,Uganda,PMO - US,From RDC,N/A - From RDC,Truck,2011-03-04,2011-03-20,2011-09-20,2011-09-06,2011-09-06,ARV,Adult,SCMS from RDC,"Efavirenz/Emtricitabine/Tenofovir Disoproxil Fumarate 600/200/300mg, tablets, 30 Tabs",Efavirenz/Emtricitabine/Tenofovir Disoproxil Fumarate,Generic,600/200/300mg,Tablet - FDC,30,3360,66931.2,19.92,0.66,Mylan (formerly Matrix) Nashik,True,617.0,2886.92,110.44
10009,86409,104-CI-T30,FPQ-7659,SO-40122,DN-2339,Côte d'Ivoire,PMO - US,From RDC,N/A - From RDC,Air,2011-05-03,2011-04-12,2011-10-12,2011-10-12,2011-10-12,ARV,Adult,SCMS from RDC,"Lamivudine/Zidovudine 150/300mg, tablets, 60 Tabs",Lamivudine/Zidovudine,Generic,150/300mg,Tablet - FDC,60,75420,622969.2,8.26,0.14,Mylan (formerly Matrix) Nashik,False,668.5,4063.81,1027.9
10010,86410,113-ZW-T30,FPQ-7052,SO-38512,DN-2343,Zimbabwe,PMO - US,From RDC,N/A - From RDC,Truck,2011-01-19,2011-03-30,2011-09-30,2011-10-07,2011-10-07,ARV,Adult,SCMS from RDC,"Lamivudine/Tenofovir Disoproxil Fumarate 300/300mg, tablets, 30 Tabs",Lamivudine/Tenofovir Disoproxil Fumarate,Generic,300/300mg,Tablet - FDC,30,10114,83238.22,8.23,0.27,Mylan (formerly Matrix) Nashik,False,1019.0,6721.705,137.34
10011,86411,114-UG-T30,FPQ-7162,SO-38803,DN-2344,Uganda,PMO - US,From RDC,N/A - From RDC,Truck,2011-02-14,2011-03-30,2011-09-30,2011-09-26,2011-09-26,ARV,Adult,SCMS from RDC,"Efavirenz 600mg, tablets, 30 Tabs",Efavirenz,Generic,600mg,Tablet,30,2688,11343.36,4.22,0.14,"Strides, Bangalore, India.",False,287.5,5458.45,18.72
10012,86412,105-GY-T30,FPQ-8024,SO-40450,DN-2361,Guyana,PMO - US,From RDC,N/A - From RDC,Air,2011-08-19,2011-06-15,2011-12-15,2011-09-28,2011-09-28,ARV,Pediatric,SCMS from RDC,"Efavirenz 50mg, capsule, 30 Caps",Efavirenz,Generic,50mg,Capsule,30,61,136.64,2.24,0.07,"Aurobindo Unit III, India",False,4.0,1924.4650000000001,0.23
10013,86413,105-GY-T30,FPQ-8024,SO-40450,DN-2361,Guyana,PMO - US,From RDC,N/A - From RDC,Air,2011-08-19,2011-06-15,2011-12-15,2011-09-28,2011-09-28,ARV,Pediatric,SCMS from RDC,"Zidovudine 100mg, capsules, 100 Caps",Zidovudine,Generic,100mg,Capsule,100,423,2013.48,4.76,0.05,"Aurobindo Unit III, India",False,668.5,1924.4650000000001,3.32
10014,86414,151-NG-T30,FPQ-7217,SO-38920,DN-2376,Nigeria,PMO - US,From RDC,N/A - From RDC,Air Charter,2011-02-21,2010-12-15,2011-06-15,2011-09-28,2011-09-28,ARV,Adult,SCMS from RDC,"Efavirenz/Emtricitabine/Tenofovir Disoproxil Fumarate 600/200/300mg, tablets, 30 Tabs",Efavirenz/Emtricitabine/Tenofovir Disoproxil Fumarate,Generic,600/200/300mg,Tablet - FDC,30,2389,47588.88,19.92,0.66,Mylan (formerly Matrix) Nashik,True,277.0,18495.9,78.52
10015,86415,151-NG-T30,FPQ-7812,SO-40720,DN-2378,Nigeria,PMO - US,From RDC,N/A - From RDC,Air Charter,2011-06-06,2011-05-03,2011-11-03,2011-09-28,2011-09-28,ARV,Adult,SCMS from RDC,"Efavirenz/Emtricitabine/Tenofovir Disoproxil Fumarate 600/200/300mg, tablets, 30 Tabs",Efavirenz/Emtricitabine/Tenofovir Disoproxil Fumarate,Generic,600/200/300mg,Tablet - FDC,30,90932,1811365.44,19.92,0.66,Mylan (formerly Matrix) Nashik,True,10428.0,18495.9,2988.75
10016,86417,110-ZM-T30,FPQ-8383,SO-40741,DN-2400,Zambia,PMO - US,From RDC,N/A - From RDC,Truck,2011-09-11,2011-07-19,2012-01-19,2011-11-04,2011-11-04,ARV,Adult,SCMS from RDC,"Emtricitabine/Tenofovir Disoproxil Fumarate 200/300mg, tablets, 30 Tabs",Emtricitabine/Tenofovir Disoproxil Fumarate,Generic,200/300mg,Tablet - FDC,30,10015,89834.55,8.97,0.3,Mylan (formerly Matrix) Nashik,True,819.0,2882.6,148.23
10017,86418,900-GH-T30,FPQ-7866,SO-40020,DN-2404,Ghana,PMO - US,From RDC,N/A - From RDC,Air,2011-06-13,2011-04-30,2011-10-31,2012-02-28,2012-02-28,ARV,Adult,SCMS from RDC,"Tenofovir Disoproxil Fumarate 300mg, tablets, 30 Tabs",Tenofovir Disoproxil Fumarate,Generic,300mg,Tablet,30,38760,248839.2,6.42,0.21,Mylan (formerly Matrix) Nashik,True,2169.0,985.0,410.58
10018,86419,109-TZ-T30,FPQ-8303,SO-40522,DN-2413,Tanzania,PMO - US,From RDC,N/A - From RDC,Truck,2011-08-22,2011-06-29,2011-12-29,2011-11-15,2011-11-15,ARV,Pediatric,SCMS from RDC,"Nevirapine 10mg/ml, oral suspension w/syringe, Bottle, 240 ml",Nevirapine,Generic,10mg/ml,Oral suspension,240,2374,4629.3,1.95,0.01,"Aurobindo Unit III, India",True,888.0,4417.96,7.64
10019,86420,111-MZ-T30,FPQ-7053,SO-38640,DN-2415,Mozambique,PMO - US,From RDC,N/A - From RDC,Truck,2011-01-24,2011-06-15,2011-12-15,2011-12-14,2011-12-14,ARV,Pediatric,SCMS from RDC,"Nevirapine 10mg/ml, oral suspension w/syringe, Bottle, 240 ml",Nevirapine,Generic,10mg/ml,Oral suspension,240,10070,19636.5,1.95,0.01,"Aurobindo Unit III, India",True,3787.0,2451.86,32.4
10020,86421,110-ZM-T30,FPQ-8113,SO-40290,DN-2424,Zambia,PMO - US,From RDC,N/A - From RDC,Truck,2011-08-02,2011-06-27,2011-12-27,2011-11-28,2011-11-28,ARV,Adult,SCMS from RDC,"Lamivudine/Zidovudine 150/300mg, tablets, 60 Tabs",Lamivudine/Zidovudine,Generic,150/300mg,Tablet - FDC,60,85000,702100.0,8.26,0.14,"Aurobindo Unit VII, IN",True,8296.0,9978.08,1158.46
10021,86422,110-ZM-T30,FPQ-8383,SO-40742,DN-2433,Zambia,PMO - US,From RDC,N/A - From RDC,Truck,2011-09-11,2011-07-19,2012-01-19,2011-11-28,2011-11-28,ARV,Adult,SCMS from RDC,"Emtricitabine/Tenofovir Disoproxil Fumarate 200/300mg, tablets, 30 Tabs",Emtricitabine/Tenofovir Disoproxil Fumarate,Generic,200/300mg,Tablet - FDC,30,50000,448500.0,8.97,0.3,Mylan (formerly Matrix) Nashik,True,4155.0,6968.97,740.02
10022,86423,114-UG-T30,FPQ-8520,SO-40911,DN-2435,Uganda,PMO - US,From RDC,N/A - From RDC,Truck,2011-10-05,2011-07-09,2012-01-09,2011-12-01,2011-12-01,ARV,Adult,SCMS from RDC,"Lamivudine/Nevirapine/Zidovudine 150/200/300mg, tablets, 60 Tabs",Lamivudine/Nevirapine/Zidovudine,Generic,150/300/200mg,Tablet - FDC,60,35000,385000.0,11.0,0.18,Mylan (formerly Matrix) Nashik,False,2657.0,5458.45,635.25
10023,86424,114-UG-T30,FPQ-8520,SO-40911,DN-2435,Uganda,PMO - US,From RDC,N/A - From RDC,Truck,2011-10-05,2011-07-09,2012-01-09,2011-12-01,2011-12-01,ARV,Adult,SCMS from RDC,"Nevirapine 200mg, tablets, 60 Tabs",Nevirapine,Generic,200mg,Tablet,60,4466,11522.28,2.58,0.04,"Strides, Bangalore, India.",False,668.5,5458.45,19.01
10024,86425,107-RW-T30,FPQ-8716,SO-41050,DN-2438,Rwanda,PMO - US,From RDC,N/A - From RDC,Air,2011-10-31,2011-06-05,2011-12-05,2011-11-20,2011-11-20,ARV,Pediatric,SCMS from RDC,"Abacavir 20mg/ml, oral solution w/syringe, Bottle, 240 ml",Abacavir,Generic,20mg/ml,Oral solution,240,580,7250.0,12.5,0.05,"Aurobindo Unit III, India",True,214.0,2057.2,10.16
10025,86426,104-CI-T30,FPQ-8363,SO-40821,DN-2448,Côte d'Ivoire,PMO - US,From RDC,N/A - From RDC,Truck,2011-08-29,2011-09-02,2012-03-02,2011-12-05,2011-12-05,ARV,Adult,SCMS from RDC,"Efavirenz 600mg, tablets, 30 Tabs",Efavirenz,Generic,600mg,Tablet,30,20076,84720.72,4.22,0.14,"Strides, Bangalore, India.",True,1223.0,3526.27,139.79
10026,86427,104-CI-T30,FPQ-7659,SO-40120,DN-2449,Côte d'Ivoire,PMO - US,From RDC,N/A - From RDC,Air,2011-05-03,2011-06-30,2011-12-30,2011-12-05,2011-12-05,ARV,Adult,SCMS from RDC,"Efavirenz 600mg, tablets, 30 Tabs",Efavirenz,Generic,600mg,Tablet,30,7132,30097.04,4.22,0.14,"Strides, Bangalore, India.",True,434.0,3526.27,49.66
10027,86428,151-NG-T30,FPQ-7812,SO-40727,DN-2450,Nigeria,PMO - US,From RDC,N/A - From RDC,Air Charter,2011-06-06,2011-06-20,2011-12-20,2011-12-18,2011-12-18,ARV,Adult,SCMS from RDC,"Tenofovir Disoproxil Fumarate 300mg, tablets, 30 Tabs",Tenofovir Disoproxil Fumarate,Generic,300mg,Tablet,30,361,2317.62,6.42,0.21,Mylan (formerly Matrix) Nashik,True,40.0,15322.73,3.82
10028,86429,151-NG-T30,FPQ-8364,SO-40654,DN-2462,Nigeria,PMO - US,From RDC,N/A - From RDC,Air Charter,2011-08-29,2011-09-02,2012-03-02,2011-12-18,2011-12-18,ARV,Adult,SCMS from RDC,"Nevirapine 200mg, tablets, 60 Tabs",Nevirapine,Generic,200mg,Tablet,60,85722,221162.76,2.58,0.04,"Strides, Bangalore, India.",False,668.5,12601.07,364.92
10029,86430,151-NG-T30,FPQ-8364,SO-40661,DN-2465,Nigeria,PMO - US,From RDC,N/A - From RDC,Air Charter,2011-08-29,2011-09-16,2012-03-16,2011-12-18,2011-12-18,ARV,Adult,SCMS from RDC,"Lamivudine/Nevirapine/Zidovudine 150/200/300mg, tablets, 60 Tabs",Lamivudine/Nevirapine/Zidovudine,Generic,150/300/200mg,Tablet - FDC,60,99974,1121708.28,11.22,0.19,"Cipla, Goa, India",False,668.5,12601.07,1850.82
10030,86431,106-HT-T30,FPQ-7653,SO-39744,DN-2470,Haiti,PMO - US,From RDC,N/A - From RDC,Air,2011-05-11,2011-07-31,2012-01-31,2012-01-17,2012-01-17,ARV,Adult,SCMS from RDC,"Efavirenz 600mg, tablets, 30 Tabs",Efavirenz,Generic,600mg,Tablet,30,33600,141792.0,4.22,0.14,"Strides, Bangalore, India.",True,2047.0,20746.03,233.96
10031,86432,105-GY-T30,FPQ-8621,SO-41020,DN-2482,Guyana,PMO - US,From RDC,N/A - From RDC,Air,2011-10-27,2011-07-27,2012-01-27,2012-01-18,2012-01-18,ARV,Pediatric,SCMS from RDC,"Zidovudine 10mg/ml, oral solution w/syringe, Bottle, 240 ml",Zidovudine,Generic,10mg/ml,Oral solution,240,369,774.9,2.1,0.01,"Aurobindo Unit III, India",True,103.0,2270.54,1.09
10032,86433,114-UG-T30,FPQ-8522,SO-40930,DN-2489,Uganda,PMO - US,From RDC,N/A - From RDC,Truck,2011-10-05,2011-08-16,2012-02-16,2012-02-03,2012-02-03,ARV,Adult,SCMS from RDC,"Lamivudine/Zidovudine 150/300mg, tablets, 60 Tabs",Lamivudine/Zidovudine,Generic,150/300mg,Tablet - FDC,60,18528,153041.28,8.26,0.14,"Aurobindo Unit III, India",True,1713.0,15672.8,252.52
10033,86435,101-CD-T30,FPQ-8840,SO-41130,DN-2492,"Congo, DRC",PMO - US,From RDC,N/A - From RDC,Air,2011-11-21,2011-09-16,2012-03-16,2012-02-14,2012-02-14,ARV,Adult,SCMS from RDC,"Lamivudine/Zidovudine 150/300mg, tablets, 60 Tabs",Lamivudine/Zidovudine,Generic,150/300mg,Tablet - FDC,60,20,165.2,8.26,0.14,"Aurobindo Unit III, India",False,35.5,2346.5699999999997,0.23
10034,86436,101-CD-T30,FPQ-8840,SO-41130,DN-2492,"Congo, DRC",PMO - US,From RDC,N/A - From RDC,Air,2011-11-21,2011-09-16,2012-03-16,2012-02-14,2012-02-14,ARV,Adult,SCMS from RDC,"Lamivudine/Nevirapine/Zidovudine 150/200/300mg, tablets, 60 Tabs",Lamivudine/Nevirapine/Zidovudine,Generic,150/300/200mg,Tablet - FDC,60,89,979.0,11.0,0.18,Mylan (formerly Matrix) Nashik,False,668.5,2346.5699999999997,1.37
10035,86437,101-CD-T30,FPQ-8840,SO-41130,DN-2492,"Congo, DRC",PMO - US,From RDC,N/A - From RDC,Air,2011-11-21,2011-09-16,2012-03-16,2012-02-14,2012-02-14,ARV,Adult,SCMS from RDC,"Lopinavir/Ritonavir 200/50mg, tablets, 120 Tabs",Lopinavir/Ritonavir,Generic,200/50mg,Tablet,120,11,371.14,33.74,0.28,"Aurobindo Unit III, India",False,17.0,2346.5699999999997,0.52
10036,86438,101-CD-T30,FPQ-8840,SO-41131,DN-2493,"Congo, DRC",PMO - US,From RDC,N/A - From RDC,Air,2011-11-21,2011-09-16,2012-03-16,2012-02-14,2012-02-14,ARV,Adult,SCMS from RDC,"Efavirenz 600mg, tablets, 30 Tabs",Efavirenz,Generic,600mg,Tablet,30,42,173.04,4.12,0.14,"Strides, Bangalore, India.",False,123.0,2346.5699999999997,0.24
10037,86439,101-CD-T30,FPQ-8840,SO-41133,DN-2495,"Congo, DRC",PMO - US,From RDC,N/A - From RDC,Air,2011-11-21,2011-09-16,2012-03-16,2012-02-14,2012-02-14,ARV,Adult,SCMS from RDC,"Lopinavir/Ritonavir 200/50mg, tablets, 120 Tabs",Lopinavir/Ritonavir,Generic,200/50mg,Tablet,120,23,776.02,33.74,0.28,"Aurobindo Unit III, India",False,27.0,2346.5699999999997,1.09
10038,86440,101-CD-T30,FPQ-8840,SO-41133,DN-2495,"Congo, DRC",PMO - US,From RDC,N/A - From RDC,Air,2011-11-21,2011-09-16,2012-03-16,2012-02-14,2012-02-14,ARV,Adult,SCMS from RDC,"Nevirapine 200mg, tablets, 60 Tabs",Nevirapine,Generic,200mg,Tablet,60,18,46.44,2.58,0.04,"Strides, Bangalore, India.",False,55.0,2346.5699999999997,0.07
10039,86441,101-CD-T30,FPQ-8840,SO-41135,DN-2497,"Congo, DRC",PMO - US,From RDC,N/A - From RDC,Air,2011-11-21,2011-09-16,2012-03-16,2012-02-14,2012-02-14,ARV,Adult,SCMS from RDC,"Nevirapine 200mg, tablets, 60 Tabs",Nevirapine,Generic,200mg,Tablet,60,21,54.18,2.58,0.04,"Strides, Bangalore, India.",False,55.0,2346.5699999999997,0.08
10040,86442,101-CD-T30,FPQ-8840,SO-41137,DN-2499,"Congo, DRC",PMO - US,From RDC,N/A - From RDC,Air,2011-11-21,2011-09-16,2012-03-16,2012-02-14,2012-02-14,ARV,Adult,SCMS from RDC,"Efavirenz 600mg, tablets, 30 Tabs",Efavirenz,Generic,600mg,Tablet,30,560,2307.2,4.12,0.14,"Strides, Bangalore, India.",False,75.0,2346.5699999999997,3.23
10041,86443,101-CD-T30,FPQ-8840,SO-41138,DN-2500,"Congo, DRC",PMO - US,From RDC,N/A - From RDC,Air,2011-11-21,2011-08-10,2012-02-10,2012-02-14,2012-02-14,ARV,Adult,SCMS from RDC,"Abacavir 300mg, tablets, 60 Tabs",Abacavir,Generic,300mg,Tablet,60,147,2150.61,14.63,0.24,Mylan (formerly Matrix) Nashik,False,668.5,2346.5699999999997,3.02
10042,86444,105-GY-T30,FPQ-8620,SO-41000,DN-2503,Guyana,PMO - US,From RDC,N/A - From RDC,Air,2011-10-27,2011-09-30,2012-03-30,2012-02-04,2012-02-04,ARV,Adult,SCMS from RDC,"Stavudine 15mg, capsules, 60 Caps",Stavudine,Generic,15mg,Capsule,60,12,15.84,1.32,0.02,"Aurobindo Unit III, India",False,48.0,1924.4650000000001,0.02
10043,86445,101-CD-T30,FPQ-8840,SO-41140,DN-2504,"Congo, DRC",PMO - US,From RDC,N/A - From RDC,Air,2011-11-21,2011-09-16,2012-03-16,2012-04-03,2012-04-03,ARV,Adult,SCMS from RDC,"Zidovudine 300mg, tablets, 60 Tabs",Zidovudine,Generic,300mg,Tablet,60,166,1165.32,7.02,0.12,Hetero Unit III Hyderabad IN,False,668.5,2346.5699999999997,1.63
10044,86446,101-CD-T30,FPQ-8840,SO-41141,DN-2505,"Congo, DRC",PMO - US,From RDC,N/A - From RDC,Air,2011-11-21,2011-09-16,2012-03-16,2012-03-14,2012-03-14,ARV,Adult,SCMS from RDC,"Zidovudine 300mg, tablets, 60 Tabs",Zidovudine,Generic,300mg,Tablet,60,720,5054.4,7.02,0.12,Hetero Unit III Hyderabad IN,False,59.0,2346.5699999999997,7.09
10045,86447,101-CD-T30,FPQ-8840,SO-41144,DN-2508,"Congo, DRC",PMO - US,From RDC,N/A - From RDC,Air,2011-11-21,2011-09-16,2012-03-16,2012-03-14,2012-03-14,ARV,Pediatric,SCMS from RDC,"Nevirapine 10mg/ml, oral suspension w/syringe, Bottle, 240 ml",Nevirapine,Generic,10mg/ml,Oral suspension,240,291,567.45,1.95,0.01,"Aurobindo Unit III, India",False,668.5,2346.5699999999997,0.8
10046,86448,101-CD-T30,FPQ-8840,SO-41144,DN-2508,"Congo, DRC",PMO - US,From RDC,N/A - From RDC,Air,2011-11-21,2011-09-16,2012-03-16,2012-03-14,2012-03-14,ARV,Adult,SCMS from RDC,"Lamivudine/Tenofovir Disoproxil Fumarate 300/300mg, tablets, 30 Tabs",Lamivudine/Tenofovir Disoproxil Fumarate,Generic,300/300mg,Tablet - FDC,30,36,218.88,6.08,0.2,Mylan (formerly Matrix) Nashik,False,22.0,2346.5699999999997,0.31
10047,86449,110-ZM-T30,FPQ-7767,SO-40270,DN-2513,Zambia,PMO - US,From RDC,N/A - From RDC,Truck,2011-07-26,2011-08-28,2012-02-28,2012-02-17,2012-02-17,ARV,Adult,SCMS from RDC,"Zidovudine 300mg, tablets, 60 Tabs",Zidovudine,Generic,300mg,Tablet,60,20513,144001.26,7.02,0.12,Hetero Unit III Hyderabad IN,False,668.5,6476.695,237.6
10048,86450,110-ZM-T30,FPQ-7667,SO-40240,DN-2515,Zambia,PMO - US,From RDC,N/A - From RDC,Truck,2011-07-26,2011-08-29,2012-02-29,2012-02-17,2012-02-17,ARV,Pediatric,SCMS from RDC,"Nevirapine 10mg/ml, oral suspension w/syringe, Bottle, 240 ml",Nevirapine,Generic,10mg/ml,Oral suspension,240,40126,78245.7,1.95,0.01,"Aurobindo Unit III, India",True,12360.0,11292.05,129.11
10049,86451,106-HT-T30,FPQ-9056,SO-41320,DN-2521,Haiti,PMO - US,From RDC,N/A - From RDC,Air,2011-12-20,2011-09-30,2012-03-30,2012-02-13,2012-02-13,ARV,Adult,SCMS from RDC,"Lamivudine/Stavudine 150/30mg, tablets, 60 Tabs",Lamivudine/Stavudine,Generic,150/30mg,Tablet - FDC,60,432,1274.4,2.95,0.05,"Strides, Bangalore, India.",False,668.5,2946.7200000000003,1.79
10050,86452,106-HT-T30,FPQ-7653,SO-39740,DN-2534,Haiti,PMO - US,From RDC,N/A - From RDC,Air,2011-05-11,2011-09-15,2012-03-15,2012-03-12,2012-03-12,ARV,Adult,SCMS from RDC,"Stavudine 20mg, capsules, 60 Caps",Stavudine,Generic,20mg,Capsule,60,270,372.6,1.38,0.02,"Aurobindo Unit III, India",True,16.0,1109.0,0.61
10051,86453,109-TZ-T30,FPQ-8297,SO-40612,DN-2543,Tanzania,PMO - US,From RDC,N/A - From RDC,Truck,2011-08-22,2011-09-30,2012-03-30,2012-02-14,2012-02-14,ARV,Adult,SCMS from RDC,"Lamivudine/Zidovudine 150/300mg, tablets, 60 Tabs",Lamivudine/Zidovudine,Generic,150/300mg,Tablet - FDC,60,233630,1929783.8,8.26,0.14,"Aurobindo Unit III, India",True,21394.0,13590.64,3184.14
10052,86454,114-UG-T30,FPQ-8522,SO-40940,DN-2547,Uganda,PMO - US,From RDC,N/A - From RDC,Truck,2011-10-05,2011-09-19,2012-03-19,2012-02-15,2012-02-15,ARV,Adult,SCMS from RDC,"Nevirapine 200mg, tablets, 60 Tabs",Nevirapine,Generic,200mg,Tablet,60,19705,50838.9,2.58,0.04,"Strides, Bangalore, India.",True,1095.0,4405.24,83.88
10053,86455,151-NG-T30,FPQ-8952,SO-41450,DN-2565,Nigeria,PMO - US,From RDC,N/A - From RDC,Air Charter,2011-12-08,2011-12-20,2012-06-20,2012-02-16,2012-02-16,ARV,Adult,SCMS from RDC,"Lamivudine/Tenofovir Disoproxil Fumarate 300/300mg, tablets, 30 Tabs",Lamivudine/Tenofovir Disoproxil Fumarate,Generic,300/300mg,Tablet - FDC,30,27574,167649.92,6.08,0.2,Mylan (formerly Matrix) Nashik,True,2376.0,25231.96,235.05
10054,86456,151-NG-T30,FPQ-8952,SO-41266,DN-2568,Nigeria,PMO - US,From RDC,N/A - From RDC,Air Charter,2011-12-08,2011-12-20,2012-06-20,2012-02-16,2012-02-16,ARV,Adult,SCMS from RDC,"Nevirapine 200mg, tablets, 60 Tabs",Nevirapine,Generic,200mg,Tablet,60,98645,254504.1,2.58,0.04,"Aurobindo Unit III, India",False,668.5,12601.07,356.81
10055,86457,109-TZ-T30,FPQ-9275,SO-41460,DN-2583,Tanzania,PMO - US,From RDC,N/A - From RDC,Air,2012-02-02,2011-09-30,2012-03-30,2012-03-07,2012-03-07,HRDT,HIV test,SCMS from RDC,"HIV 1/2, Uni-Gold HIV Kit, 20 Tests","HIV 1/2, Uni-Gold HIV Kit",Uni-Gold,no_dosage,Test kit,20,5000,160000.0,32.0,1.6,"Trinity Biotech, Plc",True,1578.0,8925.0,224.32
10056,86458,111-MZ-T30,FPQ-8157,SO-40381,DN-2590,Mozambique,PMO - US,From RDC,N/A - From RDC,Truck,2011-08-04,2011-11-07,2012-05-07,2012-05-24,2012-05-24,ARV,Adult,SCMS from RDC,"Lamivudine/Nevirapine/Stavudine 150/200/30mg, tablets, 60 Tabs",Lamivudine/Nevirapine/Stavudine,Generic,150/200/30mg,Tablet - FDC,60,25394,136619.72,5.38,0.09,"Strides, Bangalore, India.",False,668.5,5192.68,225.42
10057,86459,102-BI-T30,FPQ-9229,SO-41530,DN-2594,Burundi,PMO - US,From RDC,N/A - From RDC,Air,2012-01-25,2011-10-26,2012-04-26,2012-05-04,2012-05-04,ARV,Adult,SCMS from RDC,"Lamivudine/Zidovudine 150/300mg, tablets, 60 Tabs",Lamivudine/Zidovudine,Generic,150/300mg,Tablet - FDC,60,25240,201920.0,8.0,0.13,Hetero Unit III Hyderabad IN,False,668.5,3544.4849999999997,283.09
10058,86460,102-BI-T30,FPQ-9229,SO-41530,DN-2594,Burundi,PMO - US,From RDC,N/A - From RDC,Air,2012-01-25,2011-10-26,2012-04-26,2012-05-04,2012-05-04,ARV,Adult,SCMS from RDC,"Abacavir 300mg, tablets, 60 Tabs",Abacavir,Generic,300mg,Tablet,60,350,5120.5,14.63,0.24,Mylan (formerly Matrix) Nashik,False,45.0,3544.4849999999997,7.18
10059,86461,114-UG-T30,FPQ-9321,SO-41521,DN-2596,Uganda,PMO - US,From RDC,N/A - From RDC,Truck,2012-02-10,2011-10-24,2012-04-24,2012-04-03,2012-04-03,ARV,Adult,SCMS from RDC,"Efavirenz 600mg, tablets, 30 Tabs",Efavirenz,Generic,600mg,Tablet,30,1150,4738.0,4.12,0.14,"Strides, Bangalore, India.",True,70.0,1494.6,6.64
10060,86463,114-UG-T30,FPQ-9354,SO-41630,DN-2603,Uganda,PMO - US,From RDC,N/A - From RDC,Air,2012-02-20,2011-11-03,2012-05-03,2012-03-27,2012-03-27,ARV,Adult,SCMS from RDC,"Lamivudine 150mg, tablets, 60 Tabs",Lamivudine,Generic,150mg,Tablet,60,1614,3760.62,2.33,0.04,Macleods Daman Plant INDIA,False,668.5,2485.92,5.27
10061,86464,113-ZW-T30,FPQ-8464,SO-40850,DN-2605,Zimbabwe,PMO - US,From RDC,N/A - From RDC,Truck,2011-10-04,2011-10-13,2012-04-13,2012-04-10,2012-04-10,ARV,Adult,SCMS from RDC,"Efavirenz 600mg, tablets, 30 Tabs",Efavirenz,Generic,600mg,Tablet,30,17422,71778.64,4.12,0.14,"Strides, Bangalore, India.",False,668.5,6721.705,118.43
10062,86465,113-ZW-T30,FPQ-8464,SO-40850,DN-2605,Zimbabwe,PMO - US,From RDC,N/A - From RDC,Truck,2011-10-04,2011-10-13,2012-04-13,2012-04-10,2012-04-10,ARV,Adult,SCMS from RDC,"Lamivudine/Nevirapine/Zidovudine 150/200/300mg, tablets, 60 Tabs",Lamivudine/Nevirapine/Zidovudine,Generic,150/300/200mg,Tablet - FDC,60,11574,127314.0,11.0,0.18,"Aurobindo Unit III, India",False,793.0,6721.705,210.07
10063,86466,113-ZW-T30,FPQ-8464,SO-40850,DN-2605,Zimbabwe,PMO - US,From RDC,N/A - From RDC,Truck,2011-10-04,2011-10-13,2012-04-13,2012-04-10,2012-04-10,ARV,Adult,SCMS from RDC,"Lamivudine/Nevirapine/Stavudine 150/200/30mg, tablets, 60 Tabs",Lamivudine/Nevirapine/Stavudine,Generic,150/200/30mg,Tablet - FDC,60,71030,382141.4,5.38,0.09,"Strides, Bangalore, India.",False,6990.0,6721.705,630.53
10064,86467,110-ZM-T30,FPQ-8476,SO-40953,DN-2608,Zambia,PMO - US,From RDC,N/A - From RDC,Truck,2011-09-27,2011-11-15,2012-05-15,2012-04-16,2012-04-16,ARV,Adult,SCMS from RDC,"Emtricitabine/Tenofovir Disoproxil Fumarate 200/300mg, tablets, 30 Tabs",Emtricitabine/Tenofovir Disoproxil Fumarate,Generic,200/300mg,Tablet - FDC,30,79075,709302.75,8.97,0.3,Mylan (formerly Matrix) Nashik,False,668.5,6476.695,1170.35
10065,86468,111-MZ-T30,FPQ-8157,SO-40390,DN-2616,Mozambique,PMO - US,From RDC,N/A - From RDC,Truck,2011-08-04,2011-11-07,2012-05-07,2012-05-10,2012-05-10,ARV,Adult,SCMS from RDC,"Lamivudine/Nevirapine/Zidovudine 150/200/300mg, tablets, 60 Tabs",Lamivudine/Nevirapine/Zidovudine,Generic,150/300/200mg,Tablet - FDC,60,2551,28622.22,11.22,0.19,"Aurobindo Unit III, India",False,668.5,5192.68,47.23
10066,86469,107-RW-T30,FPQ-9637,SO-41810,DN-2628,Rwanda,PMO - US,From RDC,N/A - From RDC,Air,2012-03-28,2011-10-26,2012-04-26,2012-04-08,2012-04-08,ARV,Adult,SCMS from RDC,"Efavirenz 600mg, tablets, 30 Tabs",Efavirenz,Generic,600mg,Tablet,30,26962,111083.44,4.12,0.14,"Strides, Bangalore, India.",True,1638.0,18446.92,155.74
10067,86470,102-LY-T30,FPQ-9665,SO-41910,DN-2642,Libya,PMO - US,From RDC,N/A - From RDC,Air,2012-04-04,2011-11-23,2012-05-23,2012-05-08,2012-05-08,ARV,Adult,SCMS from RDC,"Efavirenz 600mg, tablets, 30 Tabs",Efavirenz,Generic,600mg,Tablet,30,6667,26067.97,3.91,0.13,"Strides, Bangalore, India.",True,406.0,3062.18,36.55
10068,86471,151-NG-T30,FPQ-8952,SO-41921,DN-2646,Nigeria,PMO - US,From RDC,N/A - From RDC,Air Charter,2011-12-08,2011-12-20,2012-06-20,2012-04-30,2012-04-30,ARV,Adult,SCMS from RDC,"Lamivudine/Tenofovir Disoproxil Fumarate 300/300mg, tablets, 30 Tabs",Lamivudine/Tenofovir Disoproxil Fumarate,Generic,300/300mg,Tablet - FDC,30,94153,521607.62,5.54,0.18,"Aurobindo Unit VII, IN",True,10684.0,27441.22,731.29
10069,86472,113-ZW-T30,FPQ-8464,SO-40870,DN-2656,Zimbabwe,PMO - US,From RDC,N/A - From RDC,Truck,2011-10-04,2011-12-12,2012-06-12,2012-05-25,2012-05-25,ARV,Adult,SCMS from RDC,"Lamivudine/Nevirapine/Stavudine 150/200/30mg, tablets, 60 Tabs",Lamivudine/Nevirapine/Stavudine,Generic,150/200/30mg,Tablet - FDC,60,71030,333841.0,4.7,0.08,"Strides, Bangalore, India.",False,6990.0,6721.705,550.84
10070,86473,113-ZW-T30,FPQ-8464,SO-40870,DN-2656,Zimbabwe,PMO - US,From RDC,N/A - From RDC,Truck,2011-10-04,2011-12-12,2012-06-12,2012-05-25,2012-05-25,ARV,Adult,SCMS from RDC,"Lamivudine/Nevirapine/Zidovudine 150/200/300mg, tablets, 60 Tabs",Lamivudine/Nevirapine/Zidovudine,Generic,150/300/200mg,Tablet - FDC,60,11574,119096.46,10.29,0.17,Mylan (formerly Matrix) Nashik,False,793.0,6721.705,196.51
10071,86474,110-ZM-T30,FPQ-9472,SO-41710,DN-2661,Zambia,PMO - US,From RDC,N/A - From RDC,Truck,2012-03-08,2012-01-26,2012-07-26,2012-06-18,2012-06-18,ARV,Adult,SCMS from RDC,"Efavirenz 600mg, tablets, 30 Tabs",Efavirenz,Generic,600mg,Tablet,30,28452,111247.32,3.91,0.13,"Strides, Bangalore, India.",False,668.5,6476.695,155.97
10072,86475,104-CI-T30,FPQ-8790,SO-41200,DN-2652,Côte d'Ivoire,PMO - US,From RDC,N/A - From RDC,Air,2011-11-11,2011-11-30,2012-05-30,2012-05-30,2012-05-30,ARV,Adult,SCMS from RDC,"Abacavir 300mg, tablets, 60 Tabs",Abacavir,Generic,300mg,Tablet,60,620,8153.0,13.15,0.22,Mylan (formerly Matrix) Nashik,False,668.5,4063.81,11.43
10073,86476,110-ZM-T30,FPQ-9472,SO-41701,DN-2665,Zambia,PMO - US,From RDC,N/A - From RDC,Truck,2012-03-08,2012-02-23,2012-08-23,2012-06-18,2012-06-18,ARV,Adult,SCMS from RDC,"Emtricitabine/Tenofovir Disoproxil Fumarate 200/300mg, tablets, 30 Tabs",Emtricitabine/Tenofovir Disoproxil Fumarate,Generic,200/300mg,Tablet - FDC,30,9400,75576.0,8.04,0.27,Mylan (formerly Matrix) Nashik,True,796.0,4496.13,105.96
10074,86477,107-RW-T30,FPQ-9888,SO-42131,DN-2672,Rwanda,PMO - US,From RDC,N/A - From RDC,Air,2012-05-11,2012-02-24,2012-08-24,2012-06-04,2012-06-04,ARV,Adult,SCMS from RDC,"Abacavir 300mg, tablets, 60 Tabs",Abacavir,Generic,300mg,Tablet,60,5232,68800.8,13.15,0.22,Mylan (formerly Matrix) Nashik,True,526.0,9994.57,96.46
10075,86478,114-UG-T30,FPQ-9875,SO-42080,DN-2677,Uganda,PMO - US,From RDC,N/A - From RDC,Truck,2012-05-09,2012-02-17,2012-08-17,2012-06-08,2012-06-08,ARV,Adult,SCMS from RDC,"Lamivudine/Zidovudine 150/300mg, tablets, 60 Tabs",Lamivudine/Zidovudine,Generic,150/300mg,Tablet - FDC,60,18518,144070.04,7.78,0.13,Mylan (formerly Matrix) Nashik,False,668.5,5458.45,201.99
10076,86479,113-ZW-T30,FPQ-8464,SO-40881,DN-2683,Zimbabwe,PMO - US,From RDC,N/A - From RDC,Truck,2011-10-04,2012-02-14,2012-08-14,2012-06-27,2012-06-27,ARV,Adult,SCMS from RDC,"Lamivudine/Nevirapine/Stavudine 150/200/30mg, tablets, 60 Tabs",Lamivudine/Nevirapine/Stavudine,Generic,150/200/30mg,Tablet - FDC,60,66980,314806.0,4.7,0.08,"Strides, Bangalore, India.",True,1838.0,5530.11,519.43
10077,86480,151-NG-T30,FPQ-9432,SO-42333,DN-2688,Nigeria,PMO - US,From RDC,N/A - From RDC,Air Charter,2012-03-01,2012-02-02,2012-08-02,2012-07-09,2012-07-09,ARV,Adult,SCMS from RDC,"Lopinavir/Ritonavir 200/50mg, tablets, 120 Tabs",Lopinavir/Ritonavir,Generic,200/50mg,Tablet,120,24470,726269.6,29.68,0.25,"Aurobindo Unit III, India",True,6808.0,21347.12,1018.23
10078,86481,104-CI-T30,FPQ-8787,SO-41170,DN-2689,Côte d'Ivoire,PMO - US,From RDC,N/A - From RDC,Air,2011-11-11,2011-12-21,2012-06-21,2012-06-15,2012-06-15,ARV,Adult,SCMS from RDC,"Lamivudine/Nevirapine/Zidovudine 150/200/300mg, tablets, 60 Tabs",Lamivudine/Nevirapine/Zidovudine,Generic,150/300/200mg,Tablet - FDC,60,100000,1029000.0,10.29,0.17,Mylan (formerly Matrix) Nashik,True,13055.0,23994.1,1442.66
10079,86482,113-ZW-T30,FPQ-8464,SO-40883,DN-2693,Zimbabwe,PMO - US,From RDC,N/A - From RDC,Truck,2011-10-04,2012-02-14,2012-08-14,2012-06-27,2012-06-27,ARV,Adult,SCMS from RDC,"Nevirapine 200mg, tablets, 60 Tabs",Nevirapine,Generic,200mg,Tablet,60,20000,48800.0,2.44,0.04,"Aurobindo Unit III, India",False,2292.5,6721.705,80.52
10080,86483,113-ZW-T30,FPQ-8464,SO-40883,DN-2693,Zimbabwe,PMO - US,From RDC,N/A - From RDC,Truck,2011-10-04,2012-02-14,2012-08-14,2012-06-27,2012-06-27,ARV,Adult,SCMS from RDC,"Nevirapine 200mg, tablets, 60 Tabs",Nevirapine,Generic,200mg,Tablet,60,49037,119650.28,2.44,0.04,Hetero Unit III Hyderabad IN,False,668.5,6721.705,197.42
10081,86484,111-MZ-T30,FPQ-9506,SO-41790,DN-2705,Mozambique,PMO - US,From RDC,N/A - From RDC,Truck,2012-03-16,2012-02-21,2012-08-21,2012-08-22,2012-08-22,ARV,Pediatric,SCMS from RDC,"Nevirapine 10mg/ml, oral suspension w/syringe, Bottle, 240 ml",Nevirapine,Generic,10mg/ml,Oral suspension,240,24496,47767.2,1.95,0.01,"Aurobindo Unit III, India",True,9080.0,6483.81,66.97
10082,86485,113-ZW-T30,FPQ-8464,SO-40891,DN-2694,Zimbabwe,PMO - US,From RDC,N/A - From RDC,Truck,2011-10-04,2012-04-16,2012-10-16,2012-06-27,2012-06-27,ARV,Adult,SCMS from RDC,"Lamivudine/Nevirapine/Stavudine 150/200/30mg, tablets, 60 Tabs",Lamivudine/Nevirapine/Stavudine,Generic,150/200/30mg,Tablet - FDC,60,71030,333841.0,4.7,0.08,"Strides, Bangalore, India.",False,6990.0,6721.705,550.84
10083,86486,151-NG-T30,FPQ-9432,SO-42335,DN-2709,Nigeria,PMO - US,From RDC,N/A - From RDC,Air Charter,2012-03-01,2012-02-02,2012-08-02,2012-06-03,2012-06-03,ARV,Adult,SCMS from RDC,"Lamivudine/Nevirapine/Zidovudine 150/200/300mg, tablets, 60 Tabs",Lamivudine/Nevirapine/Zidovudine,Generic,150/300/200mg,Tablet - FDC,60,40000,440000.0,11.0,0.18,"Aurobindo Unit III, India",False,4261.0,12601.07,616.88
10084,86487,151-NG-T30,FPQ-9432,SO-42336,DN-2710,Nigeria,PMO - US,From RDC,N/A - From RDC,Air Charter,2012-03-01,2012-02-02,2012-08-02,2012-06-03,2012-06-03,ARV,Adult,SCMS from RDC,"Lamivudine/Tenofovir Disoproxil Fumarate 300/300mg, tablets, 30 Tabs",Lamivudine/Tenofovir Disoproxil Fumarate,Generic,300/300mg,Tablet - FDC,30,75000,415500.0,5.54,0.18,"Aurobindo Unit VII, IN",False,9057.0,12601.07,582.53
10085,86488,109-TZ-T30,FPQ-8303,SO-40470,DN-2714,Tanzania,PMO - US,From RDC,N/A - From RDC,Truck,2011-08-22,2012-02-07,2012-08-07,2012-07-25,2012-07-25,ARV,Pediatric,SCMS from RDC,"Nevirapine 10mg/ml, oral suspension w/syringe, Bottle, 240 ml",Nevirapine,Generic,10mg/ml,Oral suspension,240,26439,51556.05,1.95,0.01,"Aurobindo Unit III, India",True,9907.0,3853.89,85.07
10086,86489,111-MZ-T30,FPQ-9506,SO-41770,DN-2738,Mozambique,PMO - US,From RDC,N/A - From RDC,Truck,2012-03-16,2012-03-04,2012-09-04,2012-08-22,2012-08-22,ARV,Pediatric,SCMS from RDC,"Nevirapine 10mg/ml, oral suspension w/syringe, Bottle, 240 ml",Nevirapine,Generic,10mg/ml,Oral suspension,240,54128,105549.6,1.95,0.01,"Aurobindo Unit III, India",False,668.5,5192.68,147.98
10087,86490,110-ZM-T30,FPQ-9472,SO-41702,DN-2749,Zambia,PMO - US,From RDC,N/A - From RDC,Truck,2012-03-08,2012-02-23,2012-08-23,2012-07-30,2012-07-30,ARV,Adult,SCMS from RDC,"Emtricitabine/Tenofovir Disoproxil Fumarate 200/300mg, tablets, 30 Tabs",Emtricitabine/Tenofovir Disoproxil Fumarate,Generic,200/300mg,Tablet - FDC,30,125000,888750.0,7.11,0.24,"Aurobindo Unit III, India",False,11034.5,6476.695,1246.03
10088,86491,110-ZM-T30,FPQ-9472,SO-41702,DN-2749,Zambia,PMO - US,From RDC,N/A - From RDC,Truck,2012-03-08,2012-02-23,2012-08-23,2012-07-30,2012-07-30,ARV,Adult,SCMS from RDC,"Emtricitabine/Tenofovir Disoproxil Fumarate 200/300mg, tablets, 30 Tabs",Emtricitabine/Tenofovir Disoproxil Fumarate,Generic,200/300mg,Tablet - FDC,30,425,3021.75,7.11,0.24,Mylan (formerly Matrix) Nashik,False,668.5,6476.695,4.24
10089,86492,110-ZM-T30,FPQ-9472,SO-41712,DN-2750,Zambia,PMO - US,From RDC,N/A - From RDC,Truck,2012-03-08,2012-01-26,2012-07-26,2012-07-30,2012-07-30,ARV,Adult,SCMS from RDC,"Efavirenz 600mg, tablets, 30 Tabs",Efavirenz,Generic,600mg,Tablet,30,70156,267294.36,3.81,0.13,"Aurobindo Unit III, India",True,6022.0,18219.83,374.75
10090,86493,104-CI-T30,FPQ-8787,SO-41172,DN-2753,Côte d'Ivoire,PMO - US,From RDC,N/A - From RDC,Air,2011-11-11,2012-01-31,2012-07-31,2012-07-31,2012-07-31,ARV,Adult,SCMS from RDC,"Lamivudine/Nevirapine/Zidovudine 150/200/300mg, tablets, 60 Tabs",Lamivudine/Nevirapine/Zidovudine,Generic,150/300/200mg,Tablet - FDC,60,50000,490500.0,9.81,0.16,"Strides, Bangalore, India.",True,5625.0,11702.27,687.68
10091,86494,109-TZ-T30,FPQ-9271,SO-41580,DN-2761,Tanzania,PMO - US,From RDC,N/A - From RDC,Truck,2012-01-31,2012-02-29,2012-08-31,2012-08-22,2012-08-22,ARV,Adult,SCMS from RDC,"Efavirenz/Emtricitabine/Tenofovir Disoproxil Fumarate 600/200/300mg, tablets, 30 Tabs",Efavirenz/Emtricitabine/Tenofovir Disoproxil Fumarate,Generic,600/200/300mg,Tablet - FDC,30,153642,2310775.68,15.04,0.5,Mylan (formerly Matrix) Nashik,False,668.5,3623.2,3239.71
10092,86496,151-NG-T30,FPQ-8952,SO-42800,DN-2765,Nigeria,PMO - US,From RDC,N/A - From RDC,Air Charter,2011-12-08,2012-01-30,2012-07-30,2012-07-24,2012-07-24,ARV,Adult,SCMS from RDC,"Efavirenz/Lamivudine/Tenofovir Disoproxil Fumarate 600/300/300mg, tablets, 30 Tabs",Efavirenz/Lamivudine/Tenofovir Disoproxil Fumarate,Generic,600/300/300mg,Tablet - FDC,30,7000,92890.0,13.27,0.44,Mylan (formerly Matrix) Nashik,True,858.0,16532.5,130.23
10093,86497,151-NG-T30,FPQ-9432,SO-42802,DN-2767,Nigeria,PMO - US,From RDC,N/A - From RDC,Air Charter,2012-03-01,2012-02-02,2012-08-02,2012-07-24,2012-07-24,ARV,Adult,SCMS from RDC,"Lamivudine/Nevirapine/Zidovudine 150/200/300mg, tablets, 60 Tabs",Lamivudine/Nevirapine/Zidovudine,Generic,150/300/200mg,Tablet - FDC,60,120036,1177553.16,9.81,0.16,Mylan (formerly Matrix) Nashik,False,668.5,12601.07,1650.93
10094,86498,151-NG-T30,FPQ-8952,SO-42804,DN-2771,Nigeria,PMO - US,From RDC,N/A - From RDC,Air Charter,2011-12-08,2012-01-30,2012-07-30,2012-07-24,2012-07-24,ARV,Adult,SCMS from RDC,"Efavirenz/Emtricitabine/Tenofovir Disoproxil Fumarate 600/200/300mg, tablets, 30 Tabs",Efavirenz/Emtricitabine/Tenofovir Disoproxil Fumarate,Generic,600/200/300mg,Tablet - FDC,30,69356,1043114.24,15.04,0.5,Mylan (formerly Matrix) Nashik,True,8038.0,16532.5,1462.45
10095,86499,104-CI-T30,FPQ-9749,SO-42360,DN-2778,Côte d'Ivoire,PMO - US,From RDC,N/A - From RDC,Truck,2012-04-19,2012-02-15,2012-08-15,2012-08-15,2012-08-15,ARV,Adult,SCMS from RDC,"Lamivudine 150mg, tablets, 60 Tabs",Lamivudine,Generic,150mg,Tablet,60,10080,22377.6,2.22,0.04,Hetero Unit III Hyderabad IN,False,772.0,6757.815,31.37
10096,86500,107-RW-T30,FPQ-9888,SO-42132,DN-2779,Rwanda,PMO - US,From RDC,N/A - From RDC,Air,2012-05-11,2012-02-24,2012-08-24,2012-07-31,2012-07-31,ARV,Adult,SCMS from RDC,"Abacavir 300mg, tablets, 60 Tabs",Abacavir,Generic,300mg,Tablet,60,12548,165006.2,13.15,0.22,Mylan (formerly Matrix) Nashik,True,1297.0,21520.66,231.34
10097,86501,114-UG-T30,FPQ-9876,SO-42311,DN-2780,Uganda,PMO - US,From RDC,N/A - From RDC,Air,2012-05-15,2012-03-11,2012-09-11,2012-08-08,2012-08-08,ARV,Adult,SCMS from RDC,"Lopinavir/Ritonavir 200/50mg, tablets, 120 Tabs",Lopinavir/Ritonavir,Generic,200/50mg,Tablet,120,2427,72033.36,29.68,0.25,Mylan (formerly Matrix) Nashik,True,647.0,7263.17,100.99
10098,86502,104-CI-T30,FPQ-9063,SO-41341,DN-2787,Côte d'Ivoire,PMO - US,From RDC,N/A - From RDC,Truck,2011-12-21,2012-02-29,2012-08-31,2012-08-12,2012-08-12,ARV,Adult,SCMS from RDC,"Efavirenz 600mg, tablets, 30 Tabs",Efavirenz,Generic,600mg,Tablet,30,7684,29276.04,3.81,0.13,"Strides, Bangalore, India.",False,668.5,6757.815,41.05
10099,86503,107-RW-T30,FPQ-9888,SO-42111,DN-2788,Rwanda,PMO - US,From RDC,N/A - From RDC,Air,2012-05-11,2012-02-29,2012-08-31,2012-08-16,2012-08-16,ARV,Adult,SCMS from RDC,"Abacavir 300mg, tablets, 60 Tabs",Abacavir,Generic,300mg,Tablet,60,629,8271.35,13.15,0.22,"Aurobindo Unit III, India",True,67.0,1618.12,11.6
10100,86504,117-ET-T30,FPQ-10308,SO-42910,DN-2790,Ethiopia,PMO - US,From RDC,N/A - From RDC,Air,2012-07-23,2012-02-29,2012-08-30,2012-08-30,2012-08-30,ARV,Pediatric,SCMS from RDC,"Nevirapine 10mg/ml, oral suspension w/syringe, Bottle, 240 ml",Nevirapine,Generic,10mg/ml,Oral suspension,240,30000,58500.0,1.95,0.01,"Aurobindo Unit III, India",True,11101.0,33216.14,82.02
10101,86505,151-NG-T30,FPQ-9432,SO-42931,DN-2792,Nigeria,PMO - US,From RDC,N/A - From RDC,Air Charter,2012-03-01,2012-02-20,2012-08-20,2012-08-14,2012-08-14,ARV,Adult,SCMS from RDC,"Efavirenz/Lamivudine/Tenofovir Disoproxil Fumarate 600/300/300mg, tablets, 30 Tabs",Efavirenz/Lamivudine/Tenofovir Disoproxil Fumarate,Generic,600/300/300mg,Tablet - FDC,30,23000,305210.0,13.27,0.44,Mylan (formerly Matrix) Nashik,True,2437.0,18461.23,427.9
10102,86506,151-NG-T30,FPQ-9432,SO-42934,DN-2799,Nigeria,PMO - US,From RDC,N/A - From RDC,Air,2012-03-01,2012-02-29,2012-08-31,2012-08-14,2012-08-14,ARV,Adult,SCMS from RDC,"Lamivudine/Nevirapine/Zidovudine 150/200/300mg, tablets, 60 Tabs",Lamivudine/Nevirapine/Zidovudine,Generic,150/300/200mg,Tablet - FDC,60,132919,1303935.39,9.81,0.16,Mylan (formerly Matrix) Nashik,True,18953.0,18461.22,1828.12
10103,86507,105-GY-T30,FPQ-10252,SO-42780,DN-2811,Guyana,PMO - US,From RDC,N/A - From RDC,Air,2012-07-05,2012-04-02,2012-10-02,2012-08-29,2012-08-29,ARV,Pediatric,SCMS from RDC,"Abacavir 20mg/ml, oral solution w/syringe, Bottle, 240 ml",Abacavir,Generic,20mg/ml,Oral solution,240,129,1612.5,12.5,0.05,"Aurobindo Unit III, India",False,253.0,1924.4650000000001,2.26
10104,86508,102-CD-T30,FPQ-9906,SO-42340,DN-2812,"Congo, DRC",PMO - US,From RDC,N/A - From RDC,Air,2012-05-15,2012-08-14,2013-02-14,2013-02-14,2013-02-14,ARV,Adult,SCMS from RDC,"Lamivudine 150mg, tablets, 60 Tabs",Lamivudine,Generic,150mg,Tablet,60,458,1016.76,2.22,0.04,Hetero Unit III Hyderabad IN,False,668.5,2346.5699999999997,1.43
10105,86509,102-CD-T30,FPQ-9906,SO-42340,DN-2812,"Congo, DRC",PMO - US,From RDC,N/A - From RDC,Air,2012-05-15,2012-08-14,2013-02-14,2013-02-14,2013-02-14,ARV,Adult,SCMS from RDC,"Lamivudine/Nevirapine/Zidovudine 150/200/300mg, tablets, 60 Tabs",Lamivudine/Nevirapine/Zidovudine,Generic,150/300/200mg,Tablet - FDC,60,4027,39504.87,9.81,0.16,Hetero Unit III Hyderabad IN,False,668.5,2346.5699999999997,55.39
10106,86510,151-NG-T30,FPQ-9432,SO-42936,DN-2818,Nigeria,PMO - US,From RDC,N/A - From RDC,Air,2012-03-01,2012-02-29,2012-08-31,2012-08-13,2012-08-13,ARV,Adult,SCMS from RDC,"Nevirapine 200mg, tablets, 60 Tabs",Nevirapine,Generic,200mg,Tablet,60,86761,209961.62,2.42,0.04,Hetero Unit III Hyderabad IN,False,668.5,10144.765,294.37
10107,86530,114-UG-T30,FPQ-10786,SO-43530,DN-2925,Uganda,PMO - US,From RDC,N/A - From RDC,Air,2012-10-10,2012-06-07,2012-12-07,2012-11-28,2012-11-28,ARV,Adult,SCMS from RDC,"Lopinavir/Ritonavir 200/50mg, tablets, 120 Tabs",Lopinavir/Ritonavir,Generic,200/50mg,Tablet,120,8335,222544.5,26.7,0.22,"Aurobindo Unit III, India",True,2034.0,10977.65,275.29
10108,86511,900-UG-T30,FPQ-10048,SO-42610,DN-2829,Uganda,PMO - US,From RDC,N/A - From RDC,Air,2012-06-06,2012-04-29,2012-10-29,2012-10-29,2012-10-29,ARV,Adult,SCMS from RDC,"Lamivudine/Tenofovir Disoproxil Fumarate 300/300mg, tablets, 30 Tabs",Lamivudine/Tenofovir Disoproxil Fumarate,Generic,300/300mg,Tablet - FDC,30,24799,137386.46,5.54,0.18,Mylan (formerly Matrix) Nashik,False,668.5,2485.92,192.62
10109,86512,114-UG-T30,FPQ-9875,SO-42082,DN-2831,Uganda,PMO - US,From RDC,N/A - From RDC,Truck,2012-05-09,2012-04-30,2012-10-31,2012-10-31,2012-10-31,ARV,Adult,SCMS from RDC,"Lamivudine/Tenofovir Disoproxil Fumarate 300/300mg, tablets, 30 Tabs",Lamivudine/Tenofovir Disoproxil Fumarate,Generic,300/300mg,Tablet - FDC,30,19078,105692.12,5.54,0.18,Hetero Unit III Hyderabad IN,True,2030.0,11846.85,148.18
10110,86513,109-TZ-T30,FPQ-9271,SO-41582,DN-2844,Tanzania,PMO - US,From RDC,N/A - From RDC,Truck,2012-01-31,2012-05-15,2012-11-15,2012-11-15,2012-11-15,ARV,Adult,SCMS from RDC,"Lopinavir/Ritonavir 200/50mg, tablets, 120 Tabs",Lopinavir/Ritonavir,Generic,200/50mg,Tablet,120,16114,472301.34,29.31,0.24,Mylan (formerly Matrix) Nashik,True,4256.0,6052.1,662.17
10111,86514,900-SS-T30,FPQ-10517,SO-43070,DN-2858,South Sudan,PMO - US,From RDC,N/A - From RDC,Air,2012-08-17,2012-05-15,2012-11-15,2012-10-23,2012-10-23,ARV,Adult,SCMS from RDC,"Nevirapine 200mg, tablets, 60 Tabs",Nevirapine,Generic,200mg,Tablet,60,225,544.5,2.42,0.04,Mylan (formerly Matrix) Nashik,False,193.5,2575.925,0.76
10112,86515,111-MZ-T30,FPQ-10210,SO-42841,DN-2863,Mozambique,PMO - US,From RDC,N/A - From RDC,Truck,2012-06-28,2012-04-30,2012-10-30,2012-10-10,2012-10-10,ARV,Adult,SCMS from RDC,"Lamivudine/Nevirapine/Zidovudine 150/200/300mg, tablets, 60 Tabs",Lamivudine/Nevirapine/Zidovudine,Generic,150/300/200mg,Tablet - FDC,60,49999,490490.19,9.81,0.16,Hetero Unit III Hyderabad IN,False,668.5,5192.68,687.67
10113,86516,110-ZM-T30,FPQ-9773,SO-41992,DN-2865,Zambia,PMO - US,From RDC,N/A - From RDC,Truck,2012-04-27,2012-04-10,2012-10-10,2012-10-05,2012-10-05,ARV,Adult,SCMS from RDC,"Efavirenz/Emtricitabine/Tenofovir Disoproxil Fumarate 600/200/300mg, tablets, 30 Tabs",Efavirenz/Emtricitabine/Tenofovir Disoproxil Fumarate,Generic,600/200/300mg,Tablet - FDC,30,60000,862800.0,14.38,0.48,Mylan (formerly Matrix) Nashik,False,6875.0,6476.695,1209.65
10114,86517,102-ZW-T30,FPQ-9927,SO-42301,DN-2866,Zimbabwe,PMO - US,From RDC,N/A - From RDC,Truck,2012-05-15,2012-04-30,2012-10-31,2012-10-05,2012-10-05,ARV,Adult,SCMS from RDC,"Lamivudine/Nevirapine/Zidovudine 150/200/300mg, tablets, 60 Tabs",Lamivudine/Nevirapine/Zidovudine,Generic,150/300/200mg,Tablet - FDC,60,100000,981000.0,9.81,0.16,Hetero Unit III Hyderabad IN,True,14115.0,8751.99,1375.36
10115,86518,900-SS-T30,FPQ-10517,SO-43080,DN-2872,South Sudan,PMO - US,From RDC,N/A - From RDC,Air,2012-08-17,2012-05-30,2012-11-30,2012-11-30,2012-11-30,ARV,Adult,SCMS from RDC,"Lamivudine/Zidovudine 150/300mg, tablets, 60 Tabs",Lamivudine/Zidovudine,Generic,150/300mg,Tablet - FDC,60,300,2316.0,7.72,0.13,Mylan (formerly Matrix) Nashik,True,25.0,742.98,3.25
10116,86519,104-CI-T30,FPQ-9749,SO-42400,DN-2880,Côte d'Ivoire,PMO - US,From RDC,N/A - From RDC,Truck,2012-04-19,2012-04-30,2012-10-30,2012-10-24,2012-10-24,ARV,Adult,SCMS from RDC,"Efavirenz 600mg, tablets, 30 Tabs",Efavirenz,Generic,600mg,Tablet,30,83,302.12,3.64,0.12,Hetero Unit III Hyderabad IN,False,16.0,6757.815,0.42
10117,86520,102-ZW-T30,FPQ-9927,SO-42302,DN-2881,Zimbabwe,PMO - US,From RDC,N/A - From RDC,Truck,2012-05-15,2012-04-30,2012-10-31,2012-10-18,2012-10-18,ARV,Adult,SCMS from RDC,"Lamivudine/Zidovudine 150/300mg, tablets, 60 Tabs",Lamivudine/Zidovudine,Generic,150/300mg,Tablet - FDC,60,1006,7766.32,7.72,0.13,Mylan (formerly Matrix) Nashik,False,668.5,0.0,10.89
10118,86521,102-ZW-T30,FPQ-9927,SO-42302,DN-2881,Zimbabwe,PMO - US,From RDC,N/A - From RDC,Truck,2012-05-15,2012-04-30,2012-10-31,2012-10-18,2012-10-18,ARV,Adult,SCMS from RDC,"Lamivudine/Tenofovir Disoproxil Fumarate 300/300mg, tablets, 30 Tabs",Lamivudine/Tenofovir Disoproxil Fumarate,Generic,300/300mg,Tablet - FDC,30,16799,90042.64,5.36,0.18,Hetero Unit III Hyderabad IN,False,668.5,0.0,126.24
10119,86522,109-TZ-T30,FPQ-9774,SO-42650,DN-2883,Tanzania,PMO - US,From RDC,N/A - From RDC,Truck,2012-05-02,2012-05-30,2012-11-30,2012-10-31,2012-10-31,ARV,Adult,SCMS from RDC,"Emtricitabine/Tenofovir Disoproxil Fumarate 200/300mg, tablets, 30 Tabs",Emtricitabine/Tenofovir Disoproxil Fumarate,Generic,200/300mg,Tablet - FDC,30,43040,283633.6,6.59,0.22,Mylan (formerly Matrix) Nashik,False,668.5,3623.2,397.65
10120,86523,110-ZM-T30,FPQ-9773,SO-41993,DN-2884,Zambia,PMO - US,From RDC,N/A - From RDC,Truck,2012-04-27,2012-04-30,2012-10-31,2012-10-19,2012-10-19,ARV,Adult,SCMS from RDC,"Nevirapine 200mg, tablets, 60 Tabs",Nevirapine,Generic,200mg,Tablet,60,45531,111095.64,2.44,0.04,Hetero Unit III Hyderabad IN,False,668.5,6476.695,155.76
10121,86524,109-TZ-T30,FPQ-9303,SO-41550,DN-2888,Tanzania,PMO - US,From RDC,N/A - From RDC,Truck,2012-02-15,2012-05-30,2012-11-30,2012-11-06,2012-11-06,ARV,Pediatric,SCMS from RDC,"Lamivudine/Nevirapine/Stavudine 60/100/12mg, dispersible tablets, 60 Tabs",Lamivudine/Nevirapine/Stavudine,Generic,60/100/12mg,Chewable/dispersible tablet - FDC,60,14798,63631.4,4.3,0.07,"Cipla, Goa, India",False,668.5,3623.2,89.21
10122,86525,114-UG-T30,FPQ-10556,SO-43180,DN-2890,Uganda,PMO - US,From RDC,N/A - From RDC,Air,2012-08-30,2012-05-08,2012-11-08,2012-10-29,2012-10-29,ARV,Adult,SCMS from RDC,"Efavirenz 600mg, tablets, 30 Tabs",Efavirenz,Generic,600mg,Tablet,30,2700,10287.0,3.81,0.13,"Aurobindo Unit III, India",True,234.0,2154.1,14.42
10123,86526,104-CI-T30,FPQ-10633,SO-43350,DN-2896,Côte d'Ivoire,PMO - US,From RDC,N/A - From RDC,Truck,2012-09-11,2012-07-31,2013-01-31,2012-10-24,2012-10-24,ARV,Pediatric,SCMS from RDC,"Zidovudine 10mg/ml, oral solution w/syringe, Bottle, 240 ml",Zidovudine,Generic,10mg/ml,Oral solution,240,3000,6300.0,2.1,0.01,"Aurobindo Unit III, India",True,1152.0,5971.13,8.83
10124,86527,110-ZM-T30,FPQ-9773,SO-41990,DN-2919,Zambia,PMO - US,From RDC,N/A - From RDC,Truck,2012-04-27,2012-06-17,2012-12-17,2012-12-17,2012-12-17,ARV,Adult,SCMS from RDC,"Emtricitabine/Tenofovir Disoproxil Fumarate 200/300mg, tablets, 30 Tabs",Emtricitabine/Tenofovir Disoproxil Fumarate,Generic,200/300mg,Tablet - FDC,30,132175,871033.25,6.59,0.22,Mylan (formerly Matrix) Nashik,False,668.5,6476.695,1221.19
10125,86528,110-ZM-T30,FPQ-9773,SO-41990,DN-2919,Zambia,PMO - US,From RDC,N/A - From RDC,Truck,2012-04-27,2012-06-17,2012-12-17,2012-12-17,2012-12-17,ARV,Adult,SCMS from RDC,"Efavirenz/Emtricitabine/Tenofovir Disoproxil Fumarate 600/200/300mg, tablets, 30 Tabs",Efavirenz/Emtricitabine/Tenofovir Disoproxil Fumarate,Generic,600/200/300mg,Tablet - FDC,30,107000,1538660.0,14.38,0.48,Mylan (formerly Matrix) Nashik,False,668.5,6476.695,2157.2
10126,86529,114-UG-T30,FPQ-10556,SO-43200,DN-2922,Uganda,PMO - US,From RDC,N/A - From RDC,Truck,2012-08-30,2012-06-06,2012-12-06,2012-11-20,2012-11-20,ARV,Adult,SCMS from RDC,"Zidovudine 300mg, tablets, 60 Tabs",Zidovudine,Generic,300mg,Tablet,60,25,169.0,6.76,0.11,Hetero Unit III Hyderabad IN,True,1.0,5220.79,0.24
10127,86531,111-MZ-T30,FPQ-10210,SO-42830,DN-2939,Mozambique,PMO - US,From RDC,N/A - From RDC,Truck,2012-06-28,2012-07-11,2013-01-11,2013-01-11,2013-01-11,ARV,Adult,SCMS from RDC,"Efavirenz 600mg, tablets, 30 Tabs",Efavirenz,Generic,600mg,Tablet,30,1928,7345.68,3.81,0.13,Mylan (formerly Matrix) Nashik,False,668.5,5192.68,10.3
10128,86532,151-NG-T30,FPQ-9968,SO-42680,DN-2947,Nigeria,PMO - US,From RDC,N/A - From RDC,Air,2012-05-23,2012-06-04,2012-12-04,2012-12-04,2012-12-04,ARV,Adult,SCMS from RDC,"Lamivudine/Nevirapine/Zidovudine 150/200/300mg, tablets, 60 Tabs",Lamivudine/Nevirapine/Zidovudine,Generic,150/300/200mg,Tablet - FDC,60,138508,1332446.96,9.62,0.16,Mylan (formerly Matrix) Nashik,False,668.5,10144.765,1868.09
10129,86533,104-CI-T30,FPQ-9749,SO-42373,DN-2954,Côte d'Ivoire,PMO - US,From RDC,N/A - From RDC,Truck,2012-04-19,2012-06-30,2012-12-31,2012-12-06,2012-12-06,ARV,Adult,SCMS from RDC,"Efavirenz/Lamivudine/Tenofovir Disoproxil Fumarate 600/300/300mg, tablets, 30 Tabs",Efavirenz/Lamivudine/Tenofovir Disoproxil Fumarate,Generic,600/300/300mg,Tablet - FDC,30,25644,340295.88,13.27,0.44,Mylan (formerly Matrix) Nashik,False,668.5,6757.815,477.09
10130,86534,104-CI-T30,FPQ-10405,SO-42980,DN-2958,Côte d'Ivoire,PMO - US,From RDC,N/A - From RDC,Truck,2012-07-24,2012-08-01,2013-02-01,2013-01-14,2013-01-14,ARV,Adult,SCMS from RDC,"Lamivudine/Zidovudine 150/300mg, tablets, 60 Tabs",Lamivudine/Zidovudine,Generic,150/300mg,Tablet - FDC,60,25740,198712.8,7.72,0.13,Hetero Unit III Hyderabad IN,False,668.5,6757.815,278.6
10131,86535,104-CI-T30,FPQ-10405,SO-42980,DN-2958,Côte d'Ivoire,PMO - US,From RDC,N/A - From RDC,Truck,2012-07-24,2012-08-01,2013-02-01,2013-01-14,2013-01-14,ARV,Pediatric,SCMS from RDC,"Lamivudine/Zidovudine 30/60mg, tablets, 60 Tabs",Lamivudine/Zidovudine,Generic,30/60mg,Tablet - FDC,60,6800,18768.0,2.76,0.05,Mylan (formerly Matrix) Nashik,False,668.5,6757.815,26.31
10132,86536,104-CI-T30,FPQ-10626,SO-43290,DN-2959,Côte d'Ivoire,PMO - US,From RDC,N/A - From RDC,Truck,2012-09-06,2012-08-27,2013-02-27,2013-01-14,2013-01-14,ARV,Adult,SCMS from RDC,"Abacavir/Lamivudine 600/300mg, scored tablets, 30 Tabs",Abacavir/Lamivudine,Generic,600/300mg,Tablet - FDC,30,1800,40500.0,22.5,0.75,"Aurobindo Unit III, India",True,174.0,2148.5,56.78
10133,86537,109-TZ-T30,FPQ-10545,SO-43120,DN-2962,Tanzania,PMO - US,From RDC,N/A - From RDC,Truck,2012-08-24,2012-09-04,2013-03-04,2013-03-04,2013-03-04,ARV,Adult,SCMS from RDC,"Lopinavir/Ritonavir 200/50mg, tablets, 120 Tabs",Lopinavir/Ritonavir,Generic,200/50mg,Tablet,120,17201,459266.7,26.7,0.22,Mylan (formerly Matrix) Nashik,False,668.5,3623.2,643.89
10134,86538,111-MZ-T30,FPQ-10210,SO-42832,DN-2965,Mozambique,PMO - US,From RDC,N/A - From RDC,Truck,2012-06-28,2012-07-11,2013-01-11,2013-01-11,2013-01-11,ARV,Adult,SCMS from RDC,"Lamivudine/Nevirapine/Zidovudine 150/200/300mg, tablets, 60 Tabs",Lamivudine/Nevirapine/Zidovudine,Generic,150/300/200mg,Tablet - FDC,60,67609,650398.58,9.62,0.16,"Aurobindo Unit III, India",False,668.5,5192.68,911.86
10135,86539,104-CI-T30,FPQ-10405,SO-42970,DN-2969,Côte d'Ivoire,PMO - US,From RDC,N/A - From RDC,Air,2012-07-24,2012-08-28,2013-02-28,2013-01-25,2013-01-25,ARV,Pediatric,SCMS from RDC,"Efavirenz 200mg, scored tablets, 90 Tabs",Efavirenz,Generic,200mg,Tablet,90,4000,29200.0,7.3,0.08,"Strides, Bangalore, India.",True,244.0,3138.35,40.94
10136,86540,113-ZW-T30,FPQ-10632,SO-43221,DN-2975,Zimbabwe,PMO - US,From RDC,N/A - From RDC,Truck,2012-09-11,2012-06-21,2012-12-21,2012-12-13,2012-12-13,ARV,Adult,SCMS from RDC,"Efavirenz 600mg, tablets, 30 Tabs",Efavirenz,Generic,600mg,Tablet,30,48072,171136.32,3.56,0.12,Mylan (formerly Matrix) Nashik,False,668.5,6721.705,239.93
10137,86541,101-CD-T30,FPQ-11054,SO-43680,DN-2981,"Congo, DRC",PMO - US,From RDC,N/A - From RDC,Air,2012-11-16,2013-03-11,2013-09-11,2013-09-11,2013-09-11,ARV,Adult,SCMS from RDC,"Lamivudine/Tenofovir Disoproxil Fumarate 300/300mg, tablets, 30 Tabs",Lamivudine/Tenofovir Disoproxil Fumarate,Generic,300/300mg,Tablet - FDC,30,897,4314.57,4.81,0.16,"Cipla, Kurkumbh, India",False,668.5,2346.5699999999997,5.34
10138,86543,114-UG-T30,FPQ-11143,SO-43930,DN-2986,Uganda,PMO - US,From RDC,N/A - From RDC,Air,2012-12-13,2012-08-22,2013-02-22,2013-02-25,2013-02-25,ARV,Adult,SCMS from RDC,"Zidovudine 300mg, tablets, 60 Tabs",Zidovudine,Generic,300mg,Tablet,60,2250,15210.0,6.76,0.11,"Cipla, Goa, India",False,763.0,2485.92,18.81
10139,86544,114-UG-T30,FPQ-10780,SO-43491,DN-3000,Uganda,PMO - US,From RDC,N/A - From RDC,Air,2012-10-10,2012-08-11,2013-02-11,2013-03-07,2013-03-07,ARV,Adult,SCMS from RDC,"Lamivudine/Tenofovir Disoproxil Fumarate 300/300mg, tablets, 30 Tabs",Lamivudine/Tenofovir Disoproxil Fumarate,Generic,300/300mg,Tablet - FDC,30,13620,65512.2,4.81,0.16,Hetero Unit III Hyderabad IN,False,668.5,2485.92,91.85
10140,86545,111-MZ-T30,FPQ-11033,SO-43800,DN-3002,Mozambique,PMO - US,From RDC,N/A - From RDC,Truck,2012-11-12,2012-09-22,2013-03-22,2013-03-22,2013-03-22,ARV,Adult,SCMS from RDC,"Efavirenz 600mg, tablets, 30 Tabs",Efavirenz,Generic,600mg,Tablet,30,38000,135280.0,3.56,0.12,"Hetero, Jadcherla, unit 5, IN",True,3140.0,7733.77,167.34
10141,86548,101-CD-T30,FPQ-11096,SO-43750,DN-3017,"Congo, DRC",PMO - US,From RDC,N/A - From RDC,Air,2012-11-20,2012-09-18,2013-03-18,2013-08-08,2013-08-08,ARV,Pediatric,SCMS from RDC,"Lamivudine/Nevirapine/Zidovudine 30/50/60mg, dispersible tablets, 60 Tabs",Lamivudine/Nevirapine/Zidovudine,Generic,30/50/60mg,Chewable/dispersible tablet - FDC,60,3960,16434.0,4.15,0.07,Mylan (formerly Matrix) Nashik,False,668.5,2346.5699999999997,20.33
10142,86549,101-CD-T30,FPQ-11096,SO-43750,DN-3017,"Congo, DRC",PMO - US,From RDC,N/A - From RDC,Air,2012-11-20,2012-09-18,2013-03-18,2013-08-08,2013-08-08,ARV,Pediatric,SCMS from RDC,"Didanosine 200mg, delayed-release capsules, 30 Caps",Didanosine,Generic,200mg,Delayed-release capsules,30,42,462.0,11.0,0.37,"Aurobindo Unit III, India",False,123.0,2346.5699999999997,0.57
10143,86550,104-CI-T30,FPQ-10633,SO-43321,DN-3019,Côte d'Ivoire,PMO - US,From RDC,N/A - From RDC,Truck,2012-09-11,2012-08-28,2013-02-28,2013-02-28,2013-02-28,ARV,Adult,SCMS from RDC,"Lamivudine/Nevirapine/Zidovudine 150/200/300mg, tablets, 60 Tabs",Lamivudine/Nevirapine/Zidovudine,Generic,150/300/200mg,Tablet - FDC,60,64160,550492.8,8.58,0.14,Hetero Unit III Hyderabad IN,False,668.5,6757.815,771.79
10144,86551,151-NG-T30,FPQ-10477,SO-43047,DN-3027,Nigeria,PMO - US,From RDC,N/A - From RDC,Air Charter,2012-08-09,2012-09-15,2013-03-15,2013-02-25,2013-02-25,ARV,Adult,SCMS from RDC,"Emtricitabine/Tenofovir Disoproxil Fumarate 200/300mg, tablets, 30 Tabs",Emtricitabine/Tenofovir Disoproxil Fumarate,Generic,200/300mg,Tablet - FDC,30,66700,404869.0,6.07,0.2,"Aurobindo Unit III, India",True,12046.0,37242.5,567.63
10145,86552,151-NG-T30,FPQ-10477,SO-43047,DN-3027,Nigeria,PMO - US,From RDC,N/A - From RDC,Air Charter,2012-08-09,2012-09-15,2013-03-15,2013-02-25,2013-02-25,ARV,Adult,SCMS from RDC,"Emtricitabine/Tenofovir Disoproxil Fumarate 200/300mg, tablets, 30 Tabs",Emtricitabine/Tenofovir Disoproxil Fumarate,Generic,200/300mg,Tablet - FDC,30,52546,318954.22,6.07,0.2,Hetero Unit III Hyderabad IN,False,668.5,12601.07,447.17
10146,86553,113-ZW-T30,FPQ-10632,SO-43210,DN-3030,Zimbabwe,PMO - US,From RDC,N/A - From RDC,Truck,2012-09-11,2012-09-14,2013-03-14,2013-03-14,2013-03-14,ARV,Adult,SCMS from RDC,"Lamivudine/Tenofovir Disoproxil Fumarate 300/300mg, tablets, 30 Tabs",Lamivudine/Tenofovir Disoproxil Fumarate,Generic,300/300mg,Tablet - FDC,30,20519,96439.3,4.7,0.16,"Aurobindo Unit VII, IN",False,668.5,6721.705,135.21
10147,86554,113-ZW-T30,FPQ-10632,SO-43212,DN-3048,Zimbabwe,PMO - US,From RDC,N/A - From RDC,Truck,2012-09-11,2012-10-15,2013-04-15,2013-03-23,2013-03-23,ARV,Adult,SCMS from RDC,"Nevirapine 200mg, tablets, 60 Tabs",Nevirapine,Generic,200mg,Tablet,60,29131,65836.06,2.26,0.04,Hetero Unit III Hyderabad IN,False,668.5,6721.705,92.3
10148,86555,110-ZM-T30,FPQ-11553,SO-44471,DN-3051,Zambia,PMO - US,From RDC,N/A - From RDC,Truck,2013-01-28,2012-12-25,2013-06-25,2013-04-01,2013-04-01,ARV,Adult,SCMS from RDC,"Nevirapine 200mg, tablets, 60 Tabs",Nevirapine,Generic,200mg,Tablet,60,38929,87979.54,2.26,0.04,Hetero Unit III Hyderabad IN,True,2462.0,16295.56,108.83
10149,86556,105-GY-T30,FPQ-11546,SO-44520,DN-3060,Guyana,PMO - US,From RDC,N/A - From RDC,Air,2013-01-28,2012-10-18,2013-04-18,2013-03-15,2013-03-15,ARV,Adult,SCMS from RDC,"Lopinavir/Ritonavir 200/50mg, tablets, 120 Tabs",Lopinavir/Ritonavir,Generic,200/50mg,Tablet,120,2871,71085.96,24.76,0.21,Mylan (formerly Matrix) Nashik,False,196.5,1924.4650000000001,87.93
10150,86558,113-ZW-T30,FPQ-10632,SO-43213,DN-3083,Zimbabwe,PMO - US,From RDC,N/A - From RDC,Truck,2012-09-11,2012-10-15,2013-04-15,2013-04-08,2013-04-08,ARV,Adult,SCMS from RDC,"Lamivudine/Tenofovir Disoproxil Fumarate 300/300mg, tablets, 30 Tabs",Lamivudine/Tenofovir Disoproxil Fumarate,Generic,300/300mg,Tablet - FDC,30,138974,653177.8,4.7,0.16,Hetero Unit III Hyderabad IN,True,14845.0,14451.68,915.76
10151,86559,102-BI-T30,FPQ-11661,SO-44650,DN-3088,Burundi,PMO - US,From RDC,N/A - From RDC,Air,2013-02-20,2012-11-02,2013-05-02,2013-03-29,2013-03-29,ARV,Pediatric,SCMS from RDC,"Nevirapine 10mg/ml, oral suspension w/syringe, Bottle, 240 ml",Nevirapine,Generic,10mg/ml,Oral suspension,240,564,1099.8,1.95,0.01,"Aurobindo Unit III, India",True,210.0,1551.32,1.36
10152,86561,111-MZ-T30,FPQ-11882,SO-44830,DN-3110,Mozambique,PMO - US,From RDC,N/A - From RDC,Truck,2013-03-19,2012-12-06,2013-06-06,2013-06-20,2013-06-20,ARV,Adult,SCMS from RDC,"Lamivudine/Zidovudine 150/300mg, tablets, 60 Tabs",Lamivudine/Zidovudine,Generic,150/300mg,Tablet - FDC,60,660,4798.2,7.27,0.12,"Cipla, Goa, India",False,668.5,5192.68,5.94
10153,86562,111-MZ-T30,FPQ-11882,SO-44830,DN-3110,Mozambique,PMO - US,From RDC,N/A - From RDC,Truck,2013-03-19,2012-12-06,2013-06-06,2013-06-20,2013-06-20,ARV,Adult,SCMS from RDC,"Zidovudine 300mg, tablets, 60 Tabs",Zidovudine,Generic,300mg,Tablet,60,184,1203.36,6.54,0.11,"Cipla, Goa, India",False,288.0,5192.68,1.49
10154,86563,114-UG-T30,FPQ-10946,SO-43650,DN-3121,Uganda,PMO - US,From RDC,N/A - From RDC,Air,2012-11-01,2013-02-09,2013-08-09,2013-08-09,2013-08-09,ARV,Adult,SCMS from RDC,"Nevirapine 200mg, tablets, 60 Tabs",Nevirapine,Generic,200mg,Tablet,60,32298,72993.48,2.26,0.04,Hetero Unit III Hyderabad IN,False,6528.0,2485.92,90.29
10155,86564,103-SS-T30,FPQ-11489,SO-44630,DN-3125,South Sudan,PMO - US,From RDC,N/A - From RDC,Air,2013-01-16,2012-10-30,2013-04-30,2013-04-24,2013-04-24,ARV,Adult,SCMS from RDC,"Efavirenz 600mg, tablets, 30 Tabs",Efavirenz,Generic,600mg,Tablet,30,2100,6993.0,3.33,0.11,"Strides, Bangalore, India.",False,187.0,2575.925,8.65
10156,86565,103-SS-T30,FPQ-11489,SO-44630,DN-3125,South Sudan,PMO - US,From RDC,N/A - From RDC,Air,2013-01-16,2012-10-30,2013-04-30,2013-04-24,2013-04-24,ARV,Adult,SCMS from RDC,"Lamivudine/Zidovudine 150/300mg, tablets, 60 Tabs",Lamivudine/Zidovudine,Generic,150/300mg,Tablet - FDC,60,1702,12373.54,7.27,0.12,"Cipla, Goa, India",False,668.5,2575.925,15.31
10157,86566,151-NG-T30,FPQ-11022,SO-43843,DN-3130,Nigeria,PMO - US,From RDC,N/A - From RDC,Air Charter,2012-11-15,2012-11-21,2013-05-21,2013-05-03,2013-05-03,ARV,Adult,SCMS from RDC,"Lopinavir/Ritonavir 200/50mg, tablets, 120 Tabs",Lopinavir/Ritonavir,Generic,200/50mg,Tablet,120,50000,1089000.0,21.78,0.18,"Aurobindo Unit III, India",False,4502.0,12601.07,1347.09
10158,86567,110-ZM-T30,FPQ-11969,SO-44900,DN-3115,Zambia,PMO - US,From RDC,N/A - From RDC,Air,2013-03-26,2012-12-28,2013-06-28,2013-05-14,2013-05-14,ARV,Adult,SCMS from RDC,"Emtricitabine/Tenofovir Disoproxil Fumarate 200/300mg, tablets, 30 Tabs",Emtricitabine/Tenofovir Disoproxil Fumarate,Generic,200/300mg,Tablet - FDC,30,18216,110571.12,6.07,0.2,Mylan (formerly Matrix) Nashik,True,1500.0,7513.5,136.78
10159,86568,111-MZ-T30,FPQ-11033,SO-43790,DN-3102,Mozambique,PMO - US,From RDC,N/A - From RDC,Truck,2012-11-12,2013-02-01,2013-08-01,2013-08-01,2013-08-01,ARV,Adult,SCMS from RDC,"Lamivudine/Nevirapine/Zidovudine 150/200/300mg, tablets, 60 Tabs",Lamivudine/Nevirapine/Zidovudine,Generic,150/300/200mg,Tablet - FDC,60,108700,932646.0,8.58,0.14,Mylan (formerly Matrix) Nashik,False,668.5,5192.68,1153.68
10160,86569,151-NG-T30,FPQ-11022,SO-43846,DN-3141,Nigeria,PMO - US,From RDC,N/A - From RDC,Air Charter,2012-11-15,2012-11-21,2013-05-21,2013-05-03,2013-05-03,ARV,Pediatric,SCMS from RDC,"Efavirenz 200mg, scored tablets, 90 Tabs",Efavirenz,Generic,200mg,Tablet,90,848,6190.4,7.3,0.08,"Strides, Bangalore, India.",True,73.0,14547.55,7.66
10161,86572,151-NG-T30,FPQ-11022,SO-43849,DN-3171,Nigeria,PMO - US,From RDC,N/A - From RDC,Air Charter,2012-11-15,2012-11-21,2013-05-21,2013-05-10,2013-05-10,ARV,Adult,SCMS from RDC,"Lamivudine/Zidovudine 150/300mg, tablets, 60 Tabs",Lamivudine/Zidovudine,Generic,150/300mg,Tablet - FDC,60,54005,378035.0,7.0,0.12,Hetero Unit III Hyderabad IN,False,668.5,12601.07,467.63
10162,86573,109-TZ-T30,FPQ-11393,SO-44382,DN-3177,Tanzania,PMO - US,From RDC,N/A - From RDC,Truck,2012-12-30,2012-11-30,2013-05-31,2013-06-18,2013-06-18,ARV,Adult,SCMS from RDC,"Lopinavir/Ritonavir 200/50mg, tablets, 120 Tabs",Lopinavir/Ritonavir,Generic,200/50mg,Tablet,120,7995,174131.1,21.78,0.18,"Aurobindo Unit III, India",True,1946.0,12382.0,215.4
10163,86574,111-MZ-T30,FPQ-11033,SO-43770,DN-3182,Mozambique,PMO - US,From RDC,N/A - From RDC,Truck,2012-11-12,2013-01-26,2013-07-26,2013-07-26,2013-07-26,ARV,Adult,SCMS from RDC,"Lamivudine/Zidovudine 150/300mg, tablets, 60 Tabs",Lamivudine/Zidovudine,Generic,150/300mg,Tablet - FDC,60,32508,227556.0,7.0,0.12,Hetero Unit III Hyderabad IN,False,668.5,0.0,281.49
10164,86575,110-ZM-T30,FPQ-10728,SO-43460,DN-3186,Zambia,PMO - US,From RDC,N/A - From RDC,Truck,2012-10-05,2012-12-28,2013-06-28,2013-06-07,2013-06-07,ARV,Adult,SCMS from RDC,"Lamivudine/Zidovudine 150/300mg, tablets, 60 Tabs",Lamivudine/Zidovudine,Generic,150/300mg,Tablet - FDC,60,12873,90111.0,7.0,0.12,"Cipla, Goa, India",False,1258.0,6476.695,126.34
10165,86576,151-NG-T30,FPQ-11022,SO-45203,DN-3190,Nigeria,PMO - US,From RDC,N/A - From RDC,Air Charter,2012-11-15,2012-11-21,2013-05-21,2013-05-29,2013-05-29,ARV,Pediatric,SCMS from RDC,"Efavirenz 200mg, scored tablets, 90 Tabs",Efavirenz,Generic,200mg,Tablet,90,10743,78423.9,7.3,0.08,"Strides, Bangalore, India.",True,748.0,20761.0,97.01
10166,86577,151-NG-T30,FPQ-11022,SO-43840,DN-3197,Nigeria,PMO - US,From RDC,N/A - From RDC,Air Charter,2012-11-15,2012-11-30,2013-05-31,2013-05-28,2013-05-28,ARV,Adult,SCMS from RDC,"Lopinavir/Ritonavir 200/50mg, tablets, 120 Tabs",Lopinavir/Ritonavir,Generic,200/50mg,Tablet,120,19000,413820.0,21.78,0.18,Hetero Unit III Hyderabad IN,False,1714.5,12601.07,511.9
10167,86579,109-TZ-T30,FPQ-12015,SO-44991,DN-3208,Tanzania,PMO - US,From RDC,N/A - From RDC,Truck,2013-04-02,2013-02-27,2013-08-27,2013-07-24,2013-07-24,ARV,Adult,SCMS from RDC,"Efavirenz/Emtricitabine/Tenofovir Disoproxil Fumarate 600/200/300mg, tablets, 30 Tabs",Efavirenz/Emtricitabine/Tenofovir Disoproxil Fumarate,Generic,600/200/300mg,Tablet - FDC,30,69963,906720.48,12.96,0.43,Mylan (formerly Matrix) Nashik,True,7819.0,7108.78,1121.61
10168,86580,110-ZM-T30,FPQ-11553,SO-44477,DN-3211,Zambia,PMO - US,From RDC,N/A - From RDC,Truck,2013-01-28,2013-04-22,2013-10-22,2013-10-22,2013-11-11,ARV,Adult,SCMS from RDC,"Nevirapine 200mg, tablets, 60 Tabs",Nevirapine,Generic,200mg,Tablet,60,42773,96666.98,2.26,0.04,Hetero Unit III Hyderabad IN,True,2270.0,4356.75,119.58
10169,86581,114-UG-T30,FPQ-10945,SO-43633,DN-3220,Uganda,PMO - US,From RDC,N/A - From RDC,Air,2012-11-06,2013-01-31,2013-07-31,2013-07-19,2013-07-19,ARV,Adult,SCMS from RDC,"Efavirenz/Lamivudine/Tenofovir Disoproxil Fumarate 600/300/300mg, tablets, 30 Tabs",Efavirenz/Lamivudine/Tenofovir Disoproxil Fumarate,Generic,600/300/300mg,Tablet - FDC,30,5728,60258.56,10.52,0.35,Hetero Unit III Hyderabad IN,True,770.0,2871.0,74.54
10170,86582,901-CM-T30,FPQ-12520,SO-45820,DN-3227,Cameroon,PMO - US,From RDC,N/A - From RDC,Air Charter,2013-06-21,2013-01-22,2013-07-22,2013-07-31,2013-07-31,ARV,Adult,SCMS from RDC,"Efavirenz 600mg, tablets, 30 Tabs",Efavirenz,Generic,600mg,Tablet,30,33000,109890.0,3.33,0.11,"Strides, Bangalore, India.",False,2498.5,67732.55,135.93
10171,86584,111-MZ-T30,FPQ-11033,SO-43774,DN-3230,Mozambique,PMO - US,From RDC,N/A - From RDC,Truck,2012-11-12,2013-02-01,2013-08-01,2013-08-01,2013-08-01,ARV,Adult,SCMS from RDC,"Efavirenz/Lamivudine/Tenofovir Disoproxil Fumarate 600/300/300mg, tablets, 30 Tabs",Efavirenz/Lamivudine/Tenofovir Disoproxil Fumarate,Generic,600/300/300mg,Tablet - FDC,30,50000,526000.0,10.52,0.35,Hetero Unit III Hyderabad IN,True,4502.0,5192.68,650.66
10172,86585,111-MZ-T30,FPQ-11033,SO-43774,DN-3230,Mozambique,PMO - US,From RDC,N/A - From RDC,Truck,2012-11-12,2013-02-01,2013-08-01,2013-08-01,2013-08-01,ARV,Adult,SCMS from RDC,"Efavirenz/Lamivudine/Tenofovir Disoproxil Fumarate 600/300/300mg, tablets, 30 Tabs",Efavirenz/Lamivudine/Tenofovir Disoproxil Fumarate,Generic,600/300/300mg,Tablet - FDC,30,1000,10520.0,10.52,0.35,Mylan (formerly Matrix) Nashik,False,132.0,5192.68,13.01
10173,86586,151-NG-T30,FPQ-11771,SO-44755,DN-3239,Nigeria,PMO - US,From RDC,N/A - From RDC,Air Charter,2013-02-28,2013-02-21,2013-08-21,2013-07-23,2013-07-23,ARV,Adult,SCMS from RDC,"Lamivudine/Nevirapine/Zidovudine 150/200/300mg, tablets, 60 Tabs",Lamivudine/Nevirapine/Zidovudine,Generic,150/300/200mg,Tablet - FDC,60,249974,2144776.92,8.58,0.14,"Aurobindo Unit III, India",False,668.5,0.0,2653.09
10174,86587,151-NG-T30,FPQ-11864,SO-44924,DN-3253,Nigeria,PMO - US,From RDC,N/A - From RDC,Air Charter,2013-03-14,2013-03-04,2013-09-04,2013-07-23,2013-07-23,ARV,Pediatric,SCMS from RDC,"Lamivudine/Nevirapine/Zidovudine 30/50/60mg, dispersible tablets, 60 Tabs",Lamivudine/Nevirapine/Zidovudine,Generic,30/50/60mg,Chewable/dispersible tablet - FDC,60,28029,116320.35,4.15,0.07,Mylan (formerly Matrix) Nashik,True,1698.0,0.0,143.89
10175,86588,151-NG-T30,FPQ-11771,SO-44758,DN-3252,Nigeria,PMO - US,From RDC,N/A - From RDC,Air Charter,2013-02-28,2013-02-21,2013-08-21,2013-07-30,2013-07-30,ARV,Pediatric,SCMS from RDC,"Lamivudine/Nevirapine/Zidovudine 30/50/60mg, dispersible tablets, 60 Tabs",Lamivudine/Nevirapine/Zidovudine,Generic,30/50/60mg,Chewable/dispersible tablet - FDC,60,38705,160625.75,4.15,0.07,Mylan (formerly Matrix) Nashik,True,2352.0,0.0,198.69
10176,86589,102-BI-T30,FPQ-12065,SO-45151,DN-3260,Burundi,PMO - US,From RDC,N/A - From RDC,Air,2013-04-22,2013-02-06,2013-08-06,2013-05-21,2014-11-18,ARV,Adult,SCMS from RDC,"Lamivudine/Tenofovir Disoproxil Fumarate 300/300mg, tablets, 30 Tabs",Lamivudine/Tenofovir Disoproxil Fumarate,Generic,300/300mg,Tablet - FDC,30,48,225.6,4.7,0.16,Hetero Unit III Hyderabad IN,False,5.0,3544.4849999999997,0.28
10177,86590,114-UG-T30,FPQ-12473,SO-45880,DN-3263,Uganda,PMO - US,From RDC,N/A - From RDC,Air,2013-06-11,2013-03-27,2013-09-27,2013-09-27,2013-09-27,ARV,Adult,SCMS from RDC,"Lamivudine/Zidovudine 150/300mg, tablets, 60 Tabs",Lamivudine/Zidovudine,Generic,150/300mg,Tablet - FDC,60,19697,137879.0,7.0,0.12,"Cipla, Goa, India",False,668.5,2485.92,170.56
10178,86591,114-UG-T30,FPQ-12473,SO-45870,DN-3267,Uganda,PMO - US,From RDC,N/A - From RDC,Air,2013-06-11,2013-02-28,2013-08-29,2013-09-13,2013-09-13,ARV,Adult,SCMS from RDC,"Efavirenz 600mg, tablets, 30 Tabs",Efavirenz,Generic,600mg,Tablet,30,7363,24518.79,3.33,0.11,"Strides, Bangalore, India.",False,668.5,2485.92,30.33
10179,86592,101-CD-T30,FPQ-12033,SO-45020,DN-3268,"Congo, DRC",PMO - US,From RDC,N/A - From RDC,Air,2013-04-08,2013-02-27,2013-08-27,2014-02-08,2014-03-11,ARV,Adult,SCMS from RDC,"Nevirapine 200mg, tablets, 60 Tabs",Nevirapine,Generic,200mg,Tablet,60,761,1719.86,2.26,0.04,"Aurobindo Unit III, India",False,668.5,2346.5699999999997,2.13
10180,86593,101-CD-T30,FPQ-12088,SO-45030,DN-3269,"Congo, DRC",PMO - US,From RDC,N/A - From RDC,Air,2013-04-12,2013-02-28,2013-08-28,2014-02-08,2014-03-11,ARV,Pediatric,SCMS from RDC,"Zidovudine 10mg/ml, oral solution w/syringe, Bottle, 240 ml",Zidovudine,Generic,10mg/ml,Oral solution,240,502,1054.2,2.1,0.01,"Aurobindo Unit III, India",False,119.0,2346.5699999999997,1.3
10181,86595,104-CI-T30,FPQ-11254,SO-44130,DN-3279,Côte d'Ivoire,PMO - US,From RDC,N/A - From RDC,Truck,2012-12-14,2013-02-28,2013-08-28,2013-08-28,2013-08-28,ARV,Pediatric,SCMS from RDC,"Efavirenz 200mg, scored tablets, 90 Tabs",Efavirenz,Generic,200mg,Tablet,90,7800,56940.0,7.3,0.08,"Strides, Bangalore, India.",True,462.0,3033.26,70.43
10182,86596,102-BI-T30,FPQ-12602,SO-46021,DN-3283,Burundi,PMO - US,From RDC,N/A - From RDC,Air,2013-07-09,2013-04-13,2013-10-13,2013-05-21,2014-11-18,ARV,Adult,SCMS from RDC,"Nevirapine 200mg, tablets, 60 Tabs",Nevirapine,Generic,200mg,Tablet,60,63,142.38,2.26,0.04,Hetero Unit III Hyderabad IN,True,32.0,3544.4849999999997,0.18
10183,86597,111-MZ-T30,FPQ-11884,SO-44863,DN-3289,Mozambique,PMO - US,From RDC,N/A - From RDC,Truck,2013-03-19,2013-05-13,2013-11-13,2013-11-13,2013-12-02,ARV,Adult,SCMS from RDC,"Lamivudine/Zidovudine 150/300mg, tablets, 60 Tabs",Lamivudine/Zidovudine,Generic,150/300mg,Tablet - FDC,60,38016,276376.32,7.27,0.12,"Aurobindo Unit III, India",False,668.5,5192.68,341.88
10184,86598,103-ZW-T30,FPQ-11478,SO-44291,DN-3293,Zimbabwe,PMO - US,From RDC,N/A - From RDC,Truck,2013-01-16,2013-03-12,2013-09-12,2013-09-20,2013-09-20,ARV,Pediatric,SCMS from RDC,"Lamivudine/Nevirapine/Zidovudine 30/50/60mg, dispersible tablets, 60 Tabs",Lamivudine/Nevirapine/Zidovudine,Generic,30/50/60mg,Chewable/dispersible tablet - FDC,60,61591,255602.65,4.15,0.07,"Strides, Bangalore, India.",True,2641.0,4529.65,316.18
10185,86599,111-MZ-T30,FPQ-12416,SO-45891,DN-3303,Mozambique,PMO - US,From RDC,N/A - From RDC,Truck,2013-06-28,2013-05-29,2013-11-29,2013-10-12,2013-11-27,ARV,Adult,SCMS from RDC,"Tenofovir Disoproxil Fumarate 300mg, tablets, 30 Tabs",Tenofovir Disoproxil Fumarate,Generic,300mg,Tablet,30,720,2908.8,4.04,0.13,Mylan (formerly Matrix) Nashik,True,52.0,504.5,3.6
10186,86600,102-BI-T30,FPQ-12065,SO-45171,DN-3310,Burundi,PMO - US,From RDC,N/A - From RDC,Air,2013-04-22,2013-03-09,2013-09-09,2013-09-10,2013-09-10,ARV,Pediatric,SCMS from RDC,"Nevirapine 10mg/ml, oral suspension w/syringe, Bottle, 240 ml",Nevirapine,Generic,10mg/ml,Oral suspension,240,2280,4446.0,1.95,0.01,"Aurobindo Unit III, India",True,845.0,5435.44,5.5
10187,86601,104-CI-T30,FPQ-10633,SO-43361,DN-3312,Côte d'Ivoire,PMO - US,From RDC,N/A - From RDC,Truck,2012-09-11,2013-03-30,2013-09-30,2013-09-13,2013-09-13,ARV,Adult,SCMS from RDC,"Lamivudine/Tenofovir Disoproxil Fumarate 300/300mg, tablets, 30 Tabs",Lamivudine/Tenofovir Disoproxil Fumarate,Generic,300/300mg,Tablet - FDC,30,4900,23030.0,4.7,0.16,"Aurobindo Unit VII, IN",True,487.0,3738.53,32.29
10188,86602,151-NG-T30,FPQ-11864,SO-44931,DN-3324,Nigeria,PMO - US,From RDC,N/A - From RDC,Air Charter,2013-03-14,2013-03-18,2013-09-18,2013-09-12,2013-09-12,ARV,Adult,SCMS from RDC,"Lamivudine/Nevirapine/Zidovudine 150/200/300mg, tablets, 60 Tabs",Lamivudine/Nevirapine/Zidovudine,Generic,150/300/200mg,Tablet - FDC,60,7456,63972.48,8.58,0.14,Mylan (formerly Matrix) Nashik,False,668.5,12601.07,79.13
10189,86603,151-NG-T30,FPQ-11864,SO-44931,DN-3324,Nigeria,PMO - US,From RDC,N/A - From RDC,Air Charter,2013-03-14,2013-03-18,2013-09-18,2013-09-12,2013-09-12,ARV,Adult,SCMS from RDC,"Lamivudine/Nevirapine/Zidovudine 150/200/300mg, tablets, 60 Tabs",Lamivudine/Nevirapine/Zidovudine,Generic,150/300/200mg,Tablet - FDC,60,160000,1372800.0,8.58,0.14,"Aurobindo Unit III, India",False,668.5,12601.07,1698.15
10190,86604,102-DO-T30,FPQ-12902,SO-46510,DN-3325,Dominican Republic,PMO - US,From RDC,N/A - From RDC,Air,2013-08-29,2013-03-26,2013-09-26,2013-05-21,2014-11-18,ARV,Adult,SCMS from RDC,"Lopinavir/Ritonavir 200/50mg, [DON] tablets, 120 Tabs",Lopinavir/Ritonavir,Generic,200/50mg,Tablet,120,93,0.0,0.0,0.0,Mylan (formerly Matrix) Nashik,True,166.5,3026.24,0.0
10191,86605,105-GY-T30,FPQ-12047,SO-45050,DN-3331,Guyana,PMO - US,From RDC,N/A - From RDC,Air,2013-04-15,2013-03-30,2013-09-30,2013-10-04,2013-10-22,ARV,Adult,SCMS from RDC,"Lopinavir/Ritonavir 200/50mg [Aluvia], tablets, 120 Tabs",Lopinavir/Ritonavir,Aluvia,200/50mg,Tablet,120,1634,33039.48,20.22,0.17,ABBVIE Ludwigshafen Germany,False,668.5,1924.4650000000001,40.87
10192,86606,102-BI-T30,FPQ-12602,SO-46040,DN-3336,Burundi,PMO - US,From RDC,N/A - From RDC,Air,2013-07-09,2013-04-27,2013-10-27,2013-11-05,2013-11-12,ARV,Adult,SCMS from RDC,"Efavirenz 600mg, tablets, 30 Tabs",Efavirenz,Generic,600mg,Tablet,30,5568,18541.44,3.33,0.11,"Strides, Bangalore, India.",True,342.0,3325.77,22.94
10193,86607,111-MZ-T30,FPQ-11884,SO-44870,DN-3339,Mozambique,PMO - US,From RDC,N/A - From RDC,Truck,2013-03-19,2013-04-30,2013-10-31,2013-11-13,2013-12-02,ARV,Adult,SCMS from RDC,"Lamivudine/Zidovudine 150/300mg, tablets, 60 Tabs",Lamivudine/Zidovudine,Generic,150/300mg,Tablet - FDC,60,39997,290778.19,7.27,0.12,Mylan (formerly Matrix) Nashik,False,668.5,5192.68,359.69
10194,86610,103-DO-T30,FPQ-11920,SO-46150,DN-3355,Dominican Republic,PMO - US,From RDC,N/A - From RDC,Air,2013-03-18,2013-04-29,2013-10-29,2013-10-10,2013-10-29,ARV,Adult,SCMS from RDC,"Lopinavir/Ritonavir 200/50mg, tablets, 120 Tabs",Lopinavir/Ritonavir,Generic,200/50mg,Tablet,120,14988,314748.0,21.0,0.18,"Aurobindo Unit III, India",False,668.5,3026.24,389.34
10195,86611,104-CI-T30,FPQ-11254,SO-44142,DN-3359,Côte d'Ivoire,PMO - US,From RDC,N/A - From RDC,Truck,2012-12-14,2013-05-20,2013-11-20,2013-10-04,2013-10-29,ARV,Pediatric,SCMS from RDC,"Abacavir/Lamivudine 60/30mg, tablets, 30 Tabs",Abacavir/Lamivudine,Generic,60/30mg,Tablet - FDC,30,6000,24000.0,4.0,0.13,Mylan (formerly Matrix) Nashik,True,243.0,2180.32,29.69
10196,86612,110-ZM-T30,FPQ-12066,SO-45081,DN-3360,Zambia,PMO - US,From RDC,N/A - From RDC,Truck,2013-04-19,2013-07-24,2014-01-24,2014-01-24,2014-03-17,ARV,Adult,SCMS from RDC,"Efavirenz/Emtricitabine/Tenofovir Disoproxil Fumarate 600/200/300mg, tablets, 30 Tabs",Efavirenz/Emtricitabine/Tenofovir Disoproxil Fumarate,Generic,600/200/300mg,Tablet - FDC,30,177272,2180445.6,12.3,0.41,Mylan (formerly Matrix) Nashik,False,668.5,6476.695,2697.21
10197,86613,110-ZM-T30,FPQ-12066,SO-45081,DN-3360,Zambia,PMO - US,From RDC,N/A - From RDC,Truck,2013-04-19,2013-07-24,2014-01-24,2014-01-24,2014-03-17,ARV,Adult,SCMS from RDC,"Efavirenz/Emtricitabine/Tenofovir Disoproxil Fumarate 600/200/300mg, tablets, 30 Tabs",Efavirenz/Emtricitabine/Tenofovir Disoproxil Fumarate,Generic,600/200/300mg,Tablet - FDC,30,133970,1647831.0,12.3,0.41,"Aurobindo Unit VII, IN",False,668.5,6476.695,2038.37
10198,86614,104-CI-T30,FPQ-12712,SO-46300,DN-3372,Côte d'Ivoire,PMO - US,From RDC,N/A - From RDC,Truck,2013-07-30,2013-05-04,2013-11-04,2013-10-22,2013-11-19,ARV,Adult,SCMS from RDC,"Abacavir/Lamivudine 600/300mg, scored tablets, 30 Tabs",Abacavir/Lamivudine,Generic,600/300mg,Tablet - FDC,30,3400,45968.0,13.52,0.45,Mylan (formerly Matrix) Nashik,True,247.0,2414.89,56.86
10199,86615,101-CD-T30,FPQ-12033,SO-45021,DN-3373,"Congo, DRC",PMO - US,From RDC,N/A - From RDC,Air,2013-04-08,2013-04-30,2013-10-31,2014-01-27,2014-03-04,ARV,Adult,SCMS from RDC,"Lamivudine/Tenofovir Disoproxil Fumarate 300/300mg, tablets, 30 Tabs",Lamivudine/Tenofovir Disoproxil Fumarate,Generic,300/300mg,Tablet - FDC,30,510,2397.0,4.7,0.16,"Aurobindo Unit VII, IN",False,668.5,2346.5699999999997,2.97
10200,86616,111-MZ-T30,FPQ-11884,SO-46770,DN-3375,Mozambique,PMO - US,From RDC,N/A - From RDC,Truck,2013-03-19,2013-05-29,2013-11-29,2013-11-28,2013-12-12,ARV,Adult,SCMS from RDC,"Efavirenz/Lamivudine/Tenofovir Disoproxil Fumarate 600/300/300mg, tablets, 30 Tabs",Efavirenz/Lamivudine/Tenofovir Disoproxil Fumarate,Generic,600/300/300mg,Tablet - FDC,30,112303,1252178.45,11.15,0.37,Hetero Unit III Hyderabad IN,True,15105.0,5846.08,1548.94
10201,86617,114-UG-T30,FPQ-12253,SO-45550,DN-3378,Uganda,PMO - US,From RDC,N/A - From RDC,Truck,2013-05-08,2013-05-29,2013-11-29,2013-11-20,2013-12-07,ARV,Adult,SCMS from RDC,"Nevirapine 200mg, tablets, 60 Tabs",Nevirapine,Generic,200mg,Tablet,60,45525,102886.5,2.26,0.04,Hetero Unit III Hyderabad IN,True,2818.0,6976.78,127.27
10202,86618,114-UG-T30,FPQ-12253,SO-45570,DN-3385,Uganda,PMO - US,From RDC,N/A - From RDC,Truck,2013-05-08,2013-05-29,2013-11-29,2013-11-13,2013-11-27,ARV,Pediatric,SCMS from RDC,"Efavirenz 200mg, scored tablets, 90 Tabs",Efavirenz,Generic,200mg,Tablet,90,8035,74725.5,9.3,0.1,"Strides, Bangalore, India.",False,668.5,5458.45,92.44
10203,86621,100-ZM-T30,FPQ-12497,SO-45910,DN-3395,Zambia,PMO - US,From RDC,N/A - From RDC,Air,2013-06-20,2013-05-29,2013-11-29,2013-11-09,2014-01-20,ARV,Adult,SCMS from RDC,"Emtricitabine/Tenofovir Disoproxil Fumarate 200/300mg, tablets, 30 Tabs",Emtricitabine/Tenofovir Disoproxil Fumarate,Generic,200/300mg,Tablet - FDC,30,31760,192783.2,6.07,0.2,"Aurobindo Unit III, India",True,2875.0,14275.5,238.47
10204,86622,110-ZM-T30,FPQ-12087,SO-45100,DN-3396,Zambia,PMO - US,From RDC,N/A - From RDC,Truck,2013-04-19,2013-07-24,2014-01-24,2014-01-24,2014-03-17,ARV,Adult,SCMS from RDC,"Lopinavir/Ritonavir 200/50mg [Aluvia], tablets, 120 Tabs",Lopinavir/Ritonavir,Aluvia,200/50mg,Tablet,120,45711,924276.42,20.22,0.17,ABBVIE Ludwigshafen Germany,False,668.5,6476.695,1143.33
10205,86625,113-ZW-T30,FPQ-10895,SO-43550,DN-3404,Zimbabwe,PMO - US,From RDC,N/A - From RDC,Truck,2012-10-25,2013-05-30,2013-11-30,2013-11-25,2013-12-09,ARV,Adult,SCMS from RDC,"Efavirenz/Lamivudine/Tenofovir Disoproxil Fumarate 600/300/300mg, tablets, 30 Tabs",Efavirenz/Lamivudine/Tenofovir Disoproxil Fumarate,Generic,600/300/300mg,Tablet - FDC,30,20160,224784.0,11.15,0.37,Mylan (formerly Matrix) Nashik,True,2277.0,10942.88,278.06
10206,86626,104-CI-T30,FPQ-11253,SO-44211,DN-3397,Côte d'Ivoire,PMO - US,From RDC,N/A - From RDC,Truck,2012-12-14,2013-05-29,2013-11-29,2013-12-09,2013-12-20,ARV,Adult,SCMS from RDC,"Lamivudine/Nevirapine/Zidovudine 150/200/300mg, tablets, 60 Tabs",Lamivudine/Nevirapine/Zidovudine,Generic,150/300/200mg,Tablet - FDC,60,41700,344442.0,8.26,0.14,"Aurobindo Unit III, India",True,4873.0,18002.87,426.07
10207,86627,114-UG-T30,FPQ-13094,SO-46820,DN-3414,Uganda,PMO - US,From RDC,N/A - From RDC,Air,2013-10-11,2013-06-16,2013-12-16,2013-12-20,2014-01-08,ARV,Pediatric,SCMS from RDC,"Lamivudine/Nevirapine/Zidovudine 30/50/60mg, dispersible tablets, 60 Tabs",Lamivudine/Nevirapine/Zidovudine,Generic,30/50/60mg,Chewable/dispersible tablet - FDC,60,2277,8857.53,3.89,0.06,Mylan (formerly Matrix) Nashik,True,128.0,1611.43,9.11
10208,86629,105-GY-T30,FPQ-12619,SO-46100,DN-3409,Guyana,PMO - US,From RDC,N/A - From RDC,Air,2013-07-16,2013-06-30,2013-12-31,2013-11-30,2013-12-23,ARV,Pediatric,SCMS from RDC,"Abacavir 20mg/ml, oral solution w/syringe, Bottle, 240 ml",Abacavir,Generic,20mg/ml,Oral solution,240,49,416.99,8.51,0.04,"Aurobindo Unit III, India",False,57.5,1924.4650000000001,0.52
10209,86630,105-GY-T30,FPQ-12619,SO-46100,DN-3409,Guyana,PMO - US,From RDC,N/A - From RDC,Air,2013-07-16,2013-06-30,2013-12-31,2013-11-30,2013-12-23,ARV,Pediatric,SCMS from RDC,"Lamivudine 10mg/ml, oral solution w/syringe, Bottle, 240 ml",Lamivudine,Generic,10mg/ml,Oral solution,240,135,195.75,1.45,0.01,"Aurobindo Unit III, India",False,168.0,1924.4650000000001,0.24
10210,86631,105-GY-T30,FPQ-12619,SO-46090,DN-3425,Guyana,PMO - US,From RDC,N/A - From RDC,Air,2013-07-16,2013-06-30,2013-12-31,2013-12-02,2013-12-20,ARV,Adult,SCMS from RDC,"Abacavir 300mg, tablets, 60 Tabs",Abacavir,Generic,300mg,Tablet,60,67,767.82,11.46,0.19,"Aurobindo Unit III, India",False,335.0,1924.4650000000001,0.95
10211,86632,110-ZM-T30,FPQ-12066,SO-45080,DN-3432,Zambia,PMO - US,From RDC,N/A - From RDC,Truck,2013-04-19,2013-07-24,2014-01-24,2014-01-24,2014-01-31,ARV,Adult,SCMS from RDC,"Efavirenz/Emtricitabine/Tenofovir Disoproxil Fumarate 600/200/300mg, tablets, 30 Tabs",Efavirenz/Emtricitabine/Tenofovir Disoproxil Fumarate,Generic,600/200/300mg,Tablet - FDC,30,2424,29815.2,12.3,0.41,Mylan (formerly Matrix) Nashik,False,668.5,6476.695,36.88
10212,86634,109-TZ-T30,FPQ-12587,SO-45998,DN-3505,Tanzania,PMO - US,From RDC,N/A - From RDC,Truck,2013-07-04,2013-07-31,2014-01-31,2014-02-19,2014-02-24,ARV,Adult,SCMS from RDC,"Lopinavir/Ritonavir 200/50mg, tablets, 120 Tabs",Lopinavir/Ritonavir,Generic,200/50mg,Tablet,120,32753,670781.44,20.48,0.17,Mylan (formerly Matrix) Nashik,False,668.5,3623.2,829.76
10213,86635,111-MZ-T30,FPQ-12573,SO-46170,DN-3554,Mozambique,PMO - US,From RDC,N/A - From RDC,Truck,2013-06-28,2013-09-30,2014-03-31,2014-03-28,2014-04-04,ARV,Adult,SCMS from RDC,"Lamivudine/Nevirapine/Stavudine 150/200/30mg, tablets, 60 Tabs",Lamivudine/Nevirapine/Stavudine,Generic,150/200/30mg,Tablet - FDC,60,12160,52531.2,4.32,0.07,"Strides, Bangalore, India.",False,668.5,5192.68,64.98
10214,86637,109-TZ-T30,FPQ-12587,SO-45997,DN-3477,Tanzania,PMO - US,From RDC,N/A - From RDC,Truck,2013-07-04,2013-07-31,2014-01-31,2014-03-07,2014-03-12,ARV,Pediatric,SCMS from RDC,"Lamivudine/Nevirapine/Stavudine 60/100/12mg, dispersible tablets, 60 Tabs",Lamivudine/Nevirapine/Stavudine,Generic,60/100/12mg,Chewable/dispersible tablet - FDC,60,3879,16679.7,4.3,0.07,"Cipla, Goa, India",False,668.5,3623.2,20.63
10215,86639,103-SS-T30,FPQ-13173,SO-47110,DN-3493,South Sudan,PMO - US,From RDC,N/A - From RDC,Air,2013-10-28,2013-07-22,2014-01-22,2014-02-11,2014-02-13,ARV,Adult,SCMS from RDC,"Lamivudine/Nevirapine/Zidovudine 150/200/300mg, tablets, 60 Tabs",Lamivudine/Nevirapine/Zidovudine,Generic,150/300/200mg,Tablet - FDC,60,3746,30941.96,8.26,0.14,"Aurobindo Unit III, India",False,668.5,2575.925,31.81
10216,86643,109-TZ-T30,FPQ-12587,SO-45996,DN-3499,Tanzania,PMO - US,From RDC,N/A - From RDC,Truck,2013-07-04,2013-07-31,2014-01-31,2014-03-12,2014-03-17,ARV,Pediatric,SCMS from RDC,"Nevirapine 10mg/ml, oral suspension w/syringe, Bottle, 100 ml",Nevirapine,Generic,10mg/ml,Oral suspension,100,20000,26000.0,1.3,0.01,"Aurobindo Unit III, India",True,3920.0,6010.2,32.16
10217,86644,109-TZ-T30,FPQ-12587,SO-47520,DN-3500,Tanzania,PMO - US,From RDC,N/A - From RDC,Truck,2013-07-04,2013-07-31,2014-01-31,2014-03-07,2014-03-12,ARV,Pediatric,SCMS from RDC,"Efavirenz 200mg, scored tablets, 90 Tabs",Efavirenz,Generic,200mg,Tablet,90,21596,200842.8,9.3,0.1,"Strides, Bangalore, India.",True,1336.0,5033.8,248.44
10218,86650,104-CI-T30,FPQ-12144,SO-45620,DN-3510,Côte d'Ivoire,PMO - US,From RDC,N/A - From RDC,Truck,2013-04-22,2013-07-29,2014-01-29,2014-02-15,2014-03-04,ARV,Adult,SCMS from RDC,"Lopinavir/Ritonavir 200/50mg, tablets, 120 Tabs",Lopinavir/Ritonavir,Generic,200/50mg,Tablet,120,20440,418611.2,20.48,0.17,Mylan (formerly Matrix) Nashik,True,5450.0,23701.58,517.82
10219,86651,104-CI-T30,FPQ-11253,SO-44200,DN-3517,Côte d'Ivoire,PMO - US,From RDC,N/A - From RDC,Truck,2012-12-14,2013-08-10,2014-02-10,2014-02-05,2014-03-04,ARV,Adult,SCMS from RDC,"Lamivudine/Nevirapine/Zidovudine 150/200/300mg, tablets, 60 Tabs",Lamivudine/Nevirapine/Zidovudine,Generic,150/300/200mg,Tablet - FDC,60,93700,773962.0,8.26,0.14,Hetero Unit III Hyderabad IN,True,12220.0,42859.56,957.39
10220,86652,107-RW-T30,FPQ-12190,SO-45380,DN-3518,Rwanda,PMO - US,From RDC,N/A - From RDC,Truck,2013-05-06,2013-07-31,2014-01-31,2014-02-03,2014-02-24,ARV,Adult,SCMS from RDC,"Efavirenz/Lamivudine/Tenofovir Disoproxil Fumarate 600/300/300mg, tablets, 30 Tabs",Efavirenz/Lamivudine/Tenofovir Disoproxil Fumarate,Generic,600/300/300mg,Tablet - FDC,30,119370,1297551.9,10.87,0.36,Mylan (formerly Matrix) Nashik,True,13429.0,13380.52,1605.07
10221,86653,151-NG-T30,FPQ-12248,SO-45670,DN-3539,Nigeria,PMO - US,From RDC,N/A - From RDC,Air Charter,2013-05-06,2013-08-28,2014-02-28,2014-02-10,2014-02-19,ARV,Pediatric,SCMS from RDC,"Lamivudine/Nevirapine/Zidovudine 30/50/60mg, dispersible tablets, 60 Tabs",Lamivudine/Nevirapine/Zidovudine,Generic,30/50/60mg,Chewable/dispersible tablet - FDC,60,169447,635426.25,3.75,0.06,"Strides, Bangalore, India.",True,8039.0,30936.1,786.02
10222,86654,151-NG-T30,FPQ-12801,SO-46541,DN-3542,Nigeria,PMO - US,From RDC,N/A - From RDC,Air Charter,2013-08-06,2013-09-07,2014-03-07,2014-02-10,2014-02-19,ARV,Pediatric,SCMS from RDC,"Abacavir/Lamivudine 60/30mg, tablets, 60 Tabs",Abacavir/Lamivudine,Generic,60/30mg,Tablet - FDC,60,4915,19660.0,4.0,0.07,Mylan (formerly Matrix) Nashik,False,668.5,12601.07,24.32
10223,86655,151-NG-T30,FPQ-12248,SO-45665,DN-3551,Nigeria,PMO - US,From RDC,N/A - From RDC,Air Charter,2013-05-06,2013-08-28,2014-02-28,2014-02-10,2014-02-19,ARV,Adult,SCMS from RDC,"Lamivudine/Nevirapine/Zidovudine 150/200/300mg, tablets, 60 Tabs",Lamivudine/Nevirapine/Zidovudine,Generic,150/300/200mg,Tablet - FDC,60,83300,688058.0,8.26,0.14,Hetero Unit III Hyderabad IN,False,668.5,12601.07,851.13
10224,86657,101-CD-T30,FPQ-13554,SO-47630,DN-3561,"Congo, DRC",PMO - US,From RDC,N/A - From RDC,Air,2014-01-15,2013-11-30,2014-05-30,2014-05-19,2014-06-26,ARV,Adult,SCMS from RDC,"Efavirenz 600mg, tablets, 30 Tabs",Efavirenz,Generic,600mg,Tablet,30,2827,9413.91,3.33,0.11,"Strides, Bangalore, India.",False,668.5,2346.5699999999997,9.68
10225,86659,110-ZM-T30,FPQ-12066,SO-45083,DN-3574,Zambia,PMO - US,From RDC,N/A - From RDC,Truck,2013-04-19,2013-09-21,2014-03-21,2014-03-25,2014-04-04,ARV,Adult,SCMS from RDC,"Efavirenz/Emtricitabine/Tenofovir Disoproxil Fumarate 600/200/300mg, tablets, 30 Tabs",Efavirenz/Emtricitabine/Tenofovir Disoproxil Fumarate,Generic,600/200/300mg,Tablet - FDC,30,3866,45966.74,11.89,0.4,"Hetero, Jadcherla, unit 5, IN",True,638.0,3526.7,56.86
10226,86660,111-MZ-T30,FPQ-13123,SO-47083,DN-3580,Mozambique,PMO - US,From RDC,N/A - From RDC,Truck,2013-10-21,2013-10-15,2014-04-15,2014-04-14,2014-04-17,ARV,Adult,SCMS from RDC,"Efavirenz 600mg, tablets, 30 Tabs",Efavirenz,Generic,600mg,Tablet,30,43000,143190.0,3.33,0.11,"Cipla, Goa, India",False,68951.0,5192.68,147.2
10227,86661,111-MZ-T30,FPQ-13123,SO-47083,DN-3580,Mozambique,PMO - US,From RDC,N/A - From RDC,Truck,2013-10-21,2013-10-15,2014-04-15,2014-04-14,2014-04-17,ARV,Pediatric,SCMS from RDC,"Nevirapine 10mg/ml, oral suspension w/syringe, Bottle, 240 ml",Nevirapine,Generic,10mg/ml,Oral suspension,240,4584,8526.24,1.86,0.01,"Aurobindo Unit III, India",False,668.5,5192.68,8.76
10228,86662,113-ZW-T30,FPQ-12950,SO-46620,DN-3588,Zimbabwe,PMO - US,From RDC,N/A - From RDC,Truck,2013-09-10,2013-11-06,2014-05-06,2014-03-21,2014-04-17,ARV,Adult,SCMS from RDC,"Efavirenz/Lamivudine/Tenofovir Disoproxil Fumarate 600/300/300mg, tablets, 30 Tabs",Efavirenz/Lamivudine/Tenofovir Disoproxil Fumarate,Generic,600/300/300mg,Tablet - FDC,30,143023,1594706.45,11.15,0.37,Mylan (formerly Matrix) Nashik,False,668.5,6721.705,1972.65
10229,86663,109-TZ-T30,FPQ-12015,SO-44994,DN-3594,Tanzania,PMO - US,From RDC,N/A - From RDC,Truck,2013-04-02,2013-10-30,2014-04-30,2014-04-17,2014-04-28,ARV,Pediatric,SCMS from RDC,"Efavirenz 200mg, scored tablets, 90 Tabs",Efavirenz,Generic,200mg,Tablet,90,135,1255.5,9.3,0.1,"Strides, Bangalore, India.",True,8.0,1231.6,1.55
10230,86664,104-CI-T30,FPQ-12144,SO-45630,DN-3598,Côte d'Ivoire,PMO - US,From RDC,N/A - From RDC,Truck,2013-04-22,2013-10-10,2014-04-10,2014-04-10,2014-05-06,ARV,Adult,SCMS from RDC,"Abacavir/Lamivudine 600/300mg, scored tablets, 30 Tabs",Abacavir/Lamivudine,Generic,600/300mg,Tablet - FDC,30,1900,25688.0,13.52,0.45,Mylan (formerly Matrix) Nashik,False,2356.0,6757.815,31.78
10231,86665,104-CI-T30,FPQ-12800,SO-46430,DN-3599,Côte d'Ivoire,PMO - US,From RDC,N/A - From RDC,Truck,2013-08-09,2013-10-30,2014-04-30,2014-04-14,2014-05-22,ARV,Adult,SCMS from RDC,"Efavirenz/Lamivudine/Tenofovir Disoproxil Fumarate 600/300/300mg, tablets, 30 Tabs",Efavirenz/Lamivudine/Tenofovir Disoproxil Fumarate,Generic,600/300/300mg,Tablet - FDC,30,60200,633304.0,10.52,0.35,Hetero Unit III Hyderabad IN,False,668.5,6757.815,783.4
10232,86666,151-NG-T30,FPQ-12248,SO-45660,DN-3619,Nigeria,PMO - US,From RDC,N/A - From RDC,Air Charter,2013-05-06,2013-10-15,2014-04-15,2014-04-17,2014-05-02,ARV,Adult,SCMS from RDC,"Lamivudine/Nevirapine/Zidovudine 150/200/300mg, tablets, 60 Tabs",Lamivudine/Nevirapine/Zidovudine,Generic,150/300/200mg,Tablet - FDC,60,37869,312797.94,8.26,0.14,Mylan (formerly Matrix) Nashik,False,668.5,12601.07,386.93
10233,86668,109-TZ-T30,FPQ-13042,SO-46673,DN-3614,Tanzania,PMO - US,From RDC,N/A - From RDC,Truck,2013-10-01,2013-10-30,2014-04-30,2014-05-07,2014-06-13,ARV,Adult,SCMS from RDC,"Abacavir 300mg, tablets, 60 Tabs",Abacavir,Generic,300mg,Tablet,60,27293,306500.39,11.23,0.19,Mylan (formerly Matrix) Nashik,True,2525.0,2352.53,379.14
10234,86669,105-GY-T30,FPQ-13567,SO-47730,DN-3626,Guyana,PMO - US,From RDC,N/A - From RDC,Air,2014-01-16,2013-12-30,2014-06-30,2014-04-14,2014-06-06,ARV,Adult,SCMS from RDC,"Lamivudine/Zidovudine 150/300mg, tablets, 60 Tabs",Lamivudine/Zidovudine,Generic,150/300mg,Tablet - FDC,60,293,1971.89,6.73,0.11,Mylan (formerly Matrix) Nashik,False,668.5,1924.4650000000001,2.03
10235,86670,111-MZ-T30,FPQ-13123,SO-47084,DN-3627,Mozambique,PMO - US,From RDC,N/A - From RDC,Truck,2013-10-21,2013-12-03,2014-06-03,2014-06-03,2014-06-11,ARV,Adult,SCMS from RDC,"Tenofovir Disoproxil Fumarate 300mg, tablets, 30 Tabs",Tenofovir Disoproxil Fumarate,Generic,300mg,Tablet,30,640,2419.2,3.78,0.13,Hetero Unit III Hyderabad IN,False,668.5,5192.68,2.49
10236,86671,111-MZ-T30,FPQ-13124,SO-47041,DN-3628,Mozambique,PMO - US,From RDC,N/A - From RDC,Truck,2013-10-21,2013-12-14,2014-06-14,2014-06-24,2014-07-14,ARV,Adult,SCMS from RDC,"Nevirapine 200mg, tablets, 60 Tabs",Nevirapine,Generic,200mg,Tablet,60,2100,4746.0,2.26,0.04,Hetero Unit III Hyderabad IN,False,187.0,5192.68,4.88
10237,86672,104-CI-T30,FPQ-12800,SO-46423,DN-3630,Côte d'Ivoire,PMO - US,From RDC,N/A - From RDC,Air,2013-08-09,2013-10-30,2014-04-30,2014-04-25,2014-06-06,ARV,Adult,SCMS from RDC,"Tenofovir Disoproxil Fumarate 300mg, tablets, 30 Tabs",Tenofovir Disoproxil Fumarate,Generic,300mg,Tablet,30,700,2646.0,3.78,0.13,Hetero Unit III Hyderabad IN,False,548.0,4063.81,3.27
10238,86673,104-CI-T30,FPQ-12144,SO-45641,DN-3631,Côte d'Ivoire,PMO - US,From RDC,N/A - From RDC,Truck,2013-04-22,2013-11-30,2014-05-30,2014-04-23,2014-06-11,ARV,Adult,SCMS from RDC,"Lopinavir/Ritonavir 200/50mg, tablets, 120 Tabs",Lopinavir/Ritonavir,Generic,200/50mg,Tablet,120,28516,571460.64,20.04,0.17,"Aurobindo Unit III, India",False,3772.0,6757.815,706.9
10239,86674,104-CI-T30,FPQ-13142,SO-47132,DN-3634,Côte d'Ivoire,PMO - US,From RDC,N/A - From RDC,Truck,2013-10-22,2013-10-30,2014-04-30,2014-04-25,2014-06-11,ARV,Pediatric,SCMS from RDC,"Lamivudine 10mg/ml, oral solution w/syringe, Bottle, 240 ml",Lamivudine,Generic,10mg/ml,Oral solution,240,4157,5944.51,1.43,0.01,"Aurobindo Unit III, India",True,1385.0,6437.76,6.11
10240,86675,104-CI-T30,FPQ-12800,SO-46431,DN-3638,Côte d'Ivoire,PMO - US,From RDC,N/A - From RDC,Truck,2013-08-09,2013-10-30,2014-04-30,2014-04-25,2014-06-11,ARV,Pediatric,SCMS from RDC,"Nevirapine 10mg/ml, oral suspension w/syringe, Bottle, 100 ml",Nevirapine,Generic,10mg/ml,Oral suspension,100,4000,5200.0,1.3,0.01,"Aurobindo Unit III, India",True,750.0,3138.81,6.43
10241,86676,111-MZ-T30,FPQ-12416,SO-48180,DN-3644,Mozambique,PMO - US,From RDC,N/A - From RDC,Truck,2013-06-28,2013-12-02,2014-06-02,2014-06-03,2014-06-11,ARV,Adult,SCMS from RDC,"Abacavir 300mg, tablets, 60 Tabs",Abacavir,Generic,300mg,Tablet,60,405,4548.15,11.23,0.19,Mylan (formerly Matrix) Nashik,True,39.0,3590.0,5.63
10242,86750,104-CI-T30,FPQ-13628,SO-47882,DN-4016,Côte d'Ivoire,PMO - US,From RDC,N/A - From RDC,Truck,2014-01-29,2014-05-28,2014-11-28,2014-12-02,2014-12-08,ARV,Adult,SCMS from RDC,"Efavirenz 600mg, tablets, 30 Tabs",Efavirenz,Generic,600mg,Tablet,30,32400,107892.0,3.33,0.11,"Strides, Bangalore, India.",False,3227.0,6757.815,110.91
10243,86677,110-ZM-T30,FPQ-13221,SO-47201,DN-3648,Zambia,PMO - US,From RDC,N/A - From RDC,Truck,2013-10-31,2013-11-06,2014-05-06,2014-05-19,2014-06-12,ARV,Adult,SCMS from RDC,"Lamivudine/Tenofovir Disoproxil Fumarate 300/300mg, tablets, 30 Tabs",Lamivudine/Tenofovir Disoproxil Fumarate,Generic,300/300mg,Tablet - FDC,30,12590,58417.6,4.64,0.15,Ranbaxy per Shasun Pharma,False,668.5,6476.695,60.05
10244,86678,111-MZ-T30,FPQ-13123,SO-47085,DN-3652,Mozambique,PMO - US,From RDC,N/A - From RDC,Truck,2013-10-21,2013-12-16,2014-06-16,2014-05-23,2014-06-13,ARV,Adult,SCMS from RDC,"Lamivudine/Nevirapine/Zidovudine 150/200/300mg, tablets, 60 Tabs",Lamivudine/Nevirapine/Zidovudine,Generic,150/300/200mg,Tablet - FDC,60,173309,1405535.99,8.11,0.14,"Cipla, Goa, India",False,668.5,5192.68,1444.89
10245,86679,101-CD-T30,FPQ-13554,SO-47631,DN-3654,"Congo, DRC",PMO - US,From RDC,N/A - From RDC,Air,2014-01-15,2014-02-15,2014-08-15,2014-08-15,2014-09-05,ARV,Adult,SCMS from RDC,"Zidovudine 300mg, tablets, 60 Tabs",Zidovudine,Generic,300mg,Tablet,60,3000,16500.0,5.5,0.09,Mylan (formerly Matrix) Nashik,False,342.0,2346.5699999999997,16.96
10246,86680,109-TZ-T30,FPQ-13042,SO-47961,DN-3690,Tanzania,PMO - US,From RDC,N/A - From RDC,Truck,2013-10-01,2013-11-30,2014-05-30,2014-06-21,2014-07-01,ARV,Adult,SCMS from RDC,"Abacavir 300mg, tablets, 60 Tabs",Abacavir,Generic,300mg,Tablet,60,2707,30399.61,11.23,0.19,Mylan (formerly Matrix) Nashik,True,263.0,1811.6,37.6
10247,86683,114-UG-T30,FPQ-13107,SO-46850,DN-3713,Uganda,PMO - US,From RDC,N/A - From RDC,Truck,2013-10-16,2013-11-30,2014-05-30,2014-05-28,2014-06-11,ARV,Adult,SCMS from RDC,"Lamivudine/Nevirapine/Zidovudine 150/200/300mg, tablets, 60 Tabs",Lamivudine/Nevirapine/Zidovudine,Generic,150/300/200mg,Tablet - FDC,60,45950,372654.5,8.11,0.14,Hetero Unit III Hyderabad IN,True,6061.0,6901.96,383.09
10248,86684,105-GY-T30,FPQ-13567,SO-47721,DN-3716,Guyana,PMO - US,From RDC,N/A - From RDC,Air,2014-01-16,2013-11-30,2014-05-30,2014-06-04,2014-07-18,ARV,Pediatric,SCMS from RDC,"Efavirenz 200mg, scored tablets, 90 Tabs",Efavirenz,Generic,200mg,Tablet,90,75,697.5,9.3,0.1,"Strides, Bangalore, India.",True,5.0,908.65,0.72
10249,86685,151-NG-T30,FPQ-13293,SO-47284,DN-3719,Nigeria,PMO - US,From RDC,N/A - From RDC,Air Charter,2013-11-19,2013-12-30,2014-06-30,2014-05-09,2014-05-23,ARV,Pediatric,SCMS from RDC,"Lamivudine/Nevirapine/Zidovudine 30/50/60mg, dispersible tablets, 60 Tabs",Lamivudine/Nevirapine/Zidovudine,Generic,30/50/60mg,Chewable/dispersible tablet - FDC,60,11820,44325.0,3.75,0.06,"Strides, Bangalore, India.",False,668.5,12601.07,45.57
10250,86686,151-NG-T30,FPQ-13293,SO-47271,DN-3721,Nigeria,PMO - US,From RDC,N/A - From RDC,Air Charter,2013-11-19,2013-12-03,2014-06-03,2014-05-09,2014-05-23,ARV,Adult,SCMS from RDC,"Lamivudine/Nevirapine/Zidovudine 150/200/300mg, tablets, 60 Tabs",Lamivudine/Nevirapine/Zidovudine,Generic,150/300/200mg,Tablet - FDC,60,200000,1622000.0,8.11,0.14,Hetero Unit III Hyderabad IN,False,28580.0,12601.07,1667.42
10251,86691,111-MZ-T30,FPQ-13575,SO-47702,DN-3744,Mozambique,PMO - US,From RDC,N/A - From RDC,Truck,2014-01-17,2014-02-28,2014-08-31,2014-07-18,2014-08-07,ARV,Adult,SCMS from RDC,"Efavirenz/Lamivudine/Tenofovir Disoproxil Fumarate 600/300/300mg, tablets, 30 Tabs",Efavirenz/Lamivudine/Tenofovir Disoproxil Fumarate,Generic,600/300/300mg,Tablet - FDC,30,247500,2668050.0,10.78,0.36,Mylan (formerly Matrix) Nashik,False,668.5,5192.68,2742.76
10252,86694,113-ZW-T30,FPQ-13508,SO-47541,DN-3771,Zimbabwe,PMO - US,From RDC,N/A - From RDC,Truck,2013-12-24,2014-03-30,2014-09-30,2014-06-20,2014-07-07,ARV,Adult,SCMS from RDC,"Nevirapine 200mg, tablets, 60 Tabs",Nevirapine,Generic,200mg,Tablet,60,178097,402499.22,2.26,0.04,Hetero Unit III Hyderabad IN,False,668.5,6721.705,413.77
10253,86695,103-ZW-T30,FPQ-13316,SO-47250,DN-3772,Zimbabwe,PMO - US,From RDC,N/A - From RDC,Air,2013-11-26,2013-12-30,2014-06-30,2014-06-20,2014-07-07,ARV,Pediatric,SCMS from RDC,"Abacavir/Lamivudine 60/30mg, tablets, 60 Tabs",Abacavir/Lamivudine,Generic,60/30mg,Tablet - FDC,60,1973,7892.0,4.0,0.07,"Aurobindo Unit III, India",True,8894.0,102.67,8.11
10254,86698,111-MZ-T30,FPQ-14226,SO-49390,DN-3886,Mozambique,PMO - US,From RDC,N/A - From RDC,Truck,2014-05-02,2014-03-30,2014-09-30,2014-10-30,2014-11-13,ARV,Adult,SCMS from RDC,"Lamivudine/Tenofovir Disoproxil Fumarate 300/300mg, tablets, 30 Tabs",Lamivudine/Tenofovir Disoproxil Fumarate,Generic,300/300mg,Tablet - FDC,30,2199,10203.36,4.64,0.15,"Aurobindo Unit VII, IN",False,668.5,5192.68,10.49
10255,86699,103-SS-T30,FPQ-14574,SO-49370,DN-3891,South Sudan,PMO - US,From RDC,N/A - From RDC,Air,2014-07-14,2014-04-02,2014-10-02,2014-10-17,2014-11-13,ARV,Adult,SCMS from RDC,"Efavirenz 600mg, tablets, 30 Tabs",Efavirenz,Generic,600mg,Tablet,30,4488,14406.48,3.21,0.11,"Cipla, Goa, India",False,668.5,2575.925,14.81
10256,86701,114-UG-T30,FPQ-14396,SO-48991,DN-3880,Uganda,PMO - US,From RDC,N/A - From RDC,Truck,2014-06-04,2014-05-28,2014-11-28,2014-08-22,2014-08-26,ARV,Adult,SCMS from RDC,"Lopinavir/Ritonavir 200/50mg [Aluvia], tablets, 120 Tabs",Lopinavir/Ritonavir,Aluvia,200/50mg,Tablet,120,5337,100869.3,18.9,0.16,ABBVIE Ludwigshafen Germany,True,1089.0,3730.8,103.69
10257,86703,107-RW-T30,FPQ-14111,SO-48800,DN-3788,Rwanda,PMO - US,From RDC,N/A - From RDC,Truck,2014-04-22,2014-04-30,2014-10-30,2014-08-13,2014-08-14,ARV,Adult,SCMS from RDC,"Lamivudine/Nevirapine/Zidovudine 150/200/300mg, tablets, 60 Tabs",Lamivudine/Nevirapine/Zidovudine,Generic,150/300/200mg,Tablet - FDC,60,86008,697524.88,8.11,0.14,Hetero Unit III Hyderabad IN,True,11117.0,15617.93,717.06
10258,86704,151-NG-T30,FPQ-13293,SO-47287,DN-3793,Nigeria,PMO - US,From RDC,N/A - From RDC,Air Charter,2013-11-19,2013-12-30,2014-06-30,2014-06-20,2014-06-25,ARV,Pediatric,SCMS from RDC,"Lamivudine/Nevirapine/Zidovudine 30/50/60mg, dispersible tablets, 60 Tabs",Lamivudine/Nevirapine/Zidovudine,Generic,30/50/60mg,Chewable/dispersible tablet - FDC,60,65761,245288.53,3.73,0.06,"Strides, Bangalore, India.",True,3156.0,28812.57,252.16
10259,86706,111-MZ-T30,FPQ-13124,SO-47040,DN-3809,Mozambique,PMO - US,From RDC,N/A - From RDC,Truck,2013-10-21,2014-02-15,2014-08-15,2014-08-15,2014-08-25,ARV,Adult,SCMS from RDC,"Zidovudine 300mg, tablets, 60 Tabs",Zidovudine,Generic,300mg,Tablet,60,57870,314812.8,5.44,0.09,"Aurobindo Unit III, India",False,668.5,5192.68,323.63
10260,86709,103-ZW-T30,FPQ-13967,SO-48441,DN-3823,Zimbabwe,PMO - US,From RDC,N/A - From RDC,Truck,2014-04-02,2014-03-30,2014-09-30,2014-06-29,2014-08-04,ARV,Pediatric,SCMS from RDC,"Lamivudine/Nevirapine/Zidovudine 30/50/60mg, dispersible tablets, 60 Tabs",Lamivudine/Nevirapine/Zidovudine,Generic,30/50/60mg,Chewable/dispersible tablet - FDC,60,66023,246265.79,3.73,0.06,"Cipla, Goa, India",True,5780.0,15789.2,253.16
10261,86711,110-ZM-T30,FPQ-14105,SO-48650,DN-3838,Zambia,PMO - US,From RDC,N/A - From RDC,Truck,2014-04-16,2014-03-04,2014-09-04,2014-07-25,2014-07-31,ARV,Adult,SCMS from RDC,"Lamivudine/Zidovudine 150/300mg, tablets, 60 Tabs",Lamivudine/Zidovudine,Generic,150/300mg,Tablet - FDC,60,14653,96709.8,6.6,0.11,"Aurobindo Unit III, India",True,1413.0,1325.68,99.42
10262,86718,111-MZ-T30,FPQ-13124,SO-47053,DN-3864,Mozambique,PMO - US,From RDC,N/A - From RDC,Truck,2013-10-21,2014-02-28,2014-08-29,2014-10-27,2014-11-07,ARV,Adult,SCMS from RDC,"Lamivudine/Nevirapine/Zidovudine 150/200/300mg, tablets, 60 Tabs",Lamivudine/Nevirapine/Zidovudine,Generic,150/300/200mg,Tablet - FDC,60,114324,927167.64,8.11,0.14,"Cipla, Goa, India",False,668.5,5192.68,953.13
10263,86719,111-MZ-T30,FPQ-13394,SO-47462,DN-3866,Mozambique,PMO - US,From RDC,N/A - From RDC,Truck,2013-12-09,2014-02-28,2014-08-29,2014-10-27,2014-11-07,ARV,Adult,SCMS from RDC,"Lamivudine/Nevirapine/Zidovudine 150/200/300mg, tablets, 60 Tabs",Lamivudine/Nevirapine/Zidovudine,Generic,150/300/200mg,Tablet - FDC,60,103410,838655.1,8.11,0.14,"Aurobindo Unit III, India",False,668.5,5192.68,862.14
10264,86720,109-TZ-T30,FPQ-13042,SO-46674,DN-3867,Tanzania,PMO - US,From RDC,N/A - From RDC,Truck,2013-10-01,2014-02-28,2014-08-29,2014-09-29,2014-10-06,ARV,Pediatric,SCMS from RDC,"Lamivudine/Nevirapine/Zidovudine 30/50/60mg, dispersible tablets, 60 Tabs",Lamivudine/Nevirapine/Zidovudine,Generic,30/50/60mg,Chewable/dispersible tablet - FDC,60,42141,157185.93,3.73,0.06,Mylan (formerly Matrix) Nashik,False,668.5,3623.2,194.44
10265,86721,111-MZ-T30,FPQ-14226,SO-48870,DN-3903,Mozambique,PMO - US,From RDC,N/A - From RDC,Truck,2014-05-02,2014-06-30,2014-12-30,2014-10-30,2014-11-13,ARV,Adult,SCMS from RDC,"Lamivudine/Tenofovir Disoproxil Fumarate 300/300mg, tablets, 30 Tabs",Lamivudine/Tenofovir Disoproxil Fumarate,Generic,300/300mg,Tablet - FDC,30,38774,179911.36,4.64,0.15,Ranbaxy per Shasun Pharma,False,668.5,5192.68,184.95
10266,86723,151-NG-T30,FPQ-13704,SO-48321,DN-3915,Nigeria,PMO - US,From RDC,N/A - From RDC,Air Charter,2014-02-13,2014-03-30,2014-09-30,2014-09-03,2014-09-05,ARV,Pediatric,SCMS from RDC,"Efavirenz 200mg, scored tablets, 90 Tabs",Efavirenz,Generic,200mg,Tablet,90,635,5905.5,9.3,0.1,"Strides, Bangalore, India.",True,65.0,177.0,6.07
10267,86724,151-NG-T30,FPQ-14156,SO-48902,DN-3916,Nigeria,PMO - US,From RDC,N/A - From RDC,Air Charter,2014-04-25,2014-04-30,2014-10-31,2014-09-03,2014-09-05,ARV,Adult,SCMS from RDC,"Efavirenz 600mg, tablets, 30 Tabs",Efavirenz,Generic,600mg,Tablet,30,12241,39293.61,3.21,0.11,"Strides, Bangalore, India.",True,828.0,3773.0,40.39
10268,86727,111-MZ-T30,FPQ-13165,SO-47590,DN-3934,Mozambique,PMO - US,From RDC,N/A - From RDC,Truck,2013-10-21,2014-04-30,2014-10-31,2014-10-30,2014-11-13,ARV,Adult,SCMS from RDC,"Abacavir/Lamivudine 600/300mg, tablets, 30 Tabs",Abacavir/Lamivudine,Generic,600/300mg,Tablet - FDC,30,3793,51281.36,13.52,0.45,"Cipla, Patalganga, India",True,383.0,123.7,52.72
10269,86728,105-GY-T30,FPQ-14042,SO-48521,DN-3938,Guyana,PMO - US,From RDC,N/A - From RDC,Air,2014-04-09,2014-03-30,2014-09-30,2014-10-09,2014-10-22,ARV,Adult,SCMS from RDC,"Lamivudine/Zidovudine 150/300mg, tablets, 60 Tabs",Lamivudine/Zidovudine,Generic,150/300mg,Tablet - FDC,60,228,1504.8,6.6,0.11,"Aurobindo Unit III, India",True,21.0,973.48,1.55
10270,86729,111-MZ-T30,FPQ-13575,SO-47700,DN-3939,Mozambique,PMO - US,From RDC,N/A - From RDC,Truck,2014-01-17,2014-04-30,2014-10-31,2014-10-30,2014-11-13,ARV,Adult,SCMS from RDC,"Lamivudine/Nevirapine/Zidovudine 150/200/300mg, tablets, 60 Tabs",Lamivudine/Nevirapine/Zidovudine,Generic,150/300/200mg,Tablet - FDC,60,110000,908600.0,8.26,0.14,"Aurobindo Unit III, India",False,10882.0,5192.68,934.04
10271,86730,111-MZ-T30,FPQ-14226,SO-48884,DN-3944,Mozambique,PMO - US,From RDC,N/A - From RDC,Truck,2014-05-02,2014-06-30,2014-12-31,2014-10-28,2014-11-13,ARV,Adult,SCMS from RDC,"Tenofovir Disoproxil Fumarate 300mg, tablets, 30 Tabs",Tenofovir Disoproxil Fumarate,Generic,300mg,Tablet,30,220,831.6,3.78,0.13,Hetero Unit III Hyderabad IN,False,31.0,5192.68,0.85
10272,86735,111-MZ-T30,FPQ-14226,SO-48885,DN-3957,Mozambique,PMO - US,From RDC,N/A - From RDC,Truck,2014-05-02,2014-06-30,2014-12-31,2014-12-01,2014-12-01,ARV,Adult,SCMS from RDC,"Efavirenz/Lamivudine/Tenofovir Disoproxil Fumarate 600/300/300mg, tablets, 30 Tabs",Efavirenz/Lamivudine/Tenofovir Disoproxil Fumarate,Generic,600/300/300mg,Tablet - FDC,30,19492,210123.76,10.78,0.36,Mylan (formerly Matrix) Nashik,False,668.5,5192.68,216.01
10273,86737,104-CI-T30,FPQ-14064,SO-48750,DN-3982,Côte d'Ivoire,PMO - US,From RDC,N/A - From RDC,Truck,2014-04-09,2014-04-30,2014-10-31,2014-10-24,2014-11-06,ARV,Adult,SCMS from RDC,"Abacavir/Lamivudine 600/300mg, tablets, 30 Tabs",Abacavir/Lamivudine,Generic,600/300mg,Tablet - FDC,30,2400,32376.0,13.49,0.45,Mylan (formerly Matrix) Nashik,True,213.0,1422.54,33.28
10274,86739,101-CD-T30,FPQ-14576,SO-49290,DN-3975,"Congo, DRC",PMO - US,From RDC,N/A - From RDC,Air,2014-07-14,2014-07-30,2015-01-30,2015-02-18,2015-02-23,ARV,Adult,SCMS from RDC,"Lamivudine/Zidovudine 150/300mg, tablets, 60 Tabs",Lamivudine/Zidovudine,Generic,150/300mg,Tablet - FDC,60,4670,30448.4,6.52,0.11,Mylan (formerly Matrix) Nashik,False,668.5,2346.5699999999997,31.3
10275,86740,101-CD-T30,FPQ-14576,SO-49290,DN-3975,"Congo, DRC",PMO - US,From RDC,N/A - From RDC,Air,2014-07-14,2014-07-30,2015-01-30,2015-02-18,2015-02-23,ARV,Adult,SCMS from RDC,"Lamivudine/Nevirapine/Zidovudine 150/200/300mg, tablets, 60 Tabs",Lamivudine/Nevirapine/Zidovudine,Generic,150/300/200mg,Tablet - FDC,60,3460,28060.6,8.11,0.14,Mylan (formerly Matrix) Nashik,False,668.5,2346.5699999999997,28.85
10276,86741,101-CD-T30,FPQ-14576,SO-49290,DN-3975,"Congo, DRC",PMO - US,From RDC,N/A - From RDC,Air,2014-07-14,2014-07-30,2015-01-30,2015-02-18,2015-02-23,ARV,Adult,SCMS from RDC,"Lamivudine 150mg, tablets, 60 Tabs",Lamivudine,Generic,150mg,Tablet,60,1976,3438.24,1.74,0.03,"Aurobindo Unit III, India",False,668.5,2346.5699999999997,3.53
10277,86743,151-NG-T30,FPQ-14156,SO-48905,DN-3996,Nigeria,PMO - US,From RDC,N/A - From RDC,Air Charter,2014-04-25,2014-04-30,2014-10-31,2014-10-30,2014-11-03,ARV,Adult,SCMS from RDC,"Lamivudine/Tenofovir Disoproxil Fumarate 300/300mg, tablets, 30 Tabs",Lamivudine/Tenofovir Disoproxil Fumarate,Generic,300/300mg,Tablet - FDC,30,57000,263340.0,4.62,0.15,"Aurobindo Unit VII, IN",True,5735.0,20138.0,270.71
10278,86746,107-RW-T30,FPQ-14811,SO-49941,DN-4011,Rwanda,PMO - US,From RDC,N/A - From RDC,Truck,2014-10-15,2014-07-14,2015-01-14,2014-11-13,2014-11-14,ARV,Pediatric,SCMS from RDC,"Lamivudine/Zidovudine 30/60mg, dispersible tablets, 60 Tabs",Lamivudine/Zidovudine,Generic,30/60mg,Chewable/dispersible tablet - FDC,60,459,913.41,1.99,0.03,"Cipla, Goa, India",False,668.5,7173.3,0.94
10279,86747,107-RW-T30,FPQ-14111,SO-48790,DN-4012,Rwanda,PMO - US,From RDC,N/A - From RDC,Truck,2014-04-22,2014-08-16,2015-02-16,2015-01-14,2015-01-19,ARV,Adult,SCMS from RDC,"Abacavir/Lamivudine 600/300mg, tablets, 30 Tabs",Abacavir/Lamivudine,Generic,600/300mg,Tablet - FDC,30,49270,666130.4,13.52,0.45,Mylan (formerly Matrix) Nashik,False,668.5,7173.3,684.78
10280,86749,114-UG-T30,FPQ-14396,SO-48973,DN-4019,Uganda,PMO - US,From RDC,N/A - From RDC,Truck,2014-06-04,2014-07-15,2015-01-15,2014-12-17,2014-12-22,ARV,Adult,SCMS from RDC,"Efavirenz 600mg, tablets, 30 Tabs",Efavirenz,Generic,600mg,Tablet,30,22500,72225.0,3.21,0.11,"Strides, Bangalore, India.",False,2145.0,5458.45,74.25
10281,86751,104-CI-T30,FPQ-14370,SO-49081,DN-4015,Côte d'Ivoire,PMO - US,From RDC,N/A - From RDC,Truck,2014-05-23,2014-05-28,2014-11-28,2014-12-02,2014-12-08,ARV,Adult,SCMS from RDC,"Lamivudine/Zidovudine 150/300mg, tablets, 60 Tabs",Lamivudine/Zidovudine,Generic,150/300mg,Tablet - FDC,60,55995,365087.4,6.52,0.11,"Aurobindo Unit III, India",True,4899.0,19497.24,375.31
10282,86756,110-ZM-T30,FPQ-13221,SO-47208,DN-4045,Zambia,PMO - US,From RDC,N/A - From RDC,Truck,2013-10-31,2014-07-30,2015-01-30,2015-02-19,2015-02-20,ARV,Adult,SCMS from RDC,"Lamivudine/Tenofovir Disoproxil Fumarate 300/300mg, tablets, 30 Tabs",Lamivudine/Tenofovir Disoproxil Fumarate,Generic,300/300mg,Tablet - FDC,30,18447,85225.14,4.62,0.15,Hetero Unit III Hyderabad IN,True,1906.0,2201.74,87.61
10283,86757,151-NG-T30,FPQ-14156,SO-48892,DN-4052,Nigeria,PMO - US,From RDC,N/A - From RDC,Air Charter,2014-04-25,2014-07-30,2015-01-30,2014-12-29,2015-01-06,ARV,Adult,SCMS from RDC,"Lamivudine/Nevirapine/Zidovudine 150/200/300mg, tablets, 60 Tabs",Lamivudine/Nevirapine/Zidovudine,Generic,150/300/200mg,Tablet - FDC,60,306992,2369978.24,7.72,0.13,"Cipla, Goa, India",False,668.5,12601.07,2436.34
10284,86758,104-CI-T30,FPQ-14370,SO-49052,DN-4064,Côte d'Ivoire,PMO - US,From RDC,N/A - From RDC,Truck,2014-05-23,2014-08-16,2015-02-16,2015-01-19,2015-01-27,ARV,Adult,SCMS from RDC,"Lamivudine/Nevirapine/Zidovudine 150/200/300mg, tablets, 60 Tabs",Lamivudine/Nevirapine/Zidovudine,Generic,150/300/200mg,Tablet - FDC,60,120000,926400.0,7.72,0.13,Hetero Unit III Hyderabad IN,False,11419.0,6757.815,952.34
10285,86772,151-NG-T30,FPQ-14156,SO-48908,DN-4097,Nigeria,PMO - US,From RDC,N/A - From RDC,Air Charter,2014-04-25,2014-07-30,2015-01-30,2015-01-14,2015-01-20,ARV,Adult,SCMS from RDC,"Lamivudine/Tenofovir Disoproxil Fumarate 300/300mg, tablets, 30 Tabs",Lamivudine/Tenofovir Disoproxil Fumarate,Generic,300/300mg,Tablet - FDC,30,296996,1369151.56,4.61,0.15,Hetero Unit III Hyderabad IN,False,668.5,12601.07,1407.49
10286,86773,114-UG-T30,FPQ-14396,SO-49011,DN-4100,Uganda,PMO - US,From RDC,N/A - From RDC,Truck,2014-06-04,2014-08-06,2015-02-06,2015-01-30,2015-02-02,ARV,Pediatric,SCMS from RDC,"Lamivudine/Nevirapine/Zidovudine 30/50/60mg, dispersible tablets, 60 Tabs",Lamivudine/Nevirapine/Zidovudine,Generic,30/50/60mg,Chewable/dispersible tablet - FDC,60,5000,18650.0,3.73,0.06,Mylan (formerly Matrix) Nashik,True,297.0,1326.0,19.17
10287,86774,101-CD-T30,FPQ-14576,SO-49311,DN-4107,"Congo, DRC",PMO - US,From RDC,N/A - From RDC,Air,2014-07-14,2014-10-14,2015-04-14,2015-04-14,2015-04-14,ARV,Adult,SCMS from RDC,"Efavirenz/Lamivudine/Tenofovir Disoproxil Fumarate 600/300/300mg, tablets, 30 Tabs",Efavirenz/Lamivudine/Tenofovir Disoproxil Fumarate,Generic,600/300/300mg,Tablet - FDC,30,55300,539728.0,9.76,0.33,Mylan (formerly Matrix) Nashik,True,6247.0,61201.46,554.84
10288,86781,114-UG-T30,FPQ-14396,SO-49010,DN-4151,Uganda,PMO - US,From RDC,N/A - From RDC,Truck,2014-06-04,2014-09-16,2015-03-16,2015-03-12,2015-03-17,ARV,Pediatric,SCMS from RDC,"Lamivudine/Nevirapine/Zidovudine 30/50/60mg, dispersible tablets, 60 Tabs",Lamivudine/Nevirapine/Zidovudine,Generic,30/50/60mg,Chewable/dispersible tablet - FDC,60,273,982.8,3.6,0.06,"Strides, Bangalore, India.",False,520.0,5458.45,1.01
10289,86782,111-MZ-T30,FPQ-15195,SO-50121,DN-4153,Mozambique,PMO - US,From RDC,N/A - From RDC,Truck,2014-10-17,2014-12-30,2015-06-30,2015-04-10,2015-04-20,ARV,Pediatric,SCMS from RDC,"Nevirapine 10mg/ml, oral suspension w/syringe, Bottle, 240 ml",Nevirapine,Generic,10mg/ml,Oral suspension,240,24871,37555.21,1.51,0.01,"Aurobindo Unit III, India",False,668.5,5192.68,44.2
10290,86784,110-ZM-T30,FPQ-14575,SO-49280,DN-4154,Zambia,PMO - US,From RDC,N/A - From RDC,Truck,2014-07-11,2014-08-27,2015-02-27,2015-03-25,2015-03-26,ARV,Adult,SCMS from RDC,"Nevirapine 200mg, tablets, 60 Tabs",Nevirapine,Generic,200mg,Tablet,60,71600,156088.0,2.18,0.04,"Strides, Bangalore, India.",False,668.5,6476.695,160.46
10291,86785,107-RW-T30,FPQ-14111,SO-48810,DN-4149,Rwanda,PMO - US,From RDC,N/A - From RDC,Truck,2014-04-22,2014-09-30,2015-03-31,2015-03-24,2015-03-24,ARV,Pediatric,SCMS from RDC,"Abacavir 20mg/ml, oral solution, Bottle, 240 ml",Abacavir,Generic,20mg/ml,Oral solution,240,1820,12430.6,6.83,0.03,"Aurobindo Unit III, India",False,445.0,7173.3,12.78
10292,86786,114-UG-T30,FPQ-14396,SO-48990,DN-4163,Uganda,PMO - US,From RDC,N/A - From RDC,Truck,2014-06-04,2014-09-30,2015-03-31,2015-05-15,2015-05-17,ARV,Adult,SCMS from RDC,"Lamivudine/Tenofovir Disoproxil Fumarate 300/300mg, tablets, 30 Tabs",Lamivudine/Tenofovir Disoproxil Fumarate,Generic,300/300mg,Tablet - FDC,30,27365,125605.35,4.59,0.15,Ranbaxy per Shasun Pharma,True,2885.0,2564.94,129.12
10293,86787,107-RW-T30,FPQ-15622,SO-50690,DN-4176,Rwanda,PMO - US,From RDC,N/A - From RDC,Air,2014-12-22,2014-10-24,2015-04-24,2015-05-04,2015-05-08,ARV,Adult,SCMS from RDC,"Tenofovir Disoproxil Fumarate 300mg, tablets, 30 Tabs",Tenofovir Disoproxil Fumarate,Generic,300mg,Tablet,30,200,710.0,3.55,0.12,Mylan (formerly Matrix) Nashik,True,12.0,1301.94,0.84
10294,86788,102-BI-T30,FPQ-15406,SO-50280,DN-4178,Burundi,PMO - US,From RDC,N/A - From RDC,Air,2014-11-19,2014-11-29,2015-05-29,2015-03-25,2015-03-30,ARV,Adult,SCMS from RDC,"Lamivudine/Nevirapine/Zidovudine 150/200/300mg, tablets, 60 Tabs",Lamivudine/Nevirapine/Zidovudine,Generic,150/300/200mg,Tablet - FDC,60,1008,7781.76,7.72,0.13,"Hetero, Jadcherla, unit 5, IN",False,354.5,3544.4849999999997,9.16
10295,86789,102-BI-T30,FPQ-15406,SO-50280,DN-4178,Burundi,PMO - US,From RDC,N/A - From RDC,Air,2014-11-19,2014-11-29,2015-05-29,2015-03-25,2015-03-30,ARV,Pediatric,SCMS from RDC,"Lamivudine/Zidovudine 30/60mg, dispersible tablets, 60 Tabs",Lamivudine/Zidovudine,Generic,30/60mg,Chewable/dispersible tablet - FDC,60,282,549.9,1.95,0.03,"Mylan,  H-12 & H-13, India",False,668.5,3544.4849999999997,0.65
10296,86790,151-NG-T30,FPQ-14989,SO-49931,DN-4187,Nigeria,PMO - US,From RDC,N/A - From RDC,Air Charter,2014-09-19,2014-12-30,2015-06-30,2015-03-18,2015-03-20,ARV,Adult,SCMS from RDC,"Lopinavir/Ritonavir 200/50mg [Aluvia], tablets, 120 Tabs",Lopinavir/Ritonavir,Aluvia,200/50mg,Tablet,120,13130,244743.2,18.64,0.16,ABBVIE Ludwigshafen Germany,True,3232.0,4495.29,251.6
10297,86791,101-CD-T30,FPQ-15787,SO-50910,DN-4195,"Congo, DRC",PMO - US,From RDC,N/A - From RDC,Air,2015-01-26,2014-11-06,2015-05-06,2015-07-06,2015-07-06,ARV,Pediatric,SCMS from RDC,"Lamivudine/Zidovudine 30/60mg, dispersible tablets, 60 Tabs",Lamivudine/Zidovudine,Generic,30/60mg,Chewable/dispersible tablet - FDC,60,490,955.5,1.95,0.03,"Mylan,  H-12 & H-13, India",False,4359.0,2346.5699999999997,1.12
10298,86795,102-BI-T30,FPQ-15406,SO-50290,DN-4210,Burundi,PMO - US,From RDC,N/A - From RDC,Air,2014-11-19,2014-12-30,2015-06-30,2015-04-22,2015-04-23,ARV,Adult,SCMS from RDC,"Lamivudine/Nevirapine/Zidovudine 150/200/300mg, tablets, 60 Tabs",Lamivudine/Nevirapine/Zidovudine,Generic,150/300/200mg,Tablet - FDC,60,1056,8152.32,7.72,0.13,Mylan (formerly Matrix) Nashik,False,112.0,3544.4849999999997,9.6
10299,86796,104-CI-T30,FPQ-15259,SO-50101,DN-4211,Côte d'Ivoire,PMO - US,From RDC,N/A - From RDC,Truck,2014-10-24,2014-12-19,2015-06-19,2015-04-16,2015-04-20,ARV,Adult,SCMS from RDC,"Lamivudine/Tenofovir Disoproxil Fumarate 300/300mg, tablets, 30 Tabs",Lamivudine/Tenofovir Disoproxil Fumarate,Generic,300/300mg,Tablet - FDC,30,8250,37867.5,4.59,0.15,"Cipla, Kurkumbh, India",True,821.0,6695.9,44.57
10300,86797,114-UG-T30,FPQ-15639,SO-50670,DN-4215,Uganda,PMO - US,From RDC,N/A - From RDC,Truck,2014-12-22,2014-10-30,2015-04-30,2015-04-22,2015-04-24,ARV,Adult,SCMS from RDC,"Lamivudine/Nevirapine/Zidovudine 150/200/300mg, tablets, 60 Tabs",Lamivudine/Nevirapine/Zidovudine,Generic,150/300/200mg,Tablet - FDC,60,21667,167269.24,7.72,0.13,Mylan (formerly Matrix) Nashik,False,668.5,0.0,196.88
10301,86798,114-UG-T30,FPQ-15294,SO-50050,DN-4218,Uganda,PMO - US,From RDC,N/A - From RDC,Truck,2014-11-03,2014-12-15,2015-06-15,2015-05-14,2015-05-15,ARV,Adult,SCMS from RDC,"Efavirenz 600mg, tablets, 30 Tabs",Efavirenz,Generic,600mg,Tablet,30,29998,93593.76,3.12,0.1,Hetero Unit III Hyderabad IN,False,3274.0,5458.45,110.16
10302,86799,103-ZW-T30,FPQ-15197,SO-50011,DN-4225,Zimbabwe,PMO - US,From RDC,N/A - From RDC,Truck,2014-10-16,2014-10-30,2015-04-30,2015-04-08,2015-04-14,ARV,Pediatric,SCMS from RDC,"Lamivudine/Zidovudine 30/60mg, dispersible tablets, 60 Tabs",Lamivudine/Zidovudine,Generic,30/60mg,Chewable/dispersible tablet - FDC,60,47733,91647.36,1.92,0.03,"Cipla, Goa, India",True,6368.0,2592.56,107.87
10303,86800,111-MZ-T30,FPQ-15195,SO-50141,DN-4231,Mozambique,PMO - US,From RDC,N/A - From RDC,Truck,2014-10-17,2014-11-30,2015-05-31,2015-06-09,2015-06-15,ARV,Adult,SCMS from RDC,"Efavirenz/Lamivudine/Tenofovir Disoproxil Fumarate 600/300/300mg, tablets, 30 Tabs",Efavirenz/Lamivudine/Tenofovir Disoproxil Fumarate,Generic,600/300/300mg,Tablet - FDC,30,200000,1920000.0,9.6,0.32,Hetero Unit III Hyderabad IN,True,26603.0,19194.37,2259.84
10304,86801,111-MZ-T30,FPQ-13575,SO-47707,DN-4234,Mozambique,PMO - US,From RDC,N/A - From RDC,Truck,2014-01-17,2014-11-29,2015-05-29,2015-06-15,2015-06-15,ARV,Adult,SCMS from RDC,"Lamivudine/Nevirapine/Zidovudine 150/200/300mg, tablets, 60 Tabs",Lamivudine/Nevirapine/Zidovudine,Generic,150/300/200mg,Tablet - FDC,60,28516,220143.52,7.72,0.13,Hetero Unit III Hyderabad IN,True,3772.0,3567.08,226.31
10305,86802,111-MZ-T30,FPQ-15195,SO-50130,DN-4235,Mozambique,PMO - US,From RDC,N/A - From RDC,Truck,2014-10-17,2014-11-29,2015-05-29,2015-06-09,2015-06-15,ARV,Adult,SCMS from RDC,"Lamivudine/Nevirapine/Zidovudine 150/200/300mg, tablets, 60 Tabs",Lamivudine/Nevirapine/Zidovudine,Generic,150/300/200mg,Tablet - FDC,60,300000,2316000.0,7.72,0.13,Hetero Unit III Hyderabad IN,True,39688.0,28277.42,2725.93
10306,86803,111-MZ-T30,FPQ-14843,SO-49721,DN-4236,Mozambique,PMO - US,From RDC,N/A - From RDC,Truck,2014-08-21,2014-11-29,2015-05-29,2015-06-15,2015-06-15,ARV,Adult,SCMS from RDC,"Lamivudine/Tenofovir Disoproxil Fumarate 300/300mg, tablets, 30 Tabs",Lamivudine/Tenofovir Disoproxil Fumarate,Generic,300/300mg,Tablet - FDC,30,16006,73467.54,4.59,0.15,"Hetero, Jadcherla, unit 5, IN",True,1504.0,1653.9,75.52
10307,86805,103-ZW-T30,FPQ-15197,SO-50010,DN-4243,Zimbabwe,PMO - US,From RDC,N/A - From RDC,Truck,2014-10-16,2014-10-30,2015-04-30,2015-04-30,2015-04-30,ARV,Pediatric,SCMS from RDC,"Lamivudine/Nevirapine/Zidovudine 30/50/60mg, dispersible tablets, 60 Tabs",Lamivudine/Nevirapine/Zidovudine,Generic,30/50/60mg,Chewable/dispersible tablet - FDC,60,46752,168307.2,3.6,0.06,"Cipla, Goa, India",False,668.5,6721.705,198.1
10308,86806,110-ZM-T30,FPQ-14784,SO-49601,DN-4250,Zambia,PMO - US,From RDC,N/A - From RDC,Truck,2014-08-12,2014-11-29,2015-05-29,2015-05-15,2015-05-15,ARV,Pediatric,SCMS from RDC,"Efavirenz 200mg, scored tablets, 90 Tabs",Efavirenz,Generic,200mg,Tablet,90,15000,82500.0,5.5,0.06,"Strides, Bangalore, India.",False,1442.0,6476.695,84.81
10309,86807,110-ZM-T30,FPQ-14784,SO-49601,DN-4250,Zambia,PMO - US,From RDC,N/A - From RDC,Truck,2014-08-12,2014-11-29,2015-05-29,2015-05-15,2015-05-15,ARV,Adult,SCMS from RDC,"Lamivudine/Stavudine 150/30mg, tablets, 60 Tabs",Lamivudine/Stavudine,Generic,150/30mg,Tablet - FDC,60,2016,5019.84,2.49,0.04,Hetero Unit III Hyderabad IN,False,122.0,6476.695,5.16
10310,86808,114-UG-T30,FPQ-15294,SO-50070,DN-4259,Uganda,PMO - US,From RDC,N/A - From RDC,Truck,2014-11-03,2014-12-30,2015-06-30,2015-06-04,2015-06-15,ARV,Pediatric,SCMS from RDC,"Lamivudine/Nevirapine/Zidovudine 30/50/60mg, dispersible tablets, 60 Tabs",Lamivudine/Nevirapine/Zidovudine,Generic,30/50/60mg,Chewable/dispersible tablet - FDC,60,18000,64800.0,3.6,0.06,Mylan (formerly Matrix) Nashik,True,2253.0,3785.72,76.27
10311,86809,114-UG-T30,FPQ-15294,SO-50070,DN-4259,Uganda,PMO - US,From RDC,N/A - From RDC,Truck,2014-11-03,2014-12-30,2015-06-30,2015-06-04,2015-06-15,ARV,Pediatric,SCMS from RDC,"Lamivudine/Nevirapine/Zidovudine 30/50/60mg, dispersible tablets, 60 Tabs",Lamivudine/Nevirapine/Zidovudine,Generic,30/50/60mg,Chewable/dispersible tablet - FDC,60,29287,105433.2,3.6,0.06,"Strides, Bangalore, India.",False,668.5,5458.45,124.09
10312,86810,114-UG-T30,FPQ-15294,SO-50054,DN-4265,Uganda,PMO - US,From RDC,N/A - From RDC,Truck,2014-11-03,2014-12-15,2015-06-15,2015-06-04,2015-06-15,ARV,Pediatric,SCMS from RDC,"Efavirenz 200mg, scored tablets, 90 Tabs",Efavirenz,Generic,200mg,Tablet,90,6312,34716.0,5.5,0.06,"Strides, Bangalore, India.",False,668.5,5458.45,40.86
10313,86812,104-CI-T30,FPQ-14370,SO-49090,DN-4177,Côte d'Ivoire,PMO - US,From RDC,N/A - From RDC,Truck,2014-05-23,2014-11-29,2015-05-29,2015-05-29,2015-06-18,ARV,Adult,SCMS from RDC,"Efavirenz 600mg, tablets, 30 Tabs",Efavirenz,Generic,600mg,Tablet,30,19996,62387.52,3.12,0.1,"Micro labs, Verna, Goa, India",False,1119.0,6757.815,64.13
10314,86813,151-NG-T30,FPQ-14989,SO-51422,DN-4274,Nigeria,PMO - US,From RDC,N/A - From RDC,Air Charter,2014-09-19,2014-12-30,2015-06-30,2015-05-15,2015-05-22,ARV,Pediatric,SCMS from RDC,"Lamivudine/Nevirapine/Zidovudine 30/50/60mg, dispersible tablets, 60 Tabs",Lamivudine/Nevirapine/Zidovudine,Generic,30/50/60mg,Chewable/dispersible tablet - FDC,60,10340,37224.0,3.6,0.06,Mylan (formerly Matrix) Nashik,False,668.5,12601.07,38.27
10315,86814,151-NG-T30,FPQ-14989,SO-51424,DN-4276,Nigeria,PMO - US,From RDC,N/A - From RDC,Air Charter,2014-09-19,2014-12-30,2015-06-30,2015-05-15,2015-05-22,ARV,Adult,SCMS from RDC,"Lopinavir/Ritonavir 200/50mg [Aluvia], tablets, 120 Tabs",Lopinavir/Ritonavir,Aluvia,200/50mg,Tablet,120,70000,1304800.0,18.64,0.16,ABBVIE Ludwigshafen Germany,True,15198.0,26180.0,1341.33
10316,86815,151-NG-T30,FPQ-16313,SO-51420,DN-4279,Nigeria,PMO - US,From RDC,N/A - From RDC,Air Charter,2015-05-04,2014-12-02,2015-06-02,2015-05-15,2015-05-22,ARV,Adult,SCMS from RDC,"Lamivudine/Zidovudine 150/300mg, tablets, 60 Tabs",Lamivudine/Zidovudine,Generic,150/300mg,Tablet - FDC,60,15000,97800.0,6.52,0.11,"Aurobindo Unit III, India",True,1547.0,3410.0,115.11
10317,86816,151-NG-T30,FPQ-16313,SO-51440,DN-4282,Nigeria,PMO - US,From RDC,N/A - From RDC,Air,2015-05-04,2014-12-30,2015-06-30,2015-06-22,2015-06-29,ARV,Adult,SCMS from RDC,"Efavirenz 600mg, tablets, 30 Tabs",Efavirenz,Generic,600mg,Tablet,30,6724,20978.88,3.12,0.1,"Strides, Bangalore, India.",False,668.5,10144.765,24.69
10318,86817,103-ZW-T30,FPQ-15197,SO-50020,DN-4307,Zimbabwe,PMO - US,From RDC,N/A - From RDC,Truck,2014-10-16,2015-01-31,2015-07-31,2015-07-15,2015-07-20,ARV,Pediatric,SCMS from RDC,"Lamivudine/Nevirapine/Zidovudine 30/50/60mg, dispersible tablets, 60 Tabs",Lamivudine/Nevirapine/Zidovudine,Generic,30/50/60mg,Chewable/dispersible tablet - FDC,60,205243,738874.8,3.6,0.06,"Cipla, Goa, India",False,668.5,6721.705,869.66
10319,86818,103-ZW-T30,FPQ-15197,SO-50020,DN-4307,Zimbabwe,PMO - US,From RDC,N/A - From RDC,Truck,2014-10-16,2015-01-31,2015-07-31,2015-07-15,2015-07-20,ARV,Pediatric,SCMS from RDC,"Lamivudine/Nevirapine/Zidovudine 30/50/60mg, dispersible tablets, 60 Tabs",Lamivudine/Nevirapine/Zidovudine,Generic,30/50/60mg,Chewable/dispersible tablet - FDC,60,166571,599655.6,3.6,0.06,"Mylan,  H-12 & H-13, India",False,668.5,6721.705,705.79
10320,86819,104-CI-T30,FPQ-15259,SO-50102,DN-4313,Côte d'Ivoire,PMO - US,From RDC,N/A - From RDC,Truck,2014-10-24,2015-01-31,2015-07-31,2015-08-06,2015-08-07,ARV,Adult,SCMS from RDC,"Lamivudine/Zidovudine 150/300mg, tablets, 60 Tabs",Lamivudine/Zidovudine,Generic,150/300mg,Tablet - FDC,60,21072,137389.44,6.52,0.11,Hetero Unit III Hyderabad IN,False,668.5,6757.815,161.71
10321,86821,110-ZM-T30,FPQ-14784,SO-49600,DN-4316,Zambia,PMO - US,From RDC,N/A - From RDC,Truck,2014-08-12,2015-02-28,2015-08-31,2015-08-25,2015-09-03,ARV,Adult,SCMS from RDC,"Efavirenz/Lamivudine/Tenofovir Disoproxil Fumarate 600/300/300mg, tablets, 30 Tabs",Efavirenz/Lamivudine/Tenofovir Disoproxil Fumarate,Generic,600/300/300mg,Tablet - FDC,30,514526,5140114.74,9.99,0.33,Cipla Ltd A-42 MIDC Mahar. IN,False,668.5,0.0,5284.04
10322,86822,200-ZW-T30,FPQ-16523,SO-51680,DN-4334,Zimbabwe,PMO - US,From RDC,N/A - From RDC,Truck,2015-07-01,2015-03-09,2015-09-09,2015-08-04,2015-08-11,ARV,Adult,SCMS from RDC,"Lamivudine/Zidovudine 150/300mg, tablets, 60 Tabs",Lamivudine/Zidovudine,Generic,150/300mg,Tablet - FDC,60,17465,113871.8,6.52,0.11,Mylan (formerly Matrix) Nashik,True,1392.0,0.0,134.03
10323,86823,103-ZW-T30,FPQ-15197,SO-50022,DN-4336,Zimbabwe,PMO - US,From RDC,N/A - From RDC,Truck,2014-10-16,2015-02-28,2015-08-31,2015-08-04,2015-08-11,ARV,Pediatric,SCMS from RDC,"Lamivudine/Zidovudine 30/60mg, dispersible tablets, 60 Tabs",Lamivudine/Zidovudine,Generic,30/60mg,Chewable/dispersible tablet - FDC,60,36639,72911.61,1.99,0.03,"Cipla, Goa, India",False,668.5,0.0,85.82
